4044 6104
877 445 1083 513 EUSEBIUS
1687 455 1751 522 385

158 662 163 671 ι
207 582 262 644 και
277 577 436 645 τόνΔαυιδ
456 577 651 664 ἀνεξίκακον,
664 580 832 669 ἀπόνηρσν,
850 586 957 670 φιλόιν-
1002 590 1106 654 iuisse
1134 609 1175 655 ex
1203 598 1297 673 parte
1324 593 1503 677 praeditos3
1529 597 1687 663 similiter
1713 604 1748 664 et

206 683 335 768 θρωπόν
367 705 402 748 τε
429 687 483 750 καί
510 691 741 771 συγνωμονιιιόν
771 689 954 774 γεγονέναι.
990 696 1746 783 ΙΙιιιιιιιιιιιιιειιιιιιιιειιιῦιιιιιιιιιιιιιιοινειιι,ιιιο-

206 789 260 853 Διό
275 809 370 873 φησι·
386 801 516 854 τοιαῦτα
532 791 582 855 ἐπὶ
597 802 654 856 σοῦ
670 803 725 857 τοῦ
740 793 817 878 ἐμοῦ
838 793 957 880 Κυρίου
1001 800 1083 863 litiae
1098 807 1280 883 expertem,
1297 803 1508 868 humanitate
1531 807 1695 869 eximium
1711 812 1746 870 et
1782 799 1787 814 '

207 894 242 958 ἐν
267 896 348 981 εὐχῇ
368 895 661 982 κατεθρασυνάμην.
684 895 824 982 Ὁπόσης
848 900 883 964 δὲ
904 923 958 966 πε-
1001 904 1189 968 elementie.
1207 906 1284 970 Ideo
1299 907 1395 971 dixit:
1408 910 1504 972 Talia
1515 909 1607 974 haud
1617 912 1747 975 veritus

207 997 356 1083 πλήρωτο
372 1009 474 1065 ταῦτα
488 1000 665 1086 παρρησίας
684 1002 735 1067 ἐπὶ
753 1003 882 1090 καθαρῷ
905 1028 957 1070 συ-
1000 1025 1077 1071 sum
1100 1009 1173 1088 tibi,
1189 1027 1264 1072 meo
1286 1012 1439 1091 Domino,
1455 1013 1611 1093 precibus
1627 1031 1744 1096 propo

206 1100 318 1167 νειδότι
340 1105 395 1167 καὶ
416 1103 602 1189 πεποιθήσει
624 1113 679 1170 τοῦ
702 1107 955 1194 κατορθώματος,
1001 1128 1091 1175 nere.
1100 1113 1195 1176 Talia
1207 1131 1287 1177 vero
1299 1115 1402 1178 verba
1411 1119 1539 1198 quauta
1551 1119 1747 1198 repleantur

206 1207 279 1270 οὐδὲ
294 1208 378 1273 ἔστιν
401 1208 508 1273 εἰπεῖν.
525 1205 688 1293 Εὐκαίρως
710 1207 813 1275 τοίνυν
835 1206 955 1295 προτει-
999 1213 1125 1278 fiducie
1150 1216 1193 1279 ob
1211 1219 1452 1282 conscientiam
1475 1237 1596 1300 puram
1613 1223 1647 1283 et
1671 1238 1745 1301 per·

205 1331 252 1375 νει
266 1318 310 1395 τῷ
326 1310 397 1396 Θεῷ
419 1309 472 1376 διὰ
487 1321 544 1397 της
559 1323 739 1400 προσευχῆς
762 1317 821 1400 την
840 1315 955 1382 ἑαυτοῦ
999 1321 1191 1383 suasionem
1218 1323 1453 1404 rectitudinis,
1480 1340 1548 1386 non
1575 1328 1627 1387 est
1651 1325 1746 1389 dictu

205 1409 459 1499 ἀμνησικακίαν·
474 1415 515 1501 ἣν
530 1417 666 1483 πάντοτε
681 1423 758 1503 πρὸς
770 1421 843 1498 τοὺς
856 1441 953 1506 προη-
999 1421 1107 1486 facile.
1122 1426 1255 1488 Interea
1267 1425 1359 1488 haud
1375 1427 1598 1508 inopportune
1610 1429 1680 1492 Deo
1692 1431 1748 1494 ob-

204 1518 375 1605 διιιηκότας
405 1519 615 1604 ἐπεδέδεικτο,
643 1521 684 1600 ώς
711 1523 750 1589 όν
778 1527 833 1589 καὶ
859 1528 954 1605 αὐτὸς
998 1526 1108 1591 tendit
1122 1529 1157 1590 iu
1174 1528 1237 1591 hac
1253 1531 1403 1594 oratione
1424 1549 1522 1594 suum
1539 1531 1744 1612 injuriarum

204 1636 217 1720 [
219 1671 317 1689 ......
330 1623 559 1711 ίξαι]τούμενσς
587 1635 649 1690 τών
667 1627 742 1694 ίσων
761 1629 850 1716 τώχιι
865 1634 953 1716 παρόι
998 1632 1212 1712 oblivionem,
1237 1649 1340 1712 quam
1354 1652 1487 1715 semper
1506 1652 1590 1714 erga
1606 1653 1661 1700 eos
1685 1640 1744 1718 qni

204 1726 297 1794 Θεοῦ.
325 1726 395 1795 Ota
417 1729 524 1814 ἠγνόει
544 1724 607 1815 γὰρ
627 1739 671 1815 τῷ
693 1728 771 1817 θείῳ
794 1733 953 1820 Πνεώματι
998 1737 1088 1798 mele
1103 1737 1137 1798 in
1153 1753 1189 1800 se
1204 1738 1424 1801 cumularunt
1438 1738 1655 1819 exhibuit,ut
1671 1742 1742 1822 ipse

203 1831 435 1919 πεφωτισμένος
456 1835 514 1919 την
531 1832 708 1919 μέλλουσαν
730 1845 785 1900 τοῦ
809 1846 950 1923 σωτηρος
996 1839 1163 1920 precando
1178 1840 1294 1903 eadem
1311 1858 1331 1902 a
1347 1841 1415 1904 Deo
1431 1849 1666 1924 consequatur.
1690 1847 1747 1910 Di·

203 1936 405 2024 ἐπαγγελίαν,
428 1935 504 2022 την·
522 1937 601 2004 Ἐὰν
624 1939 725 2024 ἀρητε
747 1948 812 2019 τοῖς
835 1940 952 2027 ἀνθρώ
997 1943 1179 2006 vinoenim
1195 1945 1324 2025 Spiritu
1343 1946 1544 2028 illustratus,
1560 1965 1628 2012 non
1648 1951 1745 2029 igno-

203 2062 273 2120 ποις
294 2044 336 2108 τὰ
357 2040 600 2128 παραπτώματα
621 2044 733 2127 αὐτῶν,
758 2043 874 2129 ἀφήσει
896 2049 951 2112 καὶ
996 2048 1085 2109 revit
1107 2047 1270 2110 orituram
1282 2049 1460 2114 salvatoris
1486 2052 1744 2132 promissionem

203 2147 274 2231 ὑμῖν
285 2145 302 2211 ό
314 2145 427 2231 Πατὴρ
443 2145 528 2231 ὑμῶν
540 2147 557 2209 ό
569 2146 711 2231 οὐράνιος
727 2149 767 2212 τὰ
782 2150 951 2233 παραπτώ-
995 2150 1099 2214 hanc:
1119 2172 1135 2210 ι
1151 2151 1187 2213 Si
1198 2153 1398 2216 remiseritis
1415 2153 1609 2219 hominibus
1621 2156 1745 2220 delicta

203 2271 288 2335 ματα
304 2250 398 2336 ὑμῶν.
417 2245 463 2316 Ἃ
479 2251 518 2336 δὴ
531 2250 703 2335 πληρώσας
716 2253 821 2331 αὐτοῖς
836 2255 948 2339 ἔργοις,
993 2271 1121 2334 eorum,
1136 2253 1231 2317 vobis
1244 2271 1378 2335 quoque
1394 2257 1493 2318 Pater
1508 2261 1619 2320 vester
1630 2259 1690 2338 qui
1702 2260 1738 2323 iu

202 2354 329 2432 εἰκότως
344 2353 521 2440 παρρησίαν
544 2356 633 2441 όίγει·
656 2357 710 2420 καί
725 2356 777 2422 διό
799 2377 834 2422 τε
856 2359 947 2443 αὐτὰ,
993 2360 1087 2422 coelis
1110 2363 1170 2439 est,
1191 2360 1341 2422 remittet
1355 2359 1478 2423 delicta
1493 2366 1641 2424 vestra.»
1659 2365 1742 2438 Quae

202 2461 257 2524 και
274 2461 352 2544 μετὰ
366 2461 425 2544 τὴν
441 2457 604 2544 ἀξιόλογον
627 2459 803 2544 μετάνοιαν,
820 2465 875 2527 και
890 2465 949 2549 την
992 2481 1071 2526 cum
1096 2463 1179 2544 ipsis
1202 2463 1360 2544 operibus
1386 2463 1494 2527 David
1520 2465 1739 2547 implevisset,

203 2563 244 2630 δι’
259 2565 359 2649 ἔργων
381 2561 607 2649 ἐξομολόγησιν
622 2563 772 2650 τυγχάνει
793 2574 851 2650 της
873 2565 949 2652 ἀφέ·
992 2566 1114 2629 merita
1127 2585 1207 2630 oum
1218 2566 1343 2632 fiducie
1358 2568 1443 2648 agit,
1459 2573 1494 2632 et
1505 2587 1545 2632 ee
1560 2576 1697 2653 propter
1707 2577 1742 2635 et

204 2689 301 2744 σεως·
316 2667 364 2731 διό
379 2668 407 2731 εἰ
423 2669 466 2753 μὴ
479 2666 671 2753 όιληθεύοιμι,
685 2669 789 2754 φησιν,
805 2670 876 2754 περι
889 2679 947 2756 της
991 2673 1067 2751 post
1081 2670 1222 2749 dignam
1234 2671 1466 2752 poeniteutiam
1482 2677 1516 2735 et
1527 2675 1739 2753 exomologe-

147 2837 150 2844 ,
202 2768 455 2858 κατορθωσείσης
470 2791 521 2857 μοι
543 2771 620 2855 πρὸς
642 2774 714 2849 τοὺς
736 2773 948 2860 προηδικηκό-
991 2774 1045 2836 sin
1061 2774 1219 2855 operibus
1235 2773 1494 2854 manifestatam,
1517 2778 1652 2840 veniam
1668 2778 1738 2841 edi-

195 2899 254 2956 τας
284 2897 323 2963 με
345 2873 586 2962 ἀμνησικακίκς,
613 2875 689 2964 τάδε
711 2878 766 2941 καὶ
788 2877 863 2942 τάδε
886 2878 946 2943 πόι-
991 2878 1143 2958 piseitur.
1160 2877 1238 2942 Ideo
1252 2878 1481 2942 ait:Nisinon
1497 2896 1578 2944 vere
1592 2879 1737 2943 dixerim

195 2981 294 3067 θοιμι,
310 2979 384 3045 ώσει
407 2978 602 3065 σαφέστερον
617 2980 747 3066 ἔλεγεν·
763 2983 806 3068 μη
824 2980 945 3048 έλευθε-
991 2982 1032 3046 de
1048 2981 1235 3045 rectissime
1248 2980 1338 3045 iacto
1352 2980 1557 3062 injuriarum
1568 2984 1738 3047 oblivione

196 3083 310 3171 ρωθείη
332 3082 459 3170 ηψυχή
479 3103 538 3169 μου
552 3093 610 3169 της
629 3083 784 3171 ἁμαρτίας
806 3089 867 3178 πρό
890 3097 946 3151 τοῦ
991 3102 1076 3164 ergo
1088 3103 1144 3149 eos
1157 3087 1216 3167 qui
1229 3102 1283 3149 me
1295 3087 1395 3150 molis
1410 3085 1606 3169 effecerunt,
1618 3089 1690 3152 hmo
1702 3093 1736 3151 et

196 3189 349 3272 θανάτου,
368 3189 448 3274 μηδὲ
464 3187 654 3273 ἀπολόόοιμι
668 3191 726 3275 την
741 3189 878 3275 ἐμαυτοῦ
895 3192 945 3256 δό-
991 3189 1064 3253 haec
1086 3191 1205 3272 patiar,
1222 3195 1262 3253 ut
1276 3191 1373 3270 quusi
1388 3190 1517 3255 diceret
1531 3193 1643 3270 magis
1663 3210 1737 3274 per-

197 3293 254 3372 ξαν
268 3294 328 3377 πρό
339 3301 396 3378 της
411 3303 467 3357 τοῦ
484 3290 552 3378 βίου
565 3293 731 3379 τελευτης·
748 3293 832 3358 ἀλλόι
846 3314 944 3358 κατα·
991 3295 1127 3375 spicue:
1147 3295 1267 3358 Libere
1282 3311 1351 3358 non
1365 3293 1426 3358 fiat
1439 3298 1554 3360 auimo
1568 3315 1645 3361 mea
1661 3315 1737 3379 pec·

198 3397 351 3484 ληρθείην
378 3397 411 3462 ἐν
438 3399 549 3475 αὐταῖς
576 3418 635 3483 μου
665 3407 733 3475 ταις
759 3396 944 3483 ἁμαρτίαις,
991 3403 1066 3461 cato
1078 3402 1157 3460 ante
1165 3403 1317 3478 mortem,
1327 3415 1437 3479 neque
1448 3399 1734 3481 adipisccrmecm

197 3502 278 3568 ώστε
293 3505 351 3588 τὴν
367 3501 453 3587 ζωήν
469 3522 528 3588 μου
552 3503 606 3566 και
624 3503 682 3586 την
705 3500 797 3580 δόξαν
813 3523 872 3587 μου
887 3504 946 3587 την
991 3503 1136 3580 gloriam
1152 3505 1234 3566 ante
1248 3501 1327 3564 vitae
1346 3503 1546 3565 terminum:
1564 3504 1623 3568 sed
1646 3521 1734 3568 oum·

199 3607 479 3692 καταπατηθεῖσαν
502 3605 562 3670 ὑπὸ
578 3613 639 3670 τών
658 3604 780 3690 έχθρών
795 3607 879 3670 κατὰ
893 3609 946 3672 τόν
990 3603 1179 3685 prehendar
1193 3605 1229 3667 ιιι
1246 3605 1328 3686 ipsis
1345 3605 1429 3667 meis
1454 3607 1611 3687 peccatis,
1629 3609 1677 3670 ita
1691 3613 1731 3671 ut

196 3712 306 3795 καιρὸν
328 3719 384 3796 τῆς
406 3707 561 3796 ἁμαρτίας
585 3729 643 3795 μου
666 3708 858 3793 παραμεῖναί
881 3730 944 3796 μοι,
990 3709 1062 3772 vita
1081 3725 1158 3770 mea
1174 3712 1208 3772 et
1221 3709 1333 3787 gloria
1350 3725 1426 3772 mea
1438 3726 1513 3789 quae
1530 3711 1572 3774 ab
1587 3712 1735 3776 inimicis

198 3813 291 3901 μέχρι
305 3825 361 3880 τοῦ
384 3813 582 3898 ἀποστρέψαι
596 3835 635 3900 με
650 3813 694 3890 εις
714 3816 771 3898 τὴν
793 3822 855 3899 γην
875 3837 944 3901 μου,
990 3815 1188 3878 conculcate
1211 3818 1262 3877 est
1284 3813 1321 3876 in
1343 3817 1493 3893 tempore
1516 3818 1644 3895 peccati
1668 3818 1736 3881 mei

197 3920 252 3983 καί
268 3917 359 4004 μέχρι
375 3928 430 3982 τοῦ
445 3916 623 4003 καταὸηναί
639 3939 676 4004 με
692 3919 736 3994 είς
751 3929 829 4003 χοῦν
843 3918 944 3984 θανά·
991 3915 1177 3996 differetur,
1194 3915 1299 3980 donec
1315 3932 1379 3994 ego
1392 3921 1543 3979 revertor
1558 3918 1592 3980 in
1610 3921 1740 3983 terram

197 4043 263 4089 του·
277 4023 304 4087 εί
319 4023 354 4087 δὲ
370 4019 493 4106 ἀληθής
508 4040 561 4106 μοι
576 4021 756 4107 τυγχάνειό
771 4022 874 4108 λόγος,
891 4025 945 4088 και
990 4039 1111 4102 meam,
1128 4025 1162 4085 et
1177 4022 1282 4085 donec
1301 4037 1366 4100 ego
1382 4020 1581 4084 descendam
1598 4023 1633 4086 in
1652 4040 1740 4087 mor·

200 4127 319 4214 γέγονα
334 4128 410 4211 πρὸς
433 4128 506 4202 τοὺς
530 4126 783 4211 προηδικηιιότας
800 4147 838 4211 με
853 4126 944 4212 ἐλεη-
990 4127 1034 4190 tis
1071 4128 1257 4208 pulverem.
1293 4127 1352 4190 Sin
1387 4129 1501 4188 autem
1531 4144 1632 4192 verus
1660 4144 1739 4192 eva·

165 4243 168 4253 ’
203 4251 268 4316 μων
290 4233 345 4295 καὶ
367 4227 553 4308 ἀνεξίκακος
575 4230 629 4294 καί
651 4229 867 4316 φιλάνθρωπος
889 4235 944 4298 καί
989 4232 1040 4295 dit
1065 4249 1175 4296 sermo
1206 4249 1313 4312 meus,
1339 4233 1370 4296 si
1388 4232 1439 4297 fui
1467 4250 1552 4313 erga
1577 4233 1739 4314 injuriam

198 4337 445 4421 συγχωρητικός,
468 4333 580 4421 δέομαί
591 4357 647 4400 σου
669 4345 776 4421 τυχεῖν
803 4346 943 4422 σωτῆρος
989 4335 1075 4398 mihi
1097 4335 1258 4399 iacientes
1281 4335 1473 4404 misericors
1496 4342 1530 4401 et
1551 4338 1684 4418 patiens
1703 4341 1739 4401 et

197 4440 252 4504 και
282 4438 439 4523 λυτρωτοῦ
466 4438 504 4502 ἐκ
530 4438 654 4504 πάντων
683 4448 744 4503 των
770 4437 943 4504 διωκόντων
989 4439 1159 4504 humanus
1175 4445 1209 4503 et
1223 4441 1381 4521 clemens,
1397 4442 1531 4522 postulo
1546 4440 1737 4506 iruieosel-

198 4567 247 4631 με.
271 4543 360 4611 Ἀλλ’
376 4545 403 4608 εί
417 4546 472 4608 και
491 4543 575 4622 ἅπαξ
598 4545 675 4607 ποτέ
691 4545 796 4628 ὥσπερ
812 4545 846 4609 έν
861 4546 942 4628 νόσῳ
989 4550 1114 4625 vatore,
1130 4545 1190 4626 qui
1206 4561 1259 4608 me
1276 4543 1420 4608 redimat
1440 4563 1482 4609 ex
1497 4545 1654 4609 omnibus
1681 4563 1736 4609 me

197 4648 409 4733 διωλίσθησα,
441 4649 495 4712 και
528 4645 766 4712 καταπέπτωκα
791 4650 835 4725 εἰς
864 4659 942 4733 χοῦν
981 4648 1279 4732 persequentibus.
1296 4647 1390 4722 Quod
1405 4649 1434 4712 si
1447 4650 1501 4711 vel
1517 4650 1622 4712 semel
1637 4648 1734 4730 forte,

197 4763 254 4839 της
269 4751 419 4837 σαρκίνης
436 4771 495 4836 μου
506 4753 561 4815 και
577 4750 764 4835 φθοροποισῦ
776 4750 939 4836 ἁμαρτίας,
987 4753 1077 4816 sicut
1091 4753 1126 4815 in
1143 4751 1268 4831 morb0,
1292 4751 1397 4814 defeci
1413 4755 1447 4814 et
1473 4751 1579 4815 cecidi
1596 4755 1631 4816 ιιι
1659 4755 1734 4835 pul-

198 4858 282 4923 όιλλὰ
305 4858 348 4943 μη
371 4863 619 4939 κατασκηνώσαι
640 4857 694 4918 καὶ
710 4855 875 4941 ἀπσμεῑναι
898 4867 942 4942 τῷ
986 4875 1100 4921 verem
1115 4856 1261 4918 carnalis
1287 4860 1322 4918 et
1346 4857 1575 4937 corruptibilis
1602 4861 1731 4939 peccati

197 4961 341 5048 πτώματι
362 4961 447 5043 diro,
479 4957 647 5024 ἀναλαόεῐν
674 4959 708 5023 δὲ
735 4959 859 5044 [ζωὴν]
887 4963 942 5026 καί
986 4962 1064 5040 mei,
1083 4976 1202 5022 verum
1216 4960 1413 5040 neutiquam
1438 4960 1540 5023 velim
1554 4960 1600 5025 ibi
1624 4961 1731 5042 figere

197 5064 446 5150 ἀνακτήσασθαι,
463 5064 543 5130 ώστε
557 5064 601 5141 είς
620 5065 677 5149 την
700 5063 854 5148 προτέραν
871 5064 941 5130 ἑαυ-
985 5064 1252 5142 tabernaculum,
1268 5068 1329 5126 aut
1350 5081 1546 5144 permonere
1566 5067 1600 5130 in
1622 5067 1730 5150 lapsu,

198 5181 255 5258 της
283 5170 488 5252 κατάστασιν,
518 5172 576 5255 τὴν
606 5170 693 5252 παρὰ
715 5169 764 5232 σοι
795 5169 838 5254 τῷ
869 5169 940 5254 Θεῷ
986 5169 1044 5233 sed
1059 5165 1190 5251 [vitam]
1212 5185 1381 5231 resumere
1400 5173 1434 5231 et
1455 5169 1577 5234 iterum
1600 5187 1734 5253 eompa-

276 5293 427 5336 ιιιιιιοιι
446 5292 488 5352 ιιι,
510 5277 548 5330 θῦ
