4008 6094
288 388 329 447 66
536 332 539 348 ¹
952 375 1162 440 ORlGENES

286 515 356 601 γίου
368 515 552 602 Πνειίματος
564 511 776 599 προρρήσεως,
789 509 897 595 ίαανδίί
906 510 968 594 γὰρ
977 510 1037 573 θίαν
1081 525 1167 586 ritus
1190 521 1398 586 admirabilis
1422 525 1473 583 est
1494 520 1674 600 accuratio,
1700 522 1823 602 qnippe

287 622 375 686 αὐτοί
396 619 544 685 Ἰουδαῖοι
571 619 655 683 κατὰ
677 621 731 682 τὸν
757 627 813 680 τοῦ
835 614 954 691 πάθους
980 623 1036 677 τοῦ
1080 645 1157 690 cum
1175 642 1242 688 non
1260 624 1325 704 ipsi
1345 623 1467 702 Judaei,
1483 621 1618 704 quando
1640 641 1758 703 passus
1775 631 1826 687 est

287 723 436 808 Σωτῆρος
450 727 560 806 ”illibi
576 721 709 788 θάνατον
730 721 814 804 αὐτῷ
837 716 1036 803 ῑίίίίῦανῖθν
1081 731 1244 808 Salvator,
1269 732 1409 790 mortem
1427 729 1459 790 ei
1481 728 1668 807 intulerint,
1684 728 1742 790 scd
1758 747 1826 792 ma-

287 827 431 914 ρυμαίτιῇ
447 827 482 892 δὲ
494 826 576 912 χειρί
587 835 678 890 ταῦτα
691 823 877 907 ἑαράατετα·
894 818 1037 897 δινάζον-
1081 851 1128 896 nu
1137 836 1363 897 Romanorum
1372 831 1405 893 id
1413 833 1563 910 egerint:
1574 832 1681 894 Pilato
1689 833 1823 913 quidem

287 953 340 1009 τας
357 933 413 1017 μὲν
429 930 578 1010 Πιλάτου,
594 929 649 993 καί
666 925 876 992 διαλαθόντων
889 943 1037 1008 ατοαταν
1076 933 1262 1015 iudicante,
1286 933 1425 1015 ejusque
1446 935 1612 998 militibus
1630 933 1826 1020 [christum]

287 1043 349 1100 τῶν
379 1037 434 1098 καί
467 1032 652 1117 &mimi
679 1032 783 1110 αὐτὸν,
812 1026 972 1093 Ἰουδαίων
1001 1025 1037 1090 δὲ
1080 1038 1442 1120 comprehendentibus
1454 1044 1488 1101 et
1500 1038 1754 1120 abducentibus
1767 1042 1788 1104 J
1791 1060 1826 1104 u-

288 1137 363 1223 μηδ’
379 1137 482 1203 ὁτῑῡῡν
512 1136 630 1201 τούτων
659 1131 888 1216 πεπνίηκίίίννι
908 1128 1037 1205 ίίκίίίνί
1081 1143 1163 1206 decis
1179 1147 1294 1206 autem
1310 1143 1360 1206 nil
1379 1142 1500 1206 horum
1523 1143 1735 1224 facientibus,
1758 1163 1826 1209 me-

287 1243 346 1307 οὐνι
377 1244 454 1308 αὐτὸ
486 1245 522 1306 τὸ
546 1242 638 1326 ἔργον
667 1248 723 1304 τοῦ
750 1236 887 1302 θανάτου
916 1233 1037 1310 τούτοις
1082 1247 1146 1309 rito
1173 1263 1241 1310 non
1268 1246 1451 1327 ipsummet
1473 1248 1591 1310 mortis
1614 1247 1746 1312 facinus
1773 1251 1822 1313 eis

288 1346 481 1432 ἀνατίθησιν,
504 1345 589 1444 ἀλλὰ
603 1345 662 1429 τὴν
685 1340 796 1422 αἰτίαν,
819 1349 877 1424 τῆς
898 1347 960 1403 τῶν
982 1336 1037 1422 ἄν·
1081 1349 1300 1428 ascribit,sed
1312 1347 1385 1428 ejus
1400 1367 1547 1429 causam,
1564 1351 1644 1414 dum
1657 1356 1691 1415 et
1701 1354 1825 1433 princi·

287 1450 419 1537 κιτρίων
449 1457 605 1534 συσκευῆς
634 1448 688 1512 καί
717 1455 775 1532 τῆς
797 1453 859 1512 τῶν
881 1441 1037 1526 αυααφάν·
1081 1471 1163 1534 puin
1189 1452 1400 1516 sacerdotum
1424 1453 1655 1518 fraudulentas
1682 1458 1825 1520 molitio-

285 1576 347 1620 των
360 1551 628 1641 ψευδομαρτυρίας
642 1549 855 1637 proportior,
863 1557 920 1632 τίς
932 1567 966 1611 τε
975 1567 1037 1630 φαν-
1081 1573 1153 1634 nes,
1172 1561 1206 1619 et
1220 1557 1449 1620 maledicorum
1465 1557 1551 1621 falsa
1565 1561 1769 1640 testimonia,
1793 1566 1827 1625 et

287 1667 343 1745 νῆς
358 1669 414 1724 τοῦ
431 1657 570 1743 πλήθους
593 1655 819 1741 ἐπιίοήσαντος
842 1651 915 1716 κατ’
930 1653 1036 1715 αὐτοῦ.
1081 1659 1197 1740 populi
1208 1664 1325 1722 contra
1337 1660 1448 1740 ipsum
1461 1663 1700 1728 succ-lamentis
1711 1681 1828 1728 vocem

287 1764 340 1830 Διό
358 1784 471 1850 φησιν·
488 1760 643 1849 ἁμαρτίαν
659 1760 816 1845 στὸματος
827 1759 941 1837 abibit,
964 1753 1038 1819 ὡσεί
1082 1768 1335 1828 commemorat:
1352 1769 1556 1845 quapropter
1567 1766 1662 1829 dicit:
1678 1767 1828 1832 delictum

286 1868 377 1954 ἔλεγε
401 1865 614 1953 σαφέστερον·
637 1864 677 1929 δι’
699 1860 857 1950 ἁμαρτίαν
881 1859 1038 1945 ανίμαννς
1082 1869 1150 1932 oris
1172 1885 1290 1946 eorosii,
1317 1869 1408 1931 acsi
1431 1869 1572 1932 dixisset
1598 1871 1826 1935 manifestius:

286 1973 390 2038 αὐτῶν
414 1975 469 2037 καί
491 1973 543 2037 ort
573 1967 667 2054 λόγον
695 1967 827 2052 χειλέων
844 1967 956 2046 αὐτῶν,
983 1963 1039 2026 καί
1082 1974 1220 2053 Propter
1241 1971 1392 2036 delictum
1414 1973 1611 2036 priscorum
1633 1978 1665 2037 ec
1690 1980 1825 2056 propter

287 2073 562 2159 συλληφθήεωσαν
578 2075 611 2139 ἐν
628 2082 667 2157 τῇ
691 2067 891 2156 ὑπερηφανία
913 2068 1037 2132 αὐτῶν·
1082 2093 1258 2143 ,reremaneret
1280 2075 1438 2139 labiorum
1465 2077 1609 2156 ipsomet
1635 2078 1828 2157 eompretere

286 2180 410 2265 ῆιιοιτίι
432 2177 616 2262 Σύμμαχον,
639 2176 720 2261 μετὰ
741 2183 799 2258 τῆς
822 2169 1038 2254 ὑπερηφανίας
1082 2181 1202 2245 denter
1217 2182 1314 2243 etiem
1329 2180 1626 2262 interemtorum
1648 2184 1702 2245 vel
1726 2181 1824 2263 juxta

288 2284 400 2348 αὐτῶν.
416 2278 627 2365 Ὑπερήφανον
649 2280 711 2364 γὰρ
727 2278 824 2353 ὄντως
844 2277 898 2339 καί
922 2272 1038 2351 ἀλαζό·
1083 2283 1333 2365 Symmachum,
1364 2302 1435 2350 cum
1464 2284 1614 2364 Superbia
1644 2303 1714 2350 mla,
1742 2289 1825 2350 Cum

287 2405 346 2468 νες,
375 2385 435 2449 οὐκ
460 2385 573 2469 ἔφερον
602 2393 658 2446 τοῦ
688 2381 836 2465 Σωτῆρος
863 2379 953 2464 ἡμῶν
979 2379 1038 2462 τὴν
1083 2389 1173 2451 enim
1189 2389 1326 2469 superbi
1343 2395 1454 2453 essent
1474 2397 1508 2451 ct
1526 2388 1733 2469 jactabundi,
1758 2392 1826 2455 Sal-

285 2487 482 2574 παρρησίαν·
504 2488 551 2553 διὸ
573 2489 628 2551 καί
650 2487 760 2570 ἔλεγον
783 2485 883 2568 αὐτῷ·
911 2479 966 2558 Τίς
989 2501 1039 2545 σοι
1082 2494 1209 2556 vetoris
1236 2493 1343 2555 nostri
1365 2493 1556 2555 libertatem
1580 2495 1719 2556 minime
1741 2493 1823 2556 fere·

287 2596 387 2660 ἔδακε
413 2595 471 2678 τὴν
497 2591 639 2672 ἐξουσίαν
666 2589 806 2673 retiari
825 2590 879 2653 καί
906 2586 940 2651 ἐν
962 2582 1039 2669 ποία
1081 2596 1178 2660 bant:
1203 2614 1308 2677 quare
1325 2597 1427 2659 etiam
1443 2597 1615 2660 dicebant:
1635 2597 1744 2672 «Quis
1763 2598 1825 2660 tibi

289 2697 416 2782 ἐξουσία
430 2707 532 2762 ταῦτα
547 2703 661 2776 ποιεῖςς
1082 2699 1175 2763 dedit
1197 2701 1284 2762 hanc
1307 2701 1530 2781 potestatem?
1552 2702 1595 2764 Et
1617 2701 1651 2762 in
1676 2718 1743 2781 qua
1770 2716 1824 2781 po-

1083 2809 1205 2868 testate
1219 2804 1292 2867 haec
1308 2804 1413 2868 sacis?
1427 2826 1443 2863 »

334 2929 364 2972 v.
378 2911 428 2988 15,
445 2909 494 2972 16.
504 2903 763 2990 Ἐπιστρέψουσιν
772 2903 816 2980 εἰς
825 2900 971 2986 ἑσπέραν,
984 2903 1038 2965 καί
1130 2927 1161 2970 v.
1180 2911 1230 2987 15,
1250 2907 1778 2988 16.θοοτονίοιιίιινιιιίτοτρονοοι,
1798 2913 1829 2974 et

286 3011 470 3097 λιμώξουσιν
486 3011 528 3088 ὡς
543 3010 637 3092 κύων,
654 3011 709 3074 καί
723 3005 923 3072 κυκλώσουσι
938 3006 1037 3071 πόλιν.
1073 3011 1201 3094 semem
1210 3012 1392 3092 patienter,
1418 3015 1455 3075 ιιί
1477 3013 1577 3090 eoois,
1596 3016 1628 3077 et
1648 3012 1831 3077 circumeat

288 3117 389 3182 Αὐτοὶ
411 3114 730 3200 διασκορπιθήσονται
756 3123 812 3176 τοῦ
839 3121 968 3198 φαγεῖν·
983 3110 1039 3174 ἐίιν
1082 3116 1254 3180 cicimiano.
1267 3117 1340 3196 Ipsi
1350 3115 1828 3197 disperpeatreredeumdeeee·

290 3219 324 3281 δὲ
342 3219 384 3304 μὴ
401 3218 626 3305 χορτασθιῐνσιν,
642 3219 696 3281 καί
710 3216 927 3302 γογγύσουσιν.
1081 3219 1168 3283 dom:
1184 3220 1217 3285 εἰ
1230 3236 1302 3282 cero
1314 3217 1517 3300 consuerint
1529 3221 1682 3299 setreeete‘,
1698 3226 1728 3286 et
1738 3238 1824 3284 ινιιν-

1083 3323 1265 3388 morotum.

333 3433 419 3517 Ἤδη
437 3433 493 3519 μὲν
516 3443 617 3498 ταῦτα
639 3428 849 3516 προλαδίντες
869 3427 1038 3514 εἰρήκαμεν
1127 3431 1205 3491 ίιιιιι
1221 3446 1325 3509 supra
1342 3428 1477 3510 quidem
1494 3431 1530 3492 in
1553 3431 1735 3510 praemissis
1757 3430 1828 3493 heac

287 3536 360 3603 καθ’
371 3539 427 3603 ἕνα
438 3537 564 3622 τρόπον·
576 3535 836 3619 δευτερεύοαντος
850 3532 885 3597 δὲ
896 3543 952 3597 τοῦ
963 3552 1038 3617 ττρο-
1084 3533 1303 3614 exposuimus
1327 3531 1428 3611 juxta
1455 3533 1592 3596 modum
1620 3552 1737 3597 unum.
1765 3535 1828 3598 Sed

288 3640 514 3726 epitomatice
534 3640 575 3718 ὡς
594 3649 662 3717 ταῖς
680 3640 790 3715 αὐταῖς
809 3637 929 3716 λέξεσιν
945 3637 1039 3720 ἕτεροι
1082 3655 1160 3700 eum
1176 3635 1340 3716 propheta
1356 3636 1419 3699 boc
1434 3635 1544 3698 denno
1561 3643 1699 3718 repetat,
1720 3640 1826 3700 mani-

288 3743 382 3810 πάλιν
405 3748 441 3811 τὸ
458 3743 588 3829 Πνεῦμα
610 3742 775 3828 ἐμήνυσεν.
795 3739 1038 3824 Ἐπιστρὲψουσι
1084 3741 1207 3804 testum
1239 3739 1278 3802 fit
1303 3739 1422 3802 iisdem
1445 3738 1557 3802 verbis
1582 3742 1735 3821 quaedam
1758 3743 1827 3804 alia

286 3849 390 3914 τοίνυν
405 3849 449 3926 είς
465 3846 601 3932 ἑσπέραν
621 3847 650 3911 οἱ
672 3856 733 3911 τῶν
746 3844 905 3910 Ἰουδαίων
917 3843 1038 3924 παῖδες,
1083 3847 1247 3927 Spiritum
1259 3849 1415 3908 sanctum
1430 3845 1630 3908 insinuasse.
1647 3845 1828 3909 evaseran-

288 3955 387 4018 οὐκέν
400 3954 479 4038 φωτί
490 3956 544 4017 τὸν
556 3949 647 4034 Θεὸν,
661 3949 733 4014 ἀλλ’
747 3951 780 4015 ἐν
791 3948 897 4014 σκότει
908 3949 1039 4034 ζητοῦν-
1083 3953 1138 4011 tar
1150 3950 1264 4030 itaque
1276 3947 1319 4011 od
1327 3964 1491 4027 eespereta
1502 3950 1524 4010 J
1526 3947 1624 4027 udaei,
1638 3949 1745 4010 Deum
1761 3965 1827 4012 non

286 4079 348 4136 τες.
365 4057 430 4122 Καὶ
446 4057 498 4121 διίι
513 4066 605 4120 τοῦτο
619 4052 857 4140 λιμιίιξουσινὼς
872 4053 1038 4137 adorabo
1084 4053 1120 4115 in
1143 4054 1284 4130 lumine,
1306 4052 1365 4115 sed
1389 4053 1424 4114 in
1449 4053 1597 4115 tenebris
1622 4058 1827 4133 quarentes:

287 4165 383 4239 ὄντως
397 4163 518 4246 τροτρὴν
542 4161 584 4246 μὴ
608 4158 815 4243 εὑρίσκοντες,
838 4158 893 4221 καί
915 4154 1037 4220 aonida-
1084 4162 1118 4220 et
1135 4156 1259 4220 idcireo
1267 4154 1395 4236 somene
1411 4158 1584 4236 patienter
1598 4162 1636 4221 tet
1657 4158 1757 4236 conis,
1777 4176 1831 4221 ve-

287 4289 377 4332 σουσι
399 4269 458 4352 τὴν
472 4264 683 4349 Ἰερουσαλὴμ
705 4264 764 4348 τὴν
785 4259 1037 4345 τετορθημένην,
1083 4279 1161 4324 rum
1173 4261 1288 4323 cibum
1300 4277 1368 4322 non
1381 4261 1597 4341 reperientes,
1610 4265 1641 4324 et
1651 4261 1832 4326 circuibunt

287 4370 471 4447 πενθοῦντες
493 4369 543 4433 ἐπ’
559 4369 667 4454 αὐτὴν,
691 4368 746 4431 καί
762 4364 959 4449 κοπτόμενοι.
976 4363 1038 4428 Αὐ-
1083 4365 1351 4447 Hierosolymam
1367 4381 1528 4445 eversam,
1548 4367 1706 4444 lugentes
1725 4385 1827 4447 super

332 4572 505 4632 Himeros.
522 4586 552 4629 v.
579 4569 629 4646 15,
656 4568 706 4628 16.
732 4565 864 4627 Amissa
887 4565 1036 4643 civitate,
1082 4561 1228 4624 candum
1248 4562 1400 4642 dispersi,
1423 4580 1485 4626 ιιοιι
1505 4563 1749 4642 aetimabuntur,
1774 4563 1830 4627 sed

288 4660 482 4739 temploque
498 4657 638 4735 desert0,
659 4660 693 4717 ot
707 4653 893 4718 secundum
918 4656 1035 4716 Roma·
1082 4651 1185 4714 οιίίνιιο
1199 4651 1454 4730 ιννιιντνιιιιιιίνιιιιί,
1463 4671 1504 4716 ne
1516 4653 1578 4716 hac
1592 4652 1728 4733 quidem
1741 4652 1828 4714 fame

289 4750 324 4810 ni
358 4748 450 4824 regis
478 4745 586 4809 edicta
612 4746 861 4807 circumeuntes
891 4745 1036 4822 tantum,
1084 4740 1307 4802 festivitatum
1322 4758 1461 4802 suarum
1478 4741 1626 4820 edomiti,
1650 4745 1689 4802 ut
1710 4758 1827 4804 secun·

289 4855 356 4898 non
374 4838 475 4898 etiam
493 4835 648 4896 ineuntes
660 4833 843 4908 civitatem,
858 4830 962 4893 fames
982 4849 1038 4893 eos
1083 4829 1163 4890 dum
1177 4846 1341 4906 murmur,
1358 4848 1424 4911 quo
1438 4832 1472 4892 in
1485 4831 1615 4893 deserto
1628 4830 1736 4891 Deum
1753 4847 1829 4890 exa·

289 4941 356 4986 non
374 4923 476 5004 hujus
488 4923 586 5002 panis
603 4927 636 4983 et
650 4921 728 4999 cibi,
740 4919 798 4982 scd
815 4919 1036 4998 oblationum,
1082 4917 1315 4995 carbasea-unt,
1344 4919 1551 5000 poenitentiae
1575 4919 1689 5000 quiete
1713 4917 1828 4997 resipi-

289 5013 486 5090 bostiarum,
517 5012 697 5087 visionum,
721 5008 846 5090 quibus
879 5007 1037 5071 omnibus
1082 5009 1188 5070 scant.

290 5101 541 5178 saturabantur,
558 5097 681 5161 afficiet
692 5145 715 5161 ..
730 5147 736 5160 .
753 5097 812 5160 sed
835 5097 877 5160 ad
897 5096 1038 5162 mandu-
