3966 6104
304 425 368 489 624
847 424 1031 487 SANCTUS
1047 422 1293 486 METHODIUS

303 586 354 650 χει
370 563 512 628 κάκεῖνα,
528 563 613 626 κατόι
636 561 671 625 δὲ
686 563 739 626 τόν
762 569 818 645 της
841 559 1053 645 προαιρέσεως
1098 569 1158 646 μῖν.
1183 563 1257 627 Vide
1270 579 1342 626 ναυα
1361 562 1533 644 annuns.
1554 559 1641 644 iro]

303 652 418 735 τρόπον
444 661 574 716 τοιαῦτα
600 650 746 734 πράττειν
777 649 1050 735 ἐπαναιρούμενος,
1140 649 1200 714 Ἐκ
1222 659 1277 712 τοῦ
1294 650 1401 713 αὐτοῦ.
1426 647 1492 734 Τὴν
1516 651 1572 735 μὲν
1594 651 1649 713 ούν
1672 660 1727 714 τού
1746 649 1843 717 Θεοῦ.

304 741 337 820 ἒξ
353 743 395 805 ύν
410 751 465 805 τοῦ
481 749 588 816 κακῶς
602 739 749 823 λέγεσθαι
765 741 823 824 τὴν
834 739 1049 823 προσηγορίαν
1094 741 1216 805 Petrot.
1242 741 1305 803 265
1336 740 1368 818 0,
1398 757 1436 802 αι
1462 740 1627 804 elementis
1650 743 1847 808 Demaeneti

304 828 458 916 λαμόάνει
474 826 641 911 προλαόὼν
663 827 760 906 ἔδειξε
775 838 818 913 τῷ
834 827 928 912 λόγῳ.
954 826 1049 912 [axa
1094 833 1165 894 Εια.
1185 828 1463 910 θααιί.1ῖαρι’ρόίο.
1488 828 1607 904 mattam
1629 829 1708 892 odda
1731 847 1769 894 επ
1790 847 1847 893 κο-
1967 907 1968 912 γ

304 919 380 982 λιον.
394 918 444 984 Τά
456 917 490 981 δὲ
503 917 685 1001 ἐπαγόμενα
697 915 837 1000 ζήτησον
849 914 921 1001 ἑξῆς
937 918 971 980 ἐν
983 917 1052 981 τού·
1095 923 1164 982 atro
1179 917 1243 982 cod.
1269 915 1313 980 Τό
1329 914 1364 978 δὲ
1387 915 1534 999 antoni)
1555 919 1704 1000 παρακοὴ
1729 918 1768 980 ἑτι
1789 927 1847 980 τού
1967 915 1968 929 ’

304 1030 348 1092 τιμ
372 1004 517 1092 στοιχείῳ
539 1005 669 1090 κείμενα
690 1004 875 1090 προσφόροις
898 1007 932 1070 ἐν
952 1014 996 1090 τῷ
1010 1004 1052 1068 τί·
1096 1003 1256 1089 προστίμῳ
1268 1012 1446 1086 περιπεσεῖν
1454 1005 1507 1069 τόν
1516 1005 1687 1088 ἄνθρωπον,
1700 1004 1849 1088 ὑπερθέν-

305 1097 388 1180 τλῳ·
411 1092 482 1160 Ὅτι
506 1094 596 1184 οὐδὲν
619 1097 714 1179 χωρὶς
737 1092 820 1160 Θεοῦ
844 1094 997 1178 ἐπάγεται
1015 1091 1052 1175 ἡ·
1095 1115 1136 1157 τα
1152 1095 1210 1177 την
1226 1103 1281 1156 τοῦ
1296 1090 1381 1159 Θεοῦ
1396 1091 1536 1176 ἐντολήν.

352 1415 525 1495 Comites.
551 1417 621 1478 tto.
639 1413 729 1497 Φημὶ
747 1423 913 1496 τοιγαροῦν
929 1411 1049 1488 πολλὰς
1140 1417 1278 1478 Interim
1302 1418 1356 1478 aio
1384 1419 1530 1498 plurima
1557 1438 1630 1483 esse
1654 1421 1723 1483 Deo
1746 1438 1852 1498 argu-

304 1517 632 1603 ύποθίσειςιύπάρχειν
644 1526 687 1602 τῷ
699 1517 780 1603 Θεῷ,
793 1515 890 1581 καθά
903 1516 1049 1601 δημιουρ·
1097 1520 1850 1600 meuta,quibuscongruebateumcreatorem
1967 1563 1968 1594 ,

304 1623 369 1705 γεῖν
393 1622 590 1686 aurovenes·
615 1631 737 1706 πρῶτον
761 1622 834 1705 μὲν,
858 1629 915 1704 της
937 1617 1055 1706 τέχνης
1099 1621 1187 1685 fleri:
1211 1625 1358 1704 primum
1381 1625 1507 1706 opificii
1529 1628 1717 1705 scientiam,
1740 1646 1846 1708 quam

303 1725 489 1811 ἐπιστήμην,
505 1726 545 1810 ἣν
558 1727 665 1810 άργεῖν
682 1727 737 1820 μὲν
753 1727 812 1789 οὐκ
826 1725 936 1810 ἐχρῆν,
955 1721 1053 1807 orro-
1100 1743 1220 1788 vacare
1235 1744 1301 1788 non
1325 1727 1473 1806 decebat,
1490 1728 1666 1792 deficiente
1682 1737 1850 1810 potestate

306 1829 400 1915 μένου
416 1840 470 1893 τού
483 1829 634 1895 δύνασθαι
644 1831 858 1894 ποιεῖν’ταύτα
869 1830 949 1911 άπερ
961 1829 1054 1912 rinio-
1100 1831 1244 1894 faciendi
1257 1851 1297 1895 ea
1313 1835 1386 1914 ipsa
1401 1851 1478 1914 qnae
1493 1836 1602 1913 scivit;
1619 1837 1774 1915 alterum,
1790 1838 1850 1900 bo-
1967 1853 1968 1858 ’

303 1955 396 1999 τατο·
415 1929 441 2018 ⁴)
459 1935 588 2018 ὕστερον
604 1935 639 1998 δὲ
654 1936 709 1998 καί
723 1931 813 2019 τότῇ
829 1933 920 2016 φύσει
936 1932 1055 2017 ἀγαθόν
1100 1936 1241 1997 nitatem
1262 1953 1337 2016 quae
1359 1943 1489 2000 naturae
1514 1955 1584 1999 suae
1601 1939 1703 2018 inest,
1728 1957 1805 2020 quae
1826 1942 1852 2002 i·

303 2039 456 2124 ὑπάρχειν
479 2039 573 2123 αὐτῷ,
590 2038 666 2122 ὅπερ
694 2036 854 2122 ἀνιορελὲς
877 2036 979 2122 μένειν
996 2037 1054 2100 οὐκ
1100 2040 1220 2101 nutilis
1243 2039 1333 2120 apud
1356 2057 1434 2102 enm
1459 2057 1594 2103 manere
1625 2058 1691 2104 non
1715 2043 1852 2106 videba-

303 2141 422 2222 ἒδόκει·
444 2141 599 2206 πολλὰδὲ
614 2144 669 2206 καί
685 2141 806 2218 τούτοις
822 2143 916 2225 ὅμοια
931 2149 1053 2224 προσην
1097 2147 1164 2205 tur.
1181 2144 1224 2206 Et
1246 2143 1354 2206 multa
1372 2143 1463 2206 hisce
1486 2146 1612 2208 similia
1635 2146 1705 2208 Deo
1727 2153 1852 2227 praesto

303 2256 347 2332 τῷ
362 2243 446 2331 Θεῷ,
462 2247 569 2332 διόπερ
585 2247 706 2332 κόσμου
721 2246 842 2332 γένεσιν
855 2246 973 2331 ἤρξατο
985 2267 1052 2310 ποι-
1098 2251 1204 2325 erant,
1220 2247 1310 2310 unde
1326 2247 1368 2309 ad
1383 2251 1588 2312 creationem
1609 2249 1726 2312 mundi
1743 2267 1779 2313 se
1795 2253 1851 2315 οό-

304 2359 359 2414 εῖν.
382 2346 506 2433 Ὥσπερ
527 2351 589 2435 γάρ
605 2352 635 2414 εῐ
655 2371 699 2427 τις
722 2349 899 2434 ἐπιστήμην
924 2352 1007 2436 ἔχων
1031 2353 1052 2436 ἡ
1098 2352 1261 2428 cingeret.
1274 2351 1562 2425 Quemadmodum
1574 2355 1789 2434 enimsiquis
1801 2356 1851 2419 di-

306 2461 460 2540 μουσικῆς
487 2455 571 2541 ῆαύ
593 2453 687 2520 πάλιν
710 2456 851 2538 ἰατρικῆς
873 2455 894 2540 η
917 2475 1053 2520 τεκτονι-
1097 2456 1275 2537 sciplinam
1287 2456 1414 2519 callens
1426 2457 1498 2519 sive
1506 2459 1655 2538 musione,
1664 2459 1736 2521 sive
1744 2461 1850 2522 etiam

307 2566 379 2643 κης,
394 2560 437 2635 είς
454 2559 529 2624 ύσον
543 2567 601 2623 τού
611 2561 706 2645 ἔργου
719 2560 762 2644 μὴ
775 2560 895 2644 ἔχεται,
919 2557 999 2643 μήτε
1014 2558 1052 2622 δι’
1098 2560 1347 2622 medicinaeaut
1360 2561 1604 2642 architectum,
1618 2563 1853 2644 quoadusque

305 2662 402 2727 αὐτοῦ
418 2665 476 2749 τὴν
491 2662 668 2748 ἐπιστήμην
684 2661 849 2741 δείκνυσιν,
863 2661 966 2746 μάτην
982 2659 1054 2747 τέχ-
1098 2664 1140 2726 ad
1155 2681 1240 2744 opus
1255 2681 1322 2726 non
1337 2665 1470 2743 transit,
1486 2682 1549 2728 nec
1563 2682 1623 2746 per
1640 2665 1674 2728 id
1696 2667 1849 2730 scientiar

305 2787 362 2850 νην
386 2768 472 2853 ἔχειν
488 2766 584 2851 δοκεῖ,
609 2765 690 2853 μήτε
705 2768 799 2842 αὐτὸς
815 2766 984 2830 ἀπολαύων
1010 2767 1053 2830 όιν
1097 2768 1267 2848 specimen
1284 2768 1351 2848 dat,
1364 2769 1489 2831 frustm
1501 2770 1635 2834 videtur
1646 2776 1718 2834 arte
1731 2773 1851 2854 praedi·

303 2869 478 2953 ἐπίσταται,
489 2869 569 2957 μήτε
582 2869 699 2954 ἑτέροις
706 2879 819 2956 γνῶσιν
827 2867 976 2954 παρέχων
985 2869 1053 2934 τού·
1097 2875 1164 2949 tua,
1174 2873 1313 2952 necipse
1322 2872 1446 2936 fruitus
1459 2874 1711 2955 scientiaquam
1719 2876 1852 2958 didicit,

303 2983 433 3040 τυντῶν
441 2975 551 3059 ἔργων,
560 2976 658 3038 καίτό
667 2972 808 3038 ἐντεῦθεν
820 2969 932 3056 ὁμοίως
942 2981 985 3057 τῷ
995 2993 1053 3056 μη·
1098 2991 1207 3054 neque
1230 2977 1359 3038 caeteris
1375 2976 1457 3038 dans
1473 2978 1628 3041 notitiam
1652 2978 1852 3059 hujusmodi

305 3075 339 3138 δὲ
351 3078 409 3160 την
425 3075 529 3162 ἀρχὴν
545 3073 740 3162 ἐπισταμένῳ
754 3077 883 3159 γίνεται,
898 3078 941 3160 μη
955 3077 1052 3160 οὔσης
1097 3093 1247 3159 operum,
1275 3097 1313 3141 ac
1330 3080 1468 3168 proinde
1492 3081 1580 3144 idem
1603 3081 1643 3146 fit
1662 3101 1700 3146 ac
1716 3084 1746 3146 si
1770 3101 1851 3147 uec-

304 3189 362 3264 της
378 3179 494 3266 τέχνης
509 3180 674 3264 ἐνεργοῦς·
690 3178 811 3262 ἑκάστη
827 3181 890 3265 γάρ
906 3189 966 3244 τῶν
981 3199 1053 3266 τεχ-
1098 3182 1179 3244 dum
1195 3184 1345 3246 scientiae
1360 3184 1553 3248 rudimenta
1564 3187 1716 3267 cepisset,
1733 3189 1854 3270 inope-

303 3295 363 3350 νῶν
379 3284 431 3349 διά
445 3293 503 3368 της
526 3283 685 3369 ἐνεργείας
700 3286 758 3370 την
781 3284 874 3363 δεῖξιν
888 3282 1052 3371 λαμόάνει,
1098 3293 1174 3348 rosa
1188 3285 1269 3349 dnm
1285 3287 1464 3368 disciplina
1475 3292 1543 3351 stat
1559 3289 1639 3372 (uua
1655 3308 1800 3372 quaeqne
1817 3311 1852 3355 e-

303 3391 358 3454 καί
374 3389 416 3468 ὡς
433 3390 527 3476 λόγον
544 3392 650 3474 εἰπεῖν,
667 3392 725 3475 την
741 3401 794 3454 τοῦ
816 3389 924 3476 όμοίου
941 3391 1054 3455 σύστα-
1099 3392 1169 3453 nim
1190 3391 1332 3453 seientia
1348 3409 1390 3453 cx
1408 3393 1601 3473 operatione
1621 3395 1851 3458 ostensionem

304 3516 369 3560 σιν·
392 3493 506 3581 ὁμοίως
529 3495 564 3558 δὲ
586 3494 680 3559 πάλιν
695 3495 724 3558 εί
745 3515 790 3570 τις
806 3493 924 3579 ἀγαθός
939 3495 991 3578 ὢν,
1010 3483 1052 3580 μὴ
1099 3494 1255 3575 acquirit,
1264 3500 1343 3558 etut
1354 3497 1402 3557 ita
1413 3497 1543 3576 loquar,
1552 3499 1602 3559 rei
1614 3497 1852 3577 sibioongruae

303 3601 374 3684 ἔχοι
395 3601 448 3676 οὓς
471 3602 638 3686 εὐεργετης
664 3599 734 3683 ἤδει
744 3595 783 3682 ²),
809 3598 912 3684 μάτην
935 3599 1053 3684 ἀγαθός
1099 3596 1339 3678 existentiam),
1367 3599 1524 3661 similiter
1551 3601 1653 3662 etiam
1679 3619 1800 3665 rursus
1820 3603 1851 3664 si

304 3705 383 3766 είναι
398 3704 503 3767 δοκεῖ·
518 3706 554 3768 τό
570 3705 631 3789 γὰρ
647 3702 766 3786 ἀγαθόν
781 3713 842 3768 τῶν
854 3706 931 3786 πρός
947 3705 1053 3787 ἕτερον
1099 3705 1175 3784 quis
1190 3701 1298 3766 bonus
1314 3719 1380 3764 non
1396 3703 1499 3765 habet
1514 3721 1598 3784 quos
1610 3703 1777 3784 jucundat
1794 3705 1851 3768 be-

303 3805 443 3890 πέφυκεν
458 3809 550 3871 εῖναι·
566 3807 625 3870 οὐκ
640 3806 737 3871 όντων
753 3805 787 3869 δέ
802 3826 893 3869 τινων
909 3808 987 3889 πρός
999 3808 1052 3884 οὓς
1099 3807 1238 3885 neiiciis,
1255 3807 1381 3869 frustra
1399 3805 1507 3870 bonus
1524 3825 1596 3871 esse
1614 3813 1769 3888 apparet:
1793 3809 1852 3872 bo
1967 3827 1968 3832 ¹

303 3911 387 3975 ἐστίν
403 3921 494 3975 τοῦτο
518 3912 576 3996 την
592 3909 706 3994 ἀρχὴν,
731 3909 795 3974 οὐδ’
811 3908 929 3994 ἀγαθόν
952 3911 1053 3992 ἔσται,
1098 3913 1188 3974 nitas
1203 3912 1294 3974 enim
1306 3917 1386 3973 nata
1402 3916 1452 3975 est
1464 3917 1503 3974 ut
1514 3913 1643 3975 caeteris
1658 3911 1724 3975 det.
1737 3915 1772 3976 Si
1784 3917 1847 3994 qui

303 4017 517 4100 κρυπτόμενον
532 4015 565 4078 ἐν
581 4013 691 4098 ἐκείνῳ
710 4022 752 4097 τῷ
768 4015 883 4098 ἔχοντι,
900 4017 955 4078 καί
970 4014 1053 4100 μόνῳ
1097 4034 1177 4080 vero
1185 4034 1251 4080 non
1264 4019 1334 4080 sint
1345 4034 1404 4097 pro
1413 4017 1536 4096 quibus
1548 4023 1622 4079 tum
1634 4019 1784 4099 primum
1793 4035 1852 4080 er·
1967 4003 1968 4052 3

303 4122 442 4204 γνωστόν
465 4118 618 4203 ὑπάρχον,
634 4119 687 4182 διὰ
709 4120 745 4181 τό
769 4120 826 4202 rip
844 4118 949 4204 ἀρχὴν
973 4119 1054 4204 μηδὲ
1097 4126 1175 4201 stat,
1191 4139 1301 4201 neque
1317 4123 1418 4184 etiam
1434 4120 1567 4185 bonitas
1583 4123 1659 4200 erit,
1670 4138 1779 4202 quum
1795 4139 1851 4186 oc

304 4225 447 4308 παρεῖναι
466 4226 538 4301 τοὺς
561 4223 672 4287 τούτου
692 4221 877 4308 δεομένους·
901 4223 979 4287 εἰδὲ
994 4243 1052 4286 πα-
1098 4227 1190 4289 culta
1204 4226 1249 4288 sit
1265 4227 1300 4288 in
1316 4242 1354 4287 eo
1371 4226 1429 4306 qui
1443 4242 1517 4287 eam
1529 4219 1687 4306 posside‘t,
1704 4243 1766 4288 nec
1782 4229 1851 4291 nisi

304 4327 398 4412 ριῖισίν
420 4350 501 4405 τινες
524 4329 577 4404 οὓς
605 4330 779 4412 εὐεργετεῖν
805 4328 945 4408 δύναται,
969 4350 1052 4413 τηνι-
1098 4330 1159 4392 soli
1178 4330 1240 4410 ipsi
1257 4334 1346 4408 nota,
1361 4330 1433 4392 ideo
1450 4331 1539 4410 quod
1551 4329 1594 4392 ab
1607 4331 1704 4394 initio
1719 4331 1851 4394 deside·
1967 4329 1968 4348 ¹

302 4446 408 4500 καῦτα
422 4434 562 4499 δείκυται
586 4436 642 4520 μὲν
657 4435 755 4498 αὐτοῦ
777 4443 900 4517 πρῶτον
915 4437 949 4498 τό
973 4437 1051 4519 ὰγα-
1098 4441 1216 4496 ταινίαν
1231 4435 1281 4516 iili
1294 4436 1353 4514 qui
1366 4433 1516 4497 bonitate
1533 4435 1699 4513 indigent
1717 4435 1851 4516 quodsi
1967 4459 1968 4479 ι

303 4541 375 4604 θόν·
390 4542 500 4604 ἔπειτα
516 4540 550 4603 δὲ
565 4542 600 4604 τό
616 4541 792 4624 εὔχρηστον
808 4537 926 4623 γίνεται
941 4549 985 4624 τῷ
996 4547 1052 4625 τῆς
1098 4539 1253 4602 nonnulli
1280 4542 1470 4618 occurrunt,
1499 4537 1623 4620 quibus
1650 4539 1850 4605 benefacere

304 4643 453 4726 τοιαύτης
465 4643 588 4726 ιρύσευις
599 4641 751 4727 εἰληχότι,
768 4640 894 4706 πολλῶν
905 4650 962 4726 της
975 4643 1052 4727 άγα-
1098 4644 1198 4721 valet,
1207 4643 1298 4705 illico
1309 4649 1383 4704 tum
1396 4643 1543 4723 primum
1556 4642 1614 4722 huj
1620 4661 1658 4706 us
1671 4645 1737 4706 viri
1748 4645 1848 4707 boni·
1967 4717 1968 4738 ᾖ

303 4748 436 4831 όοσύνης
459 4748 556 4810 αὐτοῦ
582 4745 753 4810 ἀπολαύειν
776 4745 965 4831 δυναμένων.
990 4746 1052 4812 Τόν
1097 4753 1148 4809 tas
1164 4751 1271 4827 patet3
1295 4746 1415 4810 deinde
1432 4747 1519 4828 hanc
1542 4747 1689 4810 indolem
1713 4747 1849 4830 adept0,

271 4927 274 4934 Ι
304 4853 398 4915 αὐτόν
414 4850 449 4914 δὲ
464 4849 579 4933 τρόπον
595 4853 649 4914 καὶ
665 4853 734 4934 περὶ
751 4863 806 4915 τοῦ
822 4851 905 4918 Θεοῦ
922 4861 1052 4916 σκοπεῖν
1093 4850 1284 4928 jucundum
1295 4852 1538 4930 estpermultos
1546 4867 1618 4916 esse
1627 4852 1686 4933 qui
1695 4851 1850 4918 bonitate
1967 4919 1968 4934 ,

340 5062 366 5125 t)
379 5057 480 5113 Malim
492 5061 591 5124 ἔτερον,
605 5056 662 5111 nisi
674 5057 760 5128 plura
778 5064 952 5130 argumenta
965 5057 1055 5114 inter·
1135 5063 1162 5127 2)
1174 5059 1240 5109 αῖδεῖ
1252 5053 1314 5109 eod.
1325 5070 1382 5110 vox
1393 5053 1491 5110 activa
1502 5057 1559 5122 ἤδει
1572 5071 1639 5110 rara
1652 5054 1850 5126 estantiquis

297 5144 375 5214 jecta
388 5143 505 5208 fuerint,
519 5162 583 5216 ηυντ
597 5144 783 5201 omitt-untur.
1100 5141 1242 5214 exemplis
1255 5139 1406 5198 destituta.
