4020 6098
801 429 844 490 IN
868 429 1053 492 PSALMOS
1630 429 1693 494 205

159 574 257 638 ὕπνου
279 572 408 654 καιρὸν·
428 567 513 634 ἀλλὰ
534 569 590 633 καί
608 568 744 652 λαγωοῖς
765 569 908 654 ἢχοιρο-
950 573 1087 648 nentur,
1103 573 1138 632 et
1153 570 1339 651 prasertim
1363 571 1399 635 in
1414 572 1702 656 somni‘tempore

154 673 311 763 γρυλλίοις
334 672 512 759 (ἀμφίτορα
526 673 588 758 γὰρ
611 669 740 757 φέρεται
757 671 792 737 ἐν
806 681 846 758 τῇ
870 692 905 736 α-
950 674 1087 738 Etenim
1115 674 1298 738 herinaciis
1328 679 1362 738 et
1391 674 1625 760 chaerogryllis
1652 674 1701 760 (u-

155 779 318 865 ναγνιίισει)
334 776 380 856 τίς
394 777 437 862 ἠν
452 777 536 862 ἄλλη
552 778 733 862 καταφυγὴ,
749 776 777 842 εἰ
793 778 837 862 μὴ
853 772 907 840 πί-
952 780 1111 856 trumque
1127 777 1218 839 enim
1238 777 1338 841 lectio
1361 776 1508 861 profert),
1533 779 1703 862 quodnam

155 902 227 968 τραι
240 885 296 948 καί
317 881 461 967 σιιηλαία
475 881 517 958 ὡς
532 882 673 968 χηραμοί
696 877 903 964 συνέστησαν,
953 885 1026 945 erat
1044 881 1252 962 perfugium,
1272 882 1339 947 nisi
1361 899 1444 946 saxa
1466 887 1500 946 et
1521 885 1703 965 speluncae,

156 992 201 1069 εἰς
216 991 254 1068 δς
265 989 527 1073 διαδιδράσκοντα
538 987 685 1070 σώζεται,
697 986 841 1070 καθάπερ
855 987 908 1052 ἄν·
953 986 1004 1050 uti
1020 985 1164 1050 latibula
1175 986 1417 1066 constitissent,
1427 1003 1494 1067 quo
1506 986 1705 1066 confugien-

159 1095 276 1181 θρωποι
297 1096 375 1180 πρὸς
397 1093 498 1171 οἰκίας
517 1094 573 1159 καί
595 1089 699 1178 τείχη.
724 1129 765 1140 -
781 1089 819 1157 Ὁ
834 1090 907 1156 ίλα-
952 1093 1004 1154 tes
1019 1093 1208 1170 serventur,
1223 1090 1314 1154 sicut
1335 1089 1490 1154 homines
1505 1091 1541 1154 in
1565 1091 1703 1154 domici·

159 1220 228 1286 ρος,
240 1200 310 1284 δρει
321 1195 482 1283 πολίμιος·
493 1205 627 1263 τοιοῦτοι
639 1197 694 1261 καὶ
705 1193 734 1260 οἱ
745 1204 801 1260 τοῦ
813 1193 910 1279 Χρισ-
952 1195 1008 1258 liis
1024 1197 1058 1256 et
1073 1192 1163 1256 intra
1178 1193 1317 1257 muros?
1334 1227 1373 1238 -
1390 1195 1526 1274 cervus,
1549 1196 1700 1276 serpenti

157 1313 214 1370 τοῦ
229 1303 378 1390 μαθηταί,
394 1300 524 1388 ίτοίμως
546 1302 676 1387 ἔχοντες
694 1300 829 1366 ἐκδικεῖν
851 1307 911 1364 πᾶ-
953 1297 1123 1362 infensus:
1139 1299 1223 1362 tales
1239 1314 1374 1380 quoque
1390 1298 1515 1362 Christi
1531 1299 1701 1381 discipuli,

159 1430 209 1475 σιν
230 1409 410 1494 παρααοην,
426 1405 456 1472 οἱ
477 1408 532 1471 καί
547 1414 657 1472 πατεῖν
680 1402 785 1472 ἐπάνω
808 1404 910 1489 ὄφεων
954 1403 991 1466 in
1006 1409 1163 1485 promptu
1175 1401 1339 1466 habentes
1351 1402 1513 1467 adversus
1525 1419 1705 1468 omnesar·
1745 1479 1749 1488 ι

159 1515 302 1600 ἥκουσιν.
515 1505 517 1511 ’
954 1525 1030 1571 cere
1041 1503 1180 1590 pravam
1195 1507 1394 1589 doctrinam,
1409 1508 1470 1589 qui
1488 1509 1650 1574 incedunt
1660 1510 1704 1574 ad

954 1610 1131 1676 calcandos
1146 1618 1329 1695 serpentes.

202 1741 235 1786 v.
254 1721 362 1786 19-21.
377 1716 530 1803 Ἐποίησε
552 1714 690 1801 σελήνην
705 1715 750 1794 είς
771 1715 911 1799 καιροὺς,
1001 1732 1033 1780 ν.
1052 1718 1160 1782 19-21.
1175 1719 1267 1784 Fecit
1287 1717 1399 1784 ίιωιπνι
1420 1719 1458 1782 ira
1480 1722 1633 1799 tempora,
1655 1718 1707 1785 sol

159 1823 282 1910 δήλιος
295 1825 377 1910 ίγνω
400 1826 458 1909 την
480 1822 568 1888 δύσιν
593 1820 702 1885 αὐτοῦ.
717 1818 816 1885 'uasa
839 1817 913 1884 σκό-
954 1822 1254 1906 ιοριιοοίίοοοαοιιαι
1268 1823 1701 1905 communicatoribus,

162 1949 226 2011 τος,
242 1929 297 1992 καί
318 1925 446 2012 ἐγίνετο
461 1923 532 2005 νύξ·
547 1926 582 1993 ἐν
604 1926 685 2009 αίιτῇ
701 1922 913 1988 διελιίσονται
954 1931 987 1993 ct
1005 1926 1103 2009 sacto
1124 1933 1173 1993 est
1196 1943 1268 1992 ooo.
1294 1913 1340 1994 Ιιι
1361 1929 1435 2010 apsa
1452 1928 1702 2010 pertractemus

162 2032 267 2098 πάντα
281 2032 322 2095 τὰ
336 2028 430 2116 θηρία
446 2039 502 2095 τοῦ
524 2029 652 2115 δρυμοῦ,
670 2027 800 2113 σκύμνοι
815 2023 912 2110 opat
955 2049 1063 2098 omrtee
1077 2031 1183 2096 bestia
1193 2031 1301 2114 εμίοω.
1320 2031 1430 2097 catula·
1440 2033 1565 2097 leonum
1574 2033 1705 2116 ινιρίοιο·

162 2157 247 2224 μενοι
263 2135 404 2220 ἁρπάσαι
417 2136 472 2201 καί
487 2134 624 2220 ζητῆσαι
647 2134 736 2218 παρὰ
753 2141 810 2198 τοῦ
825 2129 911 2197 Θεοῦ
955 2141 1012 2216 ίαν,
1038 2140 1077 2202 at
1097 2137 1233 2218 rapient
1256 2141 1290 2203 et
1311 2139 1460 2220 quarunt
1479 2152 1501 2201 a
1521 2138 1587 2202 Deo
1601 2154 1706 2204 escam

161 2239 275 2328 βρῶσιν
291 2239 407 2316 αὐτοῖς.
954 2239 1028 2308 sibi.

203 2342 392 2429 Ἀνατρίχει
413 2341 508 2408 πάλιν
530 2342 582 2407 ἐπὶ
602 2343 662 2427 τὴν
681 2340 715 2406 ἐν
730 2345 795 2416 τοῖς
818 2335 911 2421 οὖροι·
1000 2348 1128 2410 Iterum
1154 2346 1304 2410 decurrit
1329 2345 1373 2410 ad
1397 2345 1645 2427 providentiam
1667 2345 1704 2409 in

161 2457 226 2527 νοῑς
240 2447 407 2533 πρόνοιαν·
429 2447 469 2512 δι’
481 2447 518 2510 οὗ
540 2447 576 2510 δὲ
591 2443 699 2529 ἑτέρου
721 2440 913 2529 γεγενῆσθαι
957 2450 1165 2515 coelestibus:
1196 2449 1239 2512 ad
1265 2451 1348 2532 quid
1374 2454 1488 2515 autem
1515 2450 1624 2530 aliud,
1646 2450 1705 2530 ait,

162 2555 220 2639 την
235 2550 373 2638 σελήνην
389 2552 493 2635 φησίν,
510 2552 623 2636 ἠπρδς
637 2547 766 2633 ἀριθμὸν
777 2546 832 2610 ιιιιῑ
846 2543 913 2609 διά·
956 2554 1046 2619 iacta
1060 2543 1143 2618 iuna
1158 2553 1234 2633 fuit,
1257 2553 1324 2618 nisi
1339 2553 1382 2617 ad
1406 2571 1588 2618 numerum
1605 2559 1639 2618 et
1661 2554 1711 2618 di·

161 2679 275 2745 γνωσιν
292 2664 398 2742 μηνῶν
410 2677 445 2721 τε
456 2656 511 2719 καί
521 2655 665 2741 ημερωνς
683 2647 721 2717 Ὁ
733 2650 821 2736 ἣλιος
833 2650 922 2735 ἔγνον
957 2659 1104 2723 serimen
1127 2658 1296 2723 mensium
1327 2662 1361 2722 et
1391 2658 1551 2723 dierum?
1581 2657 1639 2725 Sol
1664 2674 1711 2724 co-

161 2765 220 2849 ιην
236 2762 320 2827 δύσιν
343 2761 452 2842 αὐτοῦ,
467 2759 545 2844 θείῳ
568 2759 623 2823 καί
638 2757 732 2833 αὐτὸς
754 2753 911 2839 προστάη-
955 2762 1068 2844 puscit
1095 2777 1240 2829 occatam
1264 2778 1371 2842 mum,
1398 2761 1633 2842 obtemperans
1661 2761 1711 2826 ni-

163 2886 237 2953 μιιτι
252 2862 398 2950 δηλονότι
419 2862 618 2949 πειθόμενος·
634 2861 695 2948 οὐχ
711 2859 753 2936 ὣς
773 2859 915 2946 ἔμψυχος
958 2867 1085 2930 mirum
1102 2869 1137 2928 et
1151 2866 1222 2948 ipse
1235 2867 1306 2945 legi
1321 2865 1456 2945 divinae,
1468 2864 1560 2929 haud
1571 2865 1710 2947 quidem

163 2969 303 3054 δὲηλιος
318 2969 399 3054 ἔγνω
413 2969 472 3053 τὴν
488 2967 574 3033 δύσιν
590 2967 698 3048 αὐτοῦ,
713 2965 800 3028 κατὰ
811 2963 846 3028 δὲ
861 2964 915 3028 τὸν
960 2975 999 3035 ιιι
1014 2975 1127 3034 mente
1140 2969 1312 3054 praeditus,
1331 2971 1381 3034 sol
1396 2972 1539 3049 agnovit
1552 2987 1709 3035 occasum

163 3073 252 3140 θεῖον
267 3075 339 3157 δρον
354 3071 481 3138 ὁδεύων.
501 3069 576 3136 Ἀπ’
587 3068 774 3156 ἀμφοτέρων
789 3069 845 3155 μὲν
857 3066 916 3153 ἀμ·
959 3091 1071 3153 suurn,
1091 3073 1150 3138 sed
1173 3073 1238 3137 iter
1254 3090 1401 3154 pergens
1424 3073 1539 3137 divino
1563 3075 1710 3138 termino

164 3174 285 3261 φάτιριι
306 3171 493 3261 ιίιρίσιιιτοιι,
507 3173 636 3258 ιιοιιροιλς
658 3193 693 3238 τι
715 3173 778 3257 γάρ
793 3171 811 3236 ἀ
825 3170 915 3256 ἥλιος
959 3177 1137 3244 statutum.
1151 3181 1191 3242 In
1205 3179 1359 3259 utrisque
1371 3195 1452 3242 sane
1464 3181 1608 3261 utraque
1619 3195 1712 3260 repe·

163 3289 256 3362 ποιιῖ,
281 3281 336 3344 καὶ
361 3278 447 3345 δύσει
473 3280 528 3343 ιιοιὶ
554 3276 694 3362 ἀνοιτολθ
725 3271 838 3361 λροῑινς
864 3273 916 3340 ιιι·
960 3285 1106 3362 riuntur.
1118 3285 1173 3347 Sol
1185 3285 1276 3348 enim
1287 3287 1440 3364 tempora
1451 3287 1552 3364 creat,
1565 3287 1599 3347 et
1610 3283 1709 3346 ambo

167 3405 312 3471 χρηνται,
324 3382 408 3449 ἀλλὰ
423 3383 537 3450 διεῖλεν
553 3382 637 3446 αὐτὰ
650 3380 723 3446 κατ’
735 3380 813 3446 ίδιον
830 3380 918 3464 οίκη-
960 3387 1071 3454 sidera
1083 3386 1261 3452 Occidente
1276 3391 1310 3449 et
1325 3388 1459 3452 Oriente
1480 3391 1635 3466 utuntur,
1651 3386 1711 3452 sed

166 3509 228 3574 ιιιι·
243 3490 372 3572 ιιοιιρσὺς
387 3486 423 3553 δὲ
437 3487 532 3553 aaut
543 3489 584 3552 τά
602 3485 702 3572 ράτρσι
716 3484 843 3570 ἡμερῶν
860 3482 917 3547 ιιιιά
960 3494 1034 3556 loca
1044 3492 1109 3556 sibi
1124 3489 1260 3572 propria
1274 3491 1343 3554 situ
1359 3508 1421 3554 suo
1434 3489 1601 3554 dividunt.
1614 3493 1710 3554 Tam-

166 3600 282 3679 ρηνιῖιν,
295 3593 352 3669 τάς
365 3593 427 3678 ράρ
441 3601 499 3678 τῆς
515 3590 651 3678 σελήνης
663 3588 845 3666 ἀλλοιώσεις
863 3607 915 3672 ρτ·
961 3614 1043 3679 pora
1069 3600 1184 3659 autem
1199 3599 1298 3657 vocat
1320 3611 1497 3658 mensuras
1519 3594 1652 3658 dierum
1676 3599 1711 3658 ct

164 3695 304 3783 τρεῐσθαι
318 3697 370 3762 τδν
381 3694 496 3781 χρόνον
507 3693 742 3780 παρεσκεύαζε·
758 3691 916 3756 ἀλλὰκαὶ
960 3702 1140 3766 mensium.
1152 3697 1320 3763 Matienda
1331 3699 1422 3761 enim
1438 3699 1572 3762 curavit
1583 3701 1709 3778 tempo-

166 3801 184 3868 b
199 3803 288 3888 ἣλιος
311 3798 454 3887 φωτίζειν
471 3798 564 3886 μόνον
588 3795 706 3884 μαθὼν,
731 3796 783 3861 διε
805 3815 917 3879 προσε-
960 3822 1000 3868 ra
1015 3821 1057 3868 ex
1072 3805 1163 3867 lunae
1178 3802 1434 3866 mutationibus.
1452 3803 1507 3865 Sol
1522 3818 1612 3882 vero,
1635 3805 1709 3866 tan·

165 3903 282 3992 τάχθη,
299 3907 375 3989 πρὸς
390 3903 476 3969 δύσιν
494 3911 605 3988 χωρεῖ·
621 3901 686 3966 ἔδει
698 3900 761 3985 γὰρ
777 3901 832 3964 καὶ
844 3920 916 3966 νυκ·
961 3915 1040 3974 tum·
1052 3909 1246 3973 illuminare
1261 3906 1409 3987 edoctus,
1425 3911 1572 3986 urgente
1587 3924 1709 3989 praece-

165 4011 219 4088 τάς
235 4011 278 4088 ιῖς
298 4007 500 4095 ἀναχώρησιν
516 4008 573 4093 μὲν
587 4013 649 4072 τῶν
664 4003 792 4092 ἡμέριον
812 4001 917 4081 ζῶον·
964 4018 1031 4096 pto,
1047 4014 1175 4077 recedit
1190 4011 1233 4076 ad
1248 4011 1397 4076 occidua.
1413 4014 1554 4077 Necesse
1570 4013 1662 4076 enim
1677 4029 1709 4075 e·

167 4115 212 4192 εις
234 4113 369 4199 πρόοδον
388 4113 424 4178 δὲ
446 4119 508 4178 τον
529 4107 646 4196 ἀγρίων
668 4109 726 4187 τοι
747 4117 804 4174 τοι
824 4105 917 4193 ἡλίου
962 4124 1016 4183 rat
1029 4137 1089 4202 per
1104 4121 1237 4181 noctem
1259 4117 1380 4180 missos
1395 4115 1468 4181 fieri
1491 4117 1572 4180 solis
1586 4115 1708 4196 radios,

166 4220 252 4284 κατὰ
265 4213 352 4284 θείαν
366 4214 513 4301 πρόνοον
536 4211 788 4279 ἀποστέλλεσθαι
803 4212 914 4297 σῦγάς,
963 4243 1006 4288 ex
1020 4222 1160 4306 provido
1174 4223 1237 4286 Dei
1252 4221 1404 4300 numine,
1416 4224 1455 4285 ut
1466 4225 1541 4284 tuto
1552 4219 1711 4284 recedant

166 4320 189 4409 ἡ
205 4325 266 4409 γάρ
281 4324 320 4389 ἂν
335 4323 390 4386 ιιοιῐ
404 4321 510 4397 σῦισῑς
531 4317 707 4384 ‘mistim'
722 4318 770 4382 διὸ
785 4318 821 4380 τὸ
836 4313 916 4401 tei·
962 4330 1075 4394 sicura
1089 4328 1260 4406 animalia,
1283 4329 1405 4389 exeant
1419 4341 1500 4388 vero
1518 4325 1709 4407 sylvestria,

168 4448 259 4513 σιρον
273 4437 330 4513 τῆς
345 4428 455 4502 ννιιιάς
470 4423 661 4509 ἀνστράρινν
677 4419 774 4508 φησίν
783 4442 791 4458 ·
806 4417 917 4486 Ἧλίσν
963 4432 1053 4515 quod
1069 4432 1172 4496 etiam
1195 4432 1277 4513 ipsis
1299 4433 1510 4493 reservatum
1530 4433 1596 4492 est:
1620 4427 1711 4492 unde

168 4532 204 4596 δὲ
219 4529 431 4616 ἀντίσχοντσς,
447 4529 488 4593 f&
511 4549 567 4614 pes
590 4524 715 4612 [θηρία]
739 4527 783 4603 Εῖς
802 4525 859 4600 τάς
875 4524 918 4589 σί·
963 4539 999 4602 in
1022 4553 1090 4619 quo
1112 4553 1180 4599 non
1201 4534 1353 4616 proficua
1374 4533 1470 4614 foret,
1492 4533 1708 4598 subscribens

168 4636 258 4714 ιιιίοις
272 4635 458 4710 νοιτιιδνσιις
472 4641 587 4720 κιιριϊ·
604 4631 633 4696 οἱ
644 4632 680 4697 δὲ
694 4629 851 4714 ἀνθριοιισι
863 4631 919 4695 τάν
963 4643 1027 4706 ait:
1051 4645 1124 4704 orto
1139 4639 1218 4718 sole,
1234 4637 1314 4702 ferm
1337 4638 1374 4701 in
1387 4638 1540 4720 proprios
1555 4653 1708 4701 recessus

168 4750 227 4829 τῆς
257 4737 411 4825 προτέροις
439 4735 561 4822 ἡμέρας
590 4735 686 4800 σάνσν
716 4732 914 4819 ἀσσθάρινσι,
964 4765 1000 4812 se
1015 4744 1201 4825 recipiunt3
1224 4741 1378 4806 homines
1392 4758 1482 4820 vero,
1498 4740 1612 4804 labore
1626 4758 1710 4822 μειο-

168 4843 335 4932 προθύμιος
349 4841 444 4908 ττάλιν
458 4843 505 4907 ῑτι
518 4848 584 4918 τοῖς
600 4841 703 4926 ἔργοις
718 4837 919 4924 διηριρσιλσν·
963 4848 1112 4914 cedentis
1124 4845 1191 4910 diei
1204 4844 1365 4927 deposito,
1377 4845 1534 4908 alacriter
1543 4861 1580 4909 se
1591 4863 1710 4909 rursus

170 4971 211 5016 σι·
228 4986 270 4999 ·-
285 4946 369 5014 Οἷιδέ
390 4949 426 5012 τά
441 4944 580 5034 ζητῆσαι
601 4945 637 5012 δὲ
653 4944 783 5031 τροφὴν,
803 4941 918 5030 ιινρῑιις
964 4954 1007 5020 ad
1021 4969 1123 5035 opera
1137 4951 1260 5016 diurna
1281 4950 1477 5028 accingunt.
1495 4984 1534 4995 -
1556 4949 1649 5025 Quod
1664 4950 1713 5015 di·

208 5192 236 5245 v,
249 5169 456 5242 lactuca
