4008 6094
291 411 333 474 36
951 405 1162 470 ORIGENES

289 551 354 616 ἀπὸ
368 544 502 633 καρδίας
516 545 696 627 λαλοῦντες,
713 546 768 609 καὶ
783 544 820 609 οὐ
835 545 876 608 τὰ
891 541 954 608 ἀπὸ
970 543 1041 609 στό-
1088 547 1192 610 nandi
1221 545 1401 609 fallaciam.
1429 544 1632 630 Plerumque
1658 550 1750 613 enim
1776 549 1838 616 abs

290 675 389 742 ματος
403 648 533 738 Κυρίου.
1086 649 1298 713 Hierusalem
1325 651 1482 714 exierunt
1511 653 1834 736 pseudo-prophetae,

1086 750 1278 817 effutientes
1294 754 1398 817 verba
1412 771 1454 818 ex
1476 755 1575 820 corde
1589 774 1661 838 suc,
1685 760 1744 823 sed
1768 777 1836 824 non

1086 856 1129 920 ab
1145 873 1202 920 ore
1217 858 1363 922 Domini.

333 987 366 1031 v.
383 968 414 1030 6.
430 962 543 1030 Πολλὰ
565 957 719 1048 ἐποίησας
734 963 783 1046 σὺ,
804 960 912 1048 Κύριε,
928 961 945 1028 ὁ
960 958 1042 1038 Θεὸς
1129 979 1161 1024 v.
1186 963 1216 1024 6.
1238 964 1348 1028 Mults
1359 963 1480 1046 jecisti
1500 969 1547 1044 ίιι,
1571 967 1717 1050 Bomitae,
1743 971 1833 1036 Deus

290 1093 361 1158 μου,
376 1069 418 1135 τὰ
432 1067 594 1155 θαυμάσια
607 1089 675 1132 σου.
1084 1082 1184 1146 mnu,
1210 1067 1379 1134 mirabilia
1400 1073 1467 1134 ίιια.

333 1173 428 1240 Ἤτοι
442 1173 485 1251 ως
500 1175 544 1258 μὴ
560 1173 638 1238 όντα
652 1181 693 1258 τῇ
707 1170 799 1258 φύσει
813 1169 981 1257 ἀριθμητόι,
998 1169 1040 1248 ὡς
1130 1171 1240 1237 Multa
1254 1171 1393 1254 scilicet,
1411 1179 1450 1238 ut
1472 1191 1548 1255 quae
1564 1191 1606 1239 ex
1629 1181 1752 1241 natura
1773 1196 1837 1243 sua

287 1275 516 1363 θιιτρόαίνοντα
537 1275 640 1341 διὰτὸ
662 1274 783 1360 πλῆθος
798 1276 857 1361 την
879 1273 971 1360 φύσιν
985 1283 1042 1340 τοῦ
1087 1278 1454 1359 numerarinequeunt,
1466 1283 1505 1342 ιιι
1516 1297 1592 1361 quae
1603 1287 1739 1364 propter
1750 1283 1837 1346 mul-

290 1381 431 1468 ἀριθμοῦ.
1084 1379 1266 1444 titudinem
1281 1387 1444 1463 superant
1457 1385 1592 1448 numeri
1606 1391 1774 1451 naturam.

331 1507 365 1551 v.
379 1489 408 1552 7.
420 1483 652 1572 Ὀλοκαθτωμα
663 1485 719 1550 καί
730 1485 801 1569 περί
813 1479 970 1568 ἁμαρτίας
982 1482 1041 1548 οὐκ
1129 1503 1161 1548 v.
1177 1486 1208 1548 7.
1223 1488 1420 1553 Ηοίῦσαιιιία
1434 1493 1536 1570 cipro
1543 1495 1673 1570 pacato
1686 1509 1751 1559 ιυῦιι
1758 1511 1835 1577 ρυε-

289 1593 423 1676 ᾔτησας.
1088 1589 1215 1654 tutasti.

332 1692 371 1762 ‘0
386 1696 423 1760 δὲ
437 1696 631 1782 προρητικὸς
652 1692 748 1778 λόγος
762 1690 907 1759 ἐκθαλθιν
929 1701 1039 1776 ταῦτα,
1128 1696 1217 1758 Dum
1232 1712 1312 1759 vero
1327 1713 1437 1759 sermo
1453 1697 1669 1779 propheticus
1681 1699 1831 1781 hujsmo·

289 1801 348 1886 τὴν
362 1800 496 1887 λογικὴν
510 1797 620 1866 θυσίαν
634 1797 804 1878 ὑπέδειξεν.
1085 1797 1120 1862 di
1131 1797 1242 1878 rejicit
1253 1799 1459 1880 holocausta,
1467 1801 1679 1882 spiritualem
1687 1803 1833 1869 hostiam

1088 1903 1286 1967 insinuavit.

332 2031 364 2076 v.
382 2012 413 2076 8.
428 2008 485 2076 Ἐν
495 2004 642 2094 κεφαλίδι
653 2005 773 2094 βιθλίου
783 2007 959 2095 γίγραιιται
970 2013 1041 2097 περί
1127 2027 1160 2071 v.
1176 2009 1206 2071 8.
1222 2009 1265 2072 Ιιι
1279 2007 1383 2089 cupite
1397 2005 1477 2072 litia·
1490 2009 1647 2091 ειιθρίιιιιι
1657 2015 1707 2075 συί
1719 2009 1757 2076 de
1773 2029 1832 2078 ιιια.

291 2115 380 2202 ἐμοῦ.

333 2216 403 2283 Ota
416 2217 468 2283 ἐπὶ
483 2214 577 2302 τηνδε
593 2217 650 2303 μὲν
663 2215 749 2302 ἡμας
769 2216 948 2305 ἀναπέμπει
962 2242 1039 2306 γρα-
1127 2217 1201 2280 Non
1212 2215 1254 2278 ad
1266 2215 1355 2279 hanc
1366 2231 1437 2296 nos,
1450 2217 1492 2280 ad
1504 2217 1598 2281 illam
1610 2235 1689 2283 vero
1701 2237 1768 2284 non
1783 2239 1833 2286 re·

288 2324 364 2410 μὴν,
379 2322 431 2388 ἐπὶ
445 2319 539 2406 τήνδε
555 2323 601 2404 οῦ,
618 2321 690 2386 ἀλλ’
712 2321 763 2387 ἐπὶ
778 2331 884 2388 πᾶσαν
899 2327 958 2410 τὴν
973 2324 1041 2391 ded-
1084 2319 1190 2381 mittit
1204 2319 1419 2400 scripturam,
1434 2321 1493 2384 sed
1507 2322 1550 2385 ad
1569 2338 1702 2386 omnem
1726 2326 1836 2407 Scrip-

286 2448 439 2495 αααυαταυ
460 2429 597 2513 γραφὴν,
612 2428 672 2513 τὴν
693 2426 954 2513 ἐπαγγέλλουσαν
968 2431 1039 2515 περὶ
1084 2425 1198 2485 turam
1213 2421 1380 2488 divinitus
1398 2425 1608 2507 inspiratam,
1631 2445 1708 2509 quae
1731 2427 1772 2492 de
1795 2445 1834 2492 eo

287 2535 394 2600 αῦτοῦ.
403 2531 514 2598 Πάντα
526 2529 561 2596 δέ
572 2552 650 2617 φησι
658 2529 898 2618 μίανκεφαλίδα
905 2531 1034 2620 βιθλίου,
1085 2528 1268 2590 renuntiat.
1290 2529 1411 2593 Omnia
1433 2534 1547 2593 autem
1569 2534 1705 2597 vocavit
1726 2549 1834 2596 unum

284 2646 330 2725 τῷ
352 2635 664 2724 ἀνακεφαλαιοῦσθαι
685 2638 739 2701 τόν
761 2635 836 2722 παρ’
858 2636 971 2704 ἑαυτοῦ
994 2640 1038 2717 τίς
1071 2631 1262 2713 utillimum
1282 2631 1371 2714 libri,
1391 2635 1466 2698 ideo
1481 2635 1570 2715 quod
1588 2635 1625 2698 in
1647 2653 1756 2700 unum
1779 2653 1833 2698 ca·

285 2742 372 2830 ήμας
394 2740 573 2828 ἐληλυθότα
586 2739 691 2826 Λόγον
709 2741 754 2818 είς
769 2741 813 2826 ἓν,
836 2752 892 2808 τοῦ
907 2751 1038 2830 ποιῆσαι
1083 2743 1146 2821 pul
1161 2738 1335 2802 redactum
1359 2743 1410 2803 θΒί
1425 2740 1584 2820 Verbum,
1608 2741 1698 2822 quod
1721 2760 1742 2805 8
1763 2744 1847 2816 1³00.

285 2851 322 2914 τό
344 2845 469 2933 θίλημόι
498 2867 565 2929 σου,
588 2846 605 2910 ό
628 2844 709 2923 Θεός
740 2866 809 2932 μου.
840 2846 976 2934 Θίλημα
1001 2849 1036 2916 δὲ
1084 2843 1127 2906 ad
1142 2861 1203 2907 nos
1218 2845 1323 2923 venit,
1342 2845 1472 2907 scilieet
1493 2843 1603 2908 facere
1624 2847 1834 2910 voluntatem

286 2949 372 3035 λέγει
390 2957 446 3014 τοῦ
460 2947 595 3033 Πατρός,
611 2947 683 3014 καθ’
697 2949 716 3015 θ
730 2949 791 3034 ἦρε
804 2953 864 3036 την
879 2950 1035 3038 ἁμαρτίαν
1083 2953 1190 3029 tuam,
1221 2949 1322 3012 Deus.
1346 2951 1562 3013 Voluntatem
1586 2953 1701 3013 autem
1723 2952 1834 3016 Patris

288 3063 343 3119 τσῦ
365 3052 496 3138 κόσμου.
520 3049 568 3118 Ol>
581 3053 644 3137 γὰρ
665 3052 774 3138 ἦλθον,
798 3056 885 3139 φησί,
908 3065 1040 3142 ποιῆσαι
1084 3053 1836 3135 intelligit,secundumquamtulitpeccatum

289 3161 325 3224 τό
348 3156 473 3244 θέλημα
498 3158 534 3221 τό
557 3157 642 3241 ἐμόν,
666 3156 751 3222 ἀλλὰ
772 3160 808 3223 τὸ
834 3157 960 3246 θέλημα
983 3171 1046 3250 τοῦἱ
1084 3159 1214 3223 mundi.
1230 3158 1834 3239 «Nonenimvcni,inquit,facereve-

287 3261 469 3350 πίμψαντός
481 3282 529 3348 με.
542 3259 607 3326 Καὶ
619 3261 719 3339 τυθεὶς
730 3262 808 3348 ὑπὲρ
819 3271 877 3347 της
889 3263 1037 3331 ἁπάντων
1084 3265 1252 3328 luntatem
1264 3281 1385 3342 meam,
1397 3261 1456 3326 sed
1467 3264 1678 3328 voluntatem
1690 3263 1764 3343 ejus
1776 3267 1836 3347 qui

288 3365 454 3453 ἁμαρτίας,
466 3365 509 3443 ὡς
520 3363 721 3453 deficiatur
731 3365 913 3453 γενομένης,
927 3369 1040 3456 μηκέτι
1083 3368 1178 3431 misit
1190 3385 1281 3432 me.»
1298 3369 1343 3430 ut
1358 3368 1552 3431 immolatus
1568 3371 1619 3430 est
1630 3385 1690 3448 pro
1697 3373 1834 3450 peccato

289 3469 384 3558 χρεία
398 3471 419 3556 η
435 3477 494 3553 της
514 3469 585 3552 περί
607 3467 763 3556 ἁμαρτίας
781 3469 898 3550 θυσίας.
921 3472 1038 3553 Καλῦς
1083 3474 1330 3551 universorum,
1346 3472 1394 3534 ita
1409 3475 1457 3551 ut,
1469 3469 1542 3550 jam
1558 3470 1647 3534 facta
1665 3473 1832 3536 remissio-

289 3575 379 3640 οὖνὸ
402 3573 562 3658 Σολωμιλιν
584 3582 750 3660 παρεγγυᾷ
772 3577 816 3661 μη
840 3577 974 3643 κτᾶσθαι
996 3578 1040 3666 βι-
1083 3594 1136 3657 ne,
1155 3595 1223 3641 non
1239 3594 1323 3658 opus
1338 3577 1384 3640 sit
1398 3576 1546 3675 amplius
1558 3575 1669 3639 hostia
1684 3594 1744 3657 pro
1759 3593 1835 3658 pec·

288 3677 362 3745 θλία
380 3677 495 3760 πολλὰ,
519 3677 578 3762 τὴν
599 3677 845 3764 πεπλανημένην
868 3681 1038 3770 αίνιττόμε-
1085 3687 1170 3744 cato.
1183 3681 1327 3744 Pulchre
1339 3681 1448 3758 igitur
1459 3681 1616 3744 Salomon
1628 3681 1756 3760 suadet,
1768 3698 1835 3744 non

288 3805 342 3862 νος
356 3784 408 3849 διὰ
429 3792 485 3848 τοῦ
499 3780 639 3867 πλήθους
663 3781 737 3866 [τῦν
759 3780 908 3870 βιθλίων],
931 3784 974 3863 ὡς
994 3786 1037 3851 cl-
1082 3787 1208 3850 multos
1220 3786 1396 3867 acquirere
1408 3785 1522 3864 libros,
1536 3784 1702 3864 alludens,
1714 3790 1753 3848 ut
1765 3787 1835 3866 opi-

287 3909 354 3974 μαι,
370 3884 494 3972 σοφίαν.
1083 3908 1154 3969 nor,
1170 3891 1213 3954 ad
1230 3889 1432 3971 sapientiam
1448 3889 1491 3954 ob
1507 3889 1633 3953 multos
1648 3889 1752 3952 libros
1763 3906 1835 3952 eca-

1081 3999 1210 4059 tentem
1226 3995 1406 4058 erroribus.

332 4116 363 4162 v.
383 4097 433 4160 11.
449 4093 558 4179 Κύριε,
574 4096 614 4160 σὺ
636 4096 733 4182 ἔγνως
752 4097 811 4182 την
834 4096 1037 4184 δικαιοσύνην
1125 4119 1157 4164 v.
1175 4102 1226 4164 11.
1248 4099 1394 4178 Domine,
1420 4102 1458 4163 ίιι
1472 4095 1649 4180 coemisti
1661 4093 1834 4176 justitiam

288 4222 359 4288 μου,
376 4200 436 4264 οὐκ
446 4199 570 4284 ἔκρυψα
581 4199 616 4265 ἐν
627 4209 666 4285 τῇ
682 4197 798 4287 καρδία
814 4221 873 4287 μου
885 4203 944 4288 την
960 4202 1038 4288 ἀλη-
1081 4222 1193 4285 mum,
1218 4221 1282 4269 ιιυιι
1297 4201 1445 4268 adsonem
1467 4202 1504 4265 ιἰι
1522 4199 1613 4266 corde
1627 4217 1694 4264 mco
1715 4200 1835 4265 casu-

288 4303 375 4370 θειόιν
391 4323 458 4386 σου,
481 4305 587 4368 καὶτὸ
611 4302 765 4390 σωτήριόν
788 4326 845 4371 σου
864 4307 956 4372 είπα·
978 4309 1038 4376 οὐκ
1082 4312 1144 4372 tem
1159 4313 1258 4387 ίιιαιιι,
1277 4307 1469 4372 stratulum
1484 4310 1577 4370 tuum
1590 4305 1672 4369 dict.
1688 4305 1762 4370 Νυα
1782 4305 1836 4370 αό-

288 4405 413 4492 όκρυψα
427 4409 463 4471 τό
478 4406 567 4486 ἔλεός
582 4428 639 4473 σου
654 4410 710 4473 καί
725 4409 783 4494 τὴν
807 4407 958 4494 ἀλήθειάν
980 4434 1037 4479 σου
1080 4411 1189 4477 soordi
1212 4410 1467 4476 misericordiam
1494 4414 1584 4475 tuum
1611 4412 1644 4475 et
1666 4411 1836 4476 ceritatem

287 4511 351 4575 ἀπὸ
367 4520 554 4597 συναγωγῆς
569 4511 700 4597 πολλῆς.
804 4529 809 4542 ·
1081 4521 1171 4581 triam
1185 4533 1207 4581 α
1221 4517 1355 4582 coucilia
1369 4515 1479 4579 υιιιῖίυ.

294 4647 298 4654 ·
330 4613 397 4680 Καὶ
418 4625 561 4701 τυχοῦσα
582 4624 639 4702 της
659 4615 815 4702 σωτηρίας
838 4616 932 4704 ητοῦ
953 4620 1036 4688 Θεοῦ
1124 4621 1186 4685 Dei
1202 4621 1363 4698 Ecclesia,
1380 4636 1457 4701 quae
1479 4618 1626 4683 salutem
1648 4622 1749 4682 nacta
1771 4624 1833 4699 est,

286 4717 453 4806 ἐκκλησία,
481 4720 580 4786 δεῖται
601 4721 696 4788 πάλιν
717 4731 774 4809 της
796 4723 893 4790 αὑτοῦ
916 4745 1038 4812 προμη-
1080 4725 1214 4806 indiget
1228 4725 1353 4788 iterum
1368 4721 1442 4804 ejus
1457 4723 1679 4808 providentia,
1692 4723 1735 4788 ob
1745 4725 1832 4788 mul-

321 4885 349 4925 v.
363 4865 389 4923 θ.
402 4867 471 4924 Vat.
484 4865 522 4924 ὅ..
1079 4889 1176 4942 συσσο,
1194 4871 1252 4926 BB.
1274 4876 1486 4944 expunxerunt,
1508 4887 1575 4928 cnm
1596 4869 1730 4944 quadam
1750 4869 1829 4943 apud

320 4972 349 5012 v.
362 4955 388 5009 θ.
400 4953 468 5012 Vat
481 4954 508 5009 2.
1079 4958 1212 5016 eumdem
1229 4955 1401 5013 Gordcrium
1417 4959 1572 5032 premissa
1587 4958 1706 5016 minime
1727 4957 1826 5029 negle-

318 5059 347 5101 v.
359 5043 386 5098 θ.
399 5042 467 5098 θαι.
478 5043 505 5112 2,
518 5040 544 5111 θ,
556 5041 582 5097 5.
595 5041 685 5098 Hebr.
700 5060 730 5112 x,
743 5043 768 5098 7.
785 5043 807 5101 J
808 5061 872 5100 oen
886 5063 914 5102 τ.
927 5045 971 5102 θθ.
984 5047 1035 5104 Ul-
1080 5044 1186 5102 xcriut.
1198 5044 1294 5100 Eccle.
1307 5061 1362 5114 ιιι,
1377 5045 1418 5101 12.

284 5127 358 5185 tima
380 5127 507 5201 prebuit
524 5126 689 5197 domarius,
708 5145 782 5200 quae,
799 5129 899 5188 nascio
923 5147 981 5204 qua
998 5131 1035 5188 de
1114 5149 1142 5191 v.
1158 5133 1198 5202 11,
1212 5131 1254 5189 Ιθ.
1268 5132 1335 5189 Vei.
1350 5132 1392 5188 ld
