4044 6104
295 427 357 490 386
970 429 1179 494 oarnnrues

298 591 356 655 μου
380 566 607 656 τετηιημένην,
635 567 816 635 ἐπανελθεῖν
847 571 905 654 τὴν
935 567 1059 656 ψυχήν
1086 591 1170 651 rare,
1183 551 1342 635 utanima
1355 571 1390 634 in
1400 573 1581 654 pristinum
1591 575 1717 635 statum
1730 587 1830 634 suum

296 696 364 759 μου.
1050 714 1054 722 -
1087 680 1305 755 restauretur,
1321 681 1355 739 et
1370 679 1404 739 in
1419 678 1544 741 honore
1562 678 1768 757 quemDeus
1785 677 1834 739 illi

1087 779 1241 857 contulit,
1258 778 1517 856 redintegretur.

339 905 370 949 ν.
389 886 418 964 l,
436 887 465 947 8.
487 881 670 967 Ἀνάστηθι,
695 883 802 968 Κύριε,
826 884 859 947 ἐν
879 885 958 968 ὀργῇ
975 903 1041 964 σου,
1131 900 1162 944 v.
1179 883 1210 960 7,
1234 883 1264 944 8.
1289 885 1429 964 Εακνρο,
1457 884 1600 962 Domine,
1630 884 1667 946 ιἰι
1689 885 1743 948 irc
1768 889 1836 962 tuo,

295 989 436 1074 θψῶθητι
458 988 491 1053 ἐν
514 999 579 1066 τοῖς
602 988 716 1073 πέρασι
739 999 799 1054 τῶν
818 989 940 1074 ἐχθρῶν
962 1009 1042 1074 μου·
1087 987 1230 1051 cccltccc
1254 988 1290 1050 ιἰι
1305 987 1434 1068 fluidus
1457 987 1661 1052 inimicorum
1675 1004 1835 1066 υιεοινακ;

294 1092 483 1179 ἐξεγὲρθητι,
507 1093 603 1178 Κύριε
619 1094 636 1158 δ
652 1093 732 1170 Θεάς
749 1114 818 1179 μου,
836 1093 869 1158 ἐν
884 1094 1042 1178 προστάγ-
1087 1095 1117 1152 ct
1131 1108 1271 1172 (σωκρο,
1289 1091 1434 1169 Domine,
1451 1093 1538 1154 Deus
1554 1107 1652 1169 nuuc,
1671 1091 1708 1154 iu
1717 1108 1832 1172 procc-

295 1217 369 1280 μσιτι
380 1199 405 1282 ᾧ
417 1196 570 1278 ἒνετεέλω,
582 1198 636 1260 καὶ
648 1198 814 1281 συναγωγὴ
824 1196 910 1260 λαῶν
921 1194 1042 1260 κυκλὼ-
1081 1201 1139 1274 plo
1150 1193 1234 1275 quod
1245 1194 1416 1274 transducti,
1428 1198 1459 1258 ct
1469 1211 1632 1277 οχοομορα
1639 1195 1834 1275 populomn

298 1322 345 1364 σει
362 1321 407 1364 σε.
1088 1297 1352 1362 circumducito.

341 1403 514 1489 Σύμμαχον
549 1403 662 1467 ἑαυτοῦ
685 1405 740 1467 καὶ
769 1402 882 1488 βοηθὸν
906 1405 959 1468 τὸν
986 1423 1044 1465 σω-
1133 1404 1402 1466 commilitonem
1425 1403 1491 1466 sibi
1518 1408 1551 1464 et
1570 1403 1749 1466 tutelarem
1777 1403 1833 1466 ad·

296 1516 379 1592 τηρα
404 1507 558 1572 sarxena.
583 1505 663 1591 Ὁρᾷ
691 1507 726 1570 δὲ
749 1507 796 1571 ὅτι
823 1508 919 1571 αὐτοῦ
945 1506 1045 1571 δεῖται
1089 1510 1188 1568 vocat
1212 1507 1430 1585 salvatorem,
1454 1524 1493 1568 uc
1519 1507 1612 1570 videt
1633 1525 1714 1570 sane
1742 1507 1832 1588 quod

296 1622 475 1697 στρατηγοῦ
497 1614 573 1696 πρὸς
596 1621 728 1676 τοσοῦτο
752 1609 964 1694 στρατόπεδον
989 1611 1043 1694 έχ-
1089 1610 1242 1688 indigeat
1258 1611 1342 1674 duce
1357 1612 1437 1675 belli
1454 1611 1615 1676 adversus
1630 1617 1700 1674 tam
1717 1615 1835 1676 imma-

295 1717 383 1802 θρῶν
404 1725 461 1800 της
484 1714 698 1800 ἀντικειμένης
722 1713 898 1799 δυνάμεως·
922 1713 969 1777 διδ
985 1733 1044 1776 πα-
1090 1733 1166 1776 nem
1182 1715 1312 1794 copiam
1340 1715 1487 1778 hostium
1514 1715 1716 1780 adversariae
1742 1723 1833 1797 pote-

296 1822 431 1907 ρακαλεϊ
451 1821 545 1885 αὐτὸν
568 1819 742 1904 ἀναστῆναι
765 1819 844 1904 μετὰ
864 1816 1045 1902 άγανακτη-
1088 1822 1195 1883 statis.
1227 1818 1369 1899 Adjurat
1397 1837 1480 1898 ergo
1506 1839 1595 1900 eum,
1623 1825 1662 1884 ut
1687 1829 1835 1899 exurgat

295 1949 374 2004 σεως
388 1929 444 1990 καὶ
466 1927 563 2009 δργης
586 1932 642 2008 της
664 1924 749 1987 κατά
771 1932 832 1987 τῶν
856 1921 985 2007 ἐχθρῶν,
1003 1920 1044 1999 ὡς
1088 1943 1166 1988 oum
1193 1925 1427 2003 indignatione
1455 1932 1488 1988 et
1516 1927 1566 1989 ira
1587 1943 1650 1989 sua
1672 1926 1834 1988 adversus

296 2033 334 2098 δν
359 2033 452 2107 αὐτὸς
468 2030 485 2093 δ
499 2027 615 2113 Κύριος
632 2028 670 2092 δι’
687 2027 801 2092 ἑαυτοῦ
824 2029 900 2110 πρὸς
923 2027 995 2102 τοὺς
1011 2025 1045 2088 ά·
1089 2031 1253 2109 inimicos,
1270 2031 1317 2093 ita
1332 2035 1371 2093 ut
1382 2032 1452 2110 ipse
1468 2032 1632 2094 Dominus
1643 2047 1703 2110 per
1715 2049 1750 2093 se
1765 2031 1833 2094 bel·

296 2143 403 2220 φανεῐς
428 2135 483 2198 καὶ
509 2133 663 2216 ἀοράτους
692 2131 826 2217 ἐχθροὺς
861 2129 1042 2209 ἀναδέξαιτο
1089 2136 1160 2197 lum
1191 2142 1346 2198 exerceat
1374 2135 1535 2198 adversus
1563 2134 1776 2198 absconditos
1801 2140 1836 2198 et

296 2239 444 2324 πόλεμον.
459 2231 675 2321 Ἔξεγέρθητι,
691 2237 708 2300 δ
724 2236 804 2314 Θεός
817 2257 885 2322 μου,
901 2237 935 2301 ἐν
951 2257 1045 2320 προσ·
1089 2239 1277 2302 invisibiles
1300 2239 1422 2302 hostes.
1446 2241 1604 2321 Εαοαιηο,
1623 2241 1710 2303 Βοιαν
1732 2255 1830 2316 mcccc,

296 2345 433 2429 τάγματι
455 2343 480 2430 ᾧ
503 2339 663 2408 ένετείλω·
687 2344 725 2406 σὺ
744 2341 805 2425 γάρ
829 2341 932 2423 αὐτὸς,
957 2341 1044 2424 φησὶ,
1088 2343 1125 2405 io
1140 2341 1393 2424 praeoptamus
1414 2341 1587 2408 mundasti.
1605 2345 1655 2406 Tu
1678 2344 1759 2423 ipse,
1775 2345 1833 2421 ait,

297 2449 335 2510 σὺ
354 2446 429 2530 ἡμῖν
448 2454 512 2523 τοῖς
532 2443 704 2530 ἀνθρώποις
719 2443 872 2524 ἐνετεέλω,
889 2443 1045 2528 πράσταγ-
1089 2451 1128 2508 tn
1151 2463 1211 2509 nos
1243 2447 1396 2508 homines
1421 2443 1555 2524 jussisti
1583 2452 1749 2527 praeoepto
1775 2454 1835 2511 tuo

298 2572 342 2636 μα
353 2549 506 2632 δεδωκὼς,
524 2548 730 2635 ἀγωνίζεσθαι
744 2550 829 2613 κατὰ
840 2557 901 2615 τῶν
914 2547 1045 2613 άντικει-
1089 2557 1218 2614 certare
1233 2550 1417 2612 certamine
1432 2567 1510 2612 oum
1527 2551 1676 2614 adversis
1692 2555 1836 2631 potesta-

297 2652 396 2737 μένων
423 2652 593 2737 δυνάμεων.
624 2652 669 2717 Σὺ
695 2652 799 2732 αὐτὸς,
823 2652 840 2715 δ
863 2650 944 2729 Θεάς
974 2673 1044 2737 μου,
1089 2657 1190 2719 tibus.
1218 2657 1269 2718 'ln
1286 2656 1367 2735 ipse,
1393 2656 1484 2717 Deus
1513 2671 1619 2734 meus,
1646 2672 1705 2736 per
1732 2659 1836 2718 temet

223 2777 225 2788 ’
296 2759 347 2823 διά
368 2768 484 2824 σαυτοῦ
507 2768 599 2822 τοῦτο
622 2755 832 2838 κατόρθωσον.
857 2755 896 2821 Εἰ
916 2757 977 2841 γάρ
992 2755 1044 2841 γέ·
1090 2762 1236 2841 idipsum
1253 2760 1305 2822 feo
1321 2759 1473 2822 feliciter.
1487 2759 1522 2822 ld
1540 2760 1664 2841 quippe
1676 2759 1706 2822 si
1722 2777 1782 2840 per
1800 2765 1835 2822 te

297 2883 380 2928 νοιτο
396 2863 455 2926 ὑπὸ
471 2871 528 2926 ooo
543 2862 714 2942 ταῦτακαὶ
729 2857 1044 2943 καθαιρεθεῖενυὶδε-
1089 2865 1159 2944 fiat,
1183 2863 1420 2945 pessumdandi
1443 2867 1524 2926 sunt
1539 2864 1696 2926 recensiti
1712 2863 1836 2927 hostes.

297 2965 472 3052 δηλωμένοι
498 2963 624 3052 ἐχθροί·
647 2963 717 3029 τότε
740 2962 792 3048 δη,
811 2962 885 3028 τότε
908 2963 967 3026 one
983 2961 1045 3046 ἐγὼ
1090 2956 1184 3032 Tu'no
1199 2972 1299 3047 certe,
1315 2972 1397 3030 tuno
1413 2985 1479 3030 non
1503 2984 1568 3046 ego
1583 2969 1675 3030 solus
1702 2975 1837 3049 recepta

298 3071 391 3156 μόνος
407 3079 464 3154 της
480 3071 567 3153 παρὰ
578 3078 636 3133 σοῦ
649 3067 794 3152 τεύξομαι
810 3062 977 3149 tomellis,
990 3063 1045 3129 ἄλ·
1089 3081 1157 3137 ate
1173 3075 1283 3163 salute
1306 3072 1409 3152 fruar,
1433 3075 1491 3137 sed
1514 3081 1547 3136 et
1558 3074 1757 3155 οωιρνεραάο
1776 3089 1834 3152 ρο

297 3176 340 3240 λὰ
355 3178 410 3241 καὶ
425 3175 591 3259 συναγωγὴ
608 3172 695 3237 λαῶν
710 3169 866 3237 κυκλώσει
877 3191 923 3252 σε,
940 3169 1046 3254 δπηνί-
1085 3177 1237 3263 pulcrum
1248 3176 1457 3243 circumdabit
1467 3180 1506 3255 cc,
1522 3176 1656 3257 quando
1669 3177 1832 3240 nimirum

299 3301 344 3344 κα
358 3288 419 3345 τῶν
434 3278 554 3364 ἐχθρῶν
565 3277 603 3341 ἐκ
615 3277 719 3342 ποδῶν
734 3275 901 3359 ἀρθέντων,
917 3277 972 3339 καὶ
987 3283 1044 3359 τῆς
1089 3283 1241 3346 hostibus
1268 3300 1288 3344 a
1306 3283 1411 3363 stirpe
1438 3281 1627 3360 eradicatis,
1651 3285 1685 3344 et
1710 3281 1836 3345 abolita

298 3383 480 3469 δαιμονικης
503 3381 625 3466 πλάνης
649 3379 892 3464 ἀπελασθείσης,
909 3388 970 3444 τῶν
993 3379 1041 3444 ld·
1089 3388 1276 3450 damonum
1292 3385 1507 3466 νενικηκέναι
1524 3386 1834 3463 vocatiogentium,

296 3498 357 3553 νῶν
371 3487 494 3573 γένοιτο
516 3486 637 3570 sliat,
663 3486 718 3548 καὶ
732 3492 793 3548 τῶν
816 3482 974 3548 ἐκλεκτῶν
990 3505 1042 3547 0⁰⁶
1089 3499 1123 3555 et
1149 3493 1372 3554 constituetur
1393 3480 1614 3568 congregatio
1642 3489 1835 3552 electorum.

297 3593 425 3677 ναγωγη
449 3599 604 3674 καταστῇ.
632 3588 712 3652 Τότε
730 3589 792 3673 γάρ
808 3588 916 3669 αὐτῆς,
940 3587 1044 3670 ὥσπερ
1089 3597 1183 3658 Τυησ
1199 3611 1344 3674 namque
1371 3599 1409 3655 tu
1422 3593 1515 3655 illius
1532 3593 1568 3655 in
1591 3591 1711 3671 medio,
1728 3593 1836 3656 veluti

296 3699 329 3763 ἐν
344 3707 430 3783 χορῷ
448 3695 541 3782 μέσος
556 3695 723 3780 γενόμενος
735 3702 791 3776 της
803 3691 917 3757 ἑαυτοῦ
929 3690 1044 3774 ἔκκλη·
1090 3703 1123 3762 in
1144 3700 1254 3776 choro,
1289 3699 1428 3778 positus,
1460 3703 1527 3760 tuae
1547 3698 1654 3777 ipsius
1677 3697 1837 3760 Ecclesium

297 3800 375 3884 σίας,
393 3798 587 3884 ἀναπέμψας
603 3807 646 3884 τῷ
662 3806 778 3862 σαυτοῦ
792 3795 956 3879 Πατρὶτδν
972 3793 1044 3879 πρέ·
1089 3805 1265 3886 hymnum,
1299 3808 1359 3864 tuo
1390 3804 1487 3864 Patre
1516 3801 1673 3880 dignum,
1708 3799 1838 3880 offeres,

296 3927 396 3972 ποντα
422 3908 526 3990 ὕμνον,
554 3904 638 3967 κατὰ
660 3905 695 3966 τὸ
719 3903 779 3966 ὑπὸ
797 3910 864 3980 σοῦ,
889 3900 913 3963 ὼ
936 3898 1043 3983 Κύριε,
1090 3905 1371 3988 quemadmodum
1391 3905 1685 3984 ate,·01)0mine,
1709 3905 1837 3968 dictum

298 4007 483 4094 εἰρημένον·
508 4005 699 4092 Ἀπαγγελῶ
722 4007 756 4068 τδ
780 4003 879 4088 δνομά
902 4024 958 4068 σου
981 4013 1045 4080 τοῖς
1090 4015 1161 4075 est:
1199 4010 1377 4073 «Narrabo
1408 4026 1529 4072 nornen
1553 4013 1651 4074 tuum
1679 4010 1863 4073 frutribus·

297 4113 443 4196 ἀδελφοῖς
467 4133 535 4197 μου,
559 4109 696 4195 ἐνμέσῳ
720 4106 892 4192 ἐκκλησίας
916 4107 1044 4193 ὑμνήσω
1093 4109 1521 4196 neis‚inmedi0Ecclesiia
1534 4115 1748 4178 laudabotem
1763 4115 1840 4177 Ηισο

300 4240 345 4282 σε.
364 4217 413 4283 Τά
435 4218 470 4282 δὲ
484 4217 588 4281 πάντα
610 4213 800 4299 προφητεύει
823 4211 951 4277 ouante
967 4211 1045 4296 θείῳ
1090 4219 1204 4281 omnia
1223 4217 1329 4281 David
1346 4218 1552 4282 vaticinatur
1574 4220 1609 4282 in
1633 4219 1748 4281 divino
1770 4220 1838 4299 spi-

301 4320 467 4406 Πνεύματι,
485 4329 540 4383 τοῦ
556 4327 696 4402 σωτῆρος
718 4319 777 4402 τὴν
798 4315 971 4403 θεομανίαν
987 4318 1046 4402 οὐχ
1090 4321 1378 4401 ritu,signifioans
1391 4323 1573 4385 salvatoris
1586 4323 1838 4403 theophaniam,

302 4428 378 4510 ὑπὲρ
395 4425 507 4490 ἑαυτοῦ
528 4423 620 4508 μόνον
640 4421 855 4507 γενησομένην
875 4418 1045 4503 θεσπίζων,
1092 4444 1157 4487 non
1169 4443 1228 4506 pro
1240 4444 1275 4489 se
1287 4427 1396 4489 solum
1409 4426 1648 4507 peragendam,
1660 4427 1717 4491 sed
1730 4433 1764 4491 et
1774 4445 1835 4508 pro

302 4531 386 4596 ἀλλὰ
407 4533 461 4594 καὶ
477 4529 553 4611 ὑπὲρ
577 4529 692 4603 παντὸς
719 4536 772 4590 τοῶ
794 4535 854 4590 τῶν
877 4523 1046 4608 ἀνθρώπων
1093 4530 1250 4594 universo
1267 4531 1443 4593 hominum
1460 4549 1597 4609 genere.

298 4635 418 4720 γένους.

344 4761 373 4802 ν.
395 4741 443 4816 10,
465 4732 773 4818 11.Συντελεσθήτω
797 4735 835 4820 δὴ
861 4729 995 4816 πονηρία
1011 4731 1045 4795 δι·
1138 4757 1166 4800 ν.
1183 4741 1232 4817 10,
1252 4741 1299 4801 11.
1317 4739 1557 4802 θοιωιιικκισθκκ
1573 4741 1718 4821 mquitic
1726 4757 1838 4821 peccc-

298 4843 478 4928 μαρτωλῶν,
495 4843 548 4905 καὶ
564 4841 762 4916 κατευθυνεῑς
778 4839 906 4919 δίκαιον,
925 4836 1045 4914 ἑτάζιον
1092 4847 1206 4921 lorum,
1225 4847 1255 4906 ct
1270 4843 1392 4925 θένίρεσ
1407 4845 1546 4923 jucium,
1566 4847 1716 4909 suumne
1742 4845 1838 4910 cordo

333 5099 360 5136 ν.
375 5082 399 5146 7,
411 5081 436 5134 8,
449 5078 522 5134 Ibid.
537 5079 584 5134 Ps.
600 5096 663 5137 xxi·
686 5079 729 5132 23.
745 5077 815 5144 Qum
837 5075 1046 5132 facundissima
1127 5085 1152 5123 v.
1167 5068 1208 5136 10,
1223 5069 1263 5121 ll.
1274 5057 1348 5121 Ibid.
1363 5063 1542 5121 Suffurannn
1560 5063 1664 5122 folium
1676 5065 1781 5122 ultima
1792 5081 1839 5120 τι·

299 5165 391 5224 oratio
405 5165 495 5222 vixin
508 5165 571 5221 edd.
584 5163 763 5238 praelibatur.
1091 5156 1163 5232 puit.
