<?xml version="1.0" encoding="UTF-8"?>
<!DOCTYPE html PUBLIC "-//W3C//DTD XHTML 1.0 Transitional//EN"
    "http://www.w3.org/TR/xhtml1/DTD/xhtml1-transitional.dtd">
<html xmlns="http://www.w3.org/1999/xhtml" xml:lang="en" lang="en">
 <head>
  <title>
</title>
<meta http-equiv="Content-Type" content="text/html;charset=utf-8" />
  <meta name='ocr-system' content='tesseract 3.04.00' />
  <meta name='ocr-capabilities' content='ocr_page ocr_carea ocr_par ocr_line ocrx_word'/>
</head>
<body>
  <div class='ocr_page' id='page_1' title='image "./analectasacrasp00pitrgoog_0599.png"; bbox 0 0 3966 6104; ppageno 0'>
   <div class='ocr_carea' id='block_1_1' title="bbox 283 417 1823 642">
    <p class='ocr_par' dir='ltr' id='par_1_1' title="bbox 283 417 1823 642">
     <span class='ocr_line' id='line_1_1' title="bbox 283 417 1158 487; baseline 0.006 -7"><span class='ocrx_word' id='word_1_1' title='bbox 283 417 349 482; x_wconf 80' lang='lat'>586</span> <span class='ocrx_word' id='word_1_2' title='bbox 948 421 1158 487; x_wconf 83' lang='lat' dir='ltr'>ORIGENES</span> 
     </span>
     <span class='ocr_line' id='line_1_2' title="bbox 283 550 1823 642; baseline 0.002 -23"><span class='ocrx_word' id='word_1_3' title='bbox 283 550 489 642; x_wconf 59' lang='lat' dir='ltr'>modinum)</span> <span class='ocrx_word' id='word_1_4' title='bbox 510 574 658 642; x_wconf 81' lang='lat' dir='ltr'>corpore,</span> <span class='ocrx_word' id='word_1_5' title='bbox 682 565 723 624; x_wconf 92' lang='lat' dir='ltr'>nt</span> <span class='ocrx_word' id='word_1_6' title='bbox 742 559 853 642; x_wconf 91' lang='lat' dir='ltr'>homo,</span> <span class='ocrx_word' id='word_1_7' title='bbox 875 559 934 625; x_wconf 89' lang='lat' dir='ltr'>sed</span> <span class='ocrx_word' id='word_1_8' title='bbox 949 578 1031 642; x_wconf 83' lang='lat' dir='ltr'>que·</span> <span class='ocrx_word' id='word_1_9' title='bbox 1074 562 1216 624; x_wconf 81' lang='lat' dir='ltr'>vulnere</span> <span class='ocrx_word' id='word_1_10' title='bbox 1242 562 1335 625; x_wconf 86' lang='lat' dir='ltr'>sulus</span> <span class='ocrx_word' id='word_1_11' title='bbox 1356 561 1505 626; x_wconf 90' lang='lat' dir='ltr'>humano</span> <span class='ocrx_word' id='word_1_12' title='bbox 1527 561 1647 641; x_wconf 80' lang='lat' dir='ltr'><strong>generi</strong></span> <span class='ocrx_word' id='word_1_13' title='bbox 1668 559 1823 642; x_wconf 84' lang='lat' dir='ltr'>proveni·</span> 
     </span>
    </p>
   </div>
   <div class='ocr_carea' id='block_1_2' title="bbox 281 662 1940 1266">
    <p class='ocr_par' dir='ltr' id='par_1_2' title="bbox 282 662 1932 850">
     <span class='ocr_line' id='line_1_3' title="bbox 282 662 1932 748; baseline -0.001 -22"><span class='ocrx_word' id='word_1_14' title='bbox 282 662 484 726; x_wconf 89' lang='lat' dir='ltr'>triduanum</span> <span class='ocrx_word' id='word_1_15' title='bbox 501 668 674 729; x_wconf 91' lang='lat' dir='ltr'>mortuum</span> <span class='ocrx_word' id='word_1_16' title='bbox 693 665 734 730; x_wconf 89' lang='lat' dir='ltr'>de</span> <span class='ocrx_word' id='word_1_17' title='bbox 749 665 904 748; x_wconf 82' lang='lat' dir='ltr'>sepulcro</span> <span class='ocrx_word' id='word_1_18' title='bbox 925 665 1031 730; x_wconf 85' lang='lat' dir='ltr'>susei-</span> <span class='ocrx_word' id='word_1_19' title='bbox 1074 667 1135 727; x_wconf 87' lang='lat' dir='ltr'>ret.</span> <span class='ocrx_word' id='word_1_20' title='bbox 1150 664 1245 728; x_wconf 85' lang='lat' dir='ltr'>Siout</span> <span class='ocrx_word' id='word_1_21' title='bbox 1256 669 1291 728; x_wconf 85' lang='lat' dir='ltr'>et</span> <span class='ocrx_word' id='word_1_22' title='bbox 1302 664 1465 746; x_wconf 85' lang='lat' dir='ltr'>propheta</span> <span class='ocrx_word' id='word_1_23' title='bbox 1476 664 1678 747; x_wconf 76' lang='lat' dir='ltr'>predixerat</span> <span class='ocrx_word' id='word_1_24' title='bbox 1692 663 1823 727; x_wconf 80' lang='lat' dir='ltr'><strong>Esaias.</strong></span> <span class='ocrx_word' id='word_1_25' title='bbox 1931 706 1932 709; x_wconf 63' lang='lat'>,</span> 
     </span>
     <span class='ocr_line' id='line_1_4' title="bbox 282 766 1931 850; baseline -0.001 -20"><span class='ocrx_word' id='word_1_26' title='bbox 282 771 360 830; x_wconf 84' lang='lat' dir='ltr'>tuns</span> <span class='ocrx_word' id='word_1_27' title='bbox 376 768 473 848; x_wconf 81' lang='lat' dir='ltr'>quasi</span> <span class='ocrx_word' id='word_1_28' title='bbox 487 767 588 832; x_wconf 89' lang='lat' dir='ltr'>Deus.</span> <span class='ocrx_word' id='word_1_29' title='bbox 1076 769 1151 831; x_wconf 78' lang='lat' dir='ltr'>«ut</span> <span class='ocrx_word' id='word_1_30' title='bbox 1166 767 1248 848; x_wconf 88' lang='lat' dir='ltr'>ipse,</span> <span class='ocrx_word' id='word_1_31' title='bbox 1263 769 1385 850; x_wconf 87' lang='lat' dir='ltr'>inquit,</span> <span class='ocrx_word' id='word_1_32' title='bbox 1401 786 1520 849; x_wconf 84' lang='lat' dir='ltr'>pessus</span> <span class='ocrx_word' id='word_1_33' title='bbox 1536 772 1587 832; x_wconf 90' lang='lat' dir='ltr'>est</span> <span class='ocrx_word' id='word_1_34' title='bbox 1601 783 1661 848; x_wconf 90' lang='lat' dir='ltr'>pro</span> <span class='ocrx_word' id='word_1_35' title='bbox 1676 766 1826 848; x_wconf 78' lang='lat' dir='ltr'>pennatis</span> <span class='ocrx_word' id='word_1_36' title='bbox 1930 777 1931 780; x_wconf 73' lang='grc'>’</span> 
     </span>
    </p>

    <p class='ocr_par' dir='ltr' id='par_1_3' title="bbox 281 868 1940 1266">
     <span class='ocr_line' id='line_1_5' title="bbox 327 868 1932 962; baseline -0.002 -27"><span class='ocrx_word' id='word_1_37' title='bbox 327 873 517 953; x_wconf 88' lang='lat' dir='ltr'>Utrumque</span> <span class='ocrx_word' id='word_1_38' title='bbox 543 887 625 950; x_wconf 84' lang='lat' dir='ltr'>ergo</span> <span class='ocrx_word' id='word_1_39' title='bbox 650 868 836 962; x_wconf 83' lang='lat' dir='ltr'>credendus</span> <span class='ocrx_word' id='word_1_40' title='bbox 863 875 915 936; x_wconf 89' lang='lat' dir='ltr'>est</span> <span class='ocrx_word' id='word_1_41' title='bbox 935 869 1032 935; x_wconf 82' lang='lat' dir='ltr'>chri·</span> <span class='ocrx_word' id='word_1_42' title='bbox 1072 872 1206 952; x_wconf 87' lang='lat' dir='ltr'>uostris,</span> <span class='ocrx_word' id='word_1_43' title='bbox 1218 877 1254 936; x_wconf 91' lang='lat' dir='ltr'>et</span> <span class='ocrx_word' id='word_1_44' title='bbox 1262 875 1405 938; x_wconf 80' lang='lat' dir='ltr'>vulnere</span> <span class='ocrx_word' id='word_1_45' title='bbox 1416 873 1491 954; x_wconf 91' lang='lat' dir='ltr'>ejus</span> <span class='ocrx_word' id='word_1_46' title='bbox 1501 873 1612 937; x_wconf 90' lang='lat' dir='ltr'>sanati</span> <span class='ocrx_word' id='word_1_47' title='bbox 1623 889 1744 936; x_wconf 88' lang='lat' dir='ltr'>sumus</span> <span class='ocrx_word' id='word_1_48' title='bbox 1756 886 1826 932; x_wconf 93' lang='lat' dir='ltr'>om·</span> <span class='ocrx_word' id='word_1_49' title='bbox 1931 870 1932 921; x_wconf 69' lang='grc' dir='ltr'>ἶ</span> 
     </span>
     <span class='ocr_line' id='line_1_6' title="bbox 282 968 1932 1058; baseline 0 -19"><span class='ocrx_word' id='word_1_50' title='bbox 282 979 365 1055; x_wconf 88' lang='lat' dir='ltr'>stus,</span> <span class='ocrx_word' id='word_1_51' title='bbox 381 979 417 1038; x_wconf 89' lang='lat' dir='ltr'>et</span> <span class='ocrx_word' id='word_1_52' title='bbox 430 977 531 1056; x_wconf 88' lang='lat' dir='ltr'>Deus,</span> <span class='ocrx_word' id='word_1_53' title='bbox 547 976 712 1056; x_wconf 76' lang='lat' dir='ltr'>ethome,</span> <span class='ocrx_word' id='word_1_54' title='bbox 729 977 811 1056; x_wconf 89' lang='lat' dir='ltr'>quis</span> <span class='ocrx_word' id='word_1_55' title='bbox 825 976 915 1040; x_wconf 89' lang='lat' dir='ltr'>sieut</span> <span class='ocrx_word' id='word_1_56' title='bbox 928 975 1029 1039; x_wconf 91' lang='lat' dir='ltr'>homo</span> <span class='ocrx_word' id='word_1_57' title='bbox 1074 993 1145 1039; x_wconf 91' lang='lat' dir='ltr'>nes.</span> <span class='ocrx_word' id='word_1_58' title='bbox 1159 968 1209 1058; x_wconf 67' lang='grc'>»8)</span> <span class='ocrx_word' id='word_1_59' title='bbox 1225 979 1289 1040; x_wconf 87' lang='lat' dir='ltr'>Pro</span> <span class='ocrx_word' id='word_1_60' title='bbox 1309 979 1423 1040; x_wconf 92' lang='lat' dir='ltr'>nostro</span> <span class='ocrx_word' id='word_1_61' title='bbox 1439 977 1531 1040; x_wconf 93' lang='lat' dir='ltr'>enim</span> <span class='ocrx_word' id='word_1_62' title='bbox 1553 978 1690 1058; x_wconf 86' lang='lat' dir='ltr'>peoaato</span> <span class='ocrx_word' id='word_1_63' title='bbox 1704 989 1828 1055; x_wconf 87' lang='lat' dir='ltr'>passus</span> <span class='ocrx_word' id='word_1_64' title='bbox 1931 1020 1932 1039; x_wconf 53' lang='lat'>2</span> 
     </span>
     <span class='ocr_line' id='line_1_7' title="bbox 283 1077 1939 1161; baseline 0.001 -18"><span class='ocrx_word' id='word_1_65' title='bbox 283 1095 325 1143; x_wconf 85' lang='lat' dir='ltr'>err</span> <span class='ocrx_word' id='word_1_66' title='bbox 342 1079 556 1160; x_wconf 79' lang='lat' dir='ltr'>passionibus</span> <span class='ocrx_word' id='word_1_67' title='bbox 578 1081 786 1160; x_wconf 78' lang='lat' dir='ltr'>agnoscitur,</span> <span class='ocrx_word' id='word_1_68' title='bbox 809 1080 858 1143; x_wconf 85' lang='lat' dir='ltr'>ita</span> <span class='ocrx_word' id='word_1_69' title='bbox 872 1079 963 1144; x_wconf 90' lang='lat' dir='ltr'>Deus</span> <span class='ocrx_word' id='word_1_70' title='bbox 987 1096 1030 1143; x_wconf 82' lang='lat' dir='ltr'>ex</span> <span class='ocrx_word' id='word_1_71' title='bbox 1074 1083 1127 1145; x_wconf 88' lang='lat' dir='ltr'>est</span> <span class='ocrx_word' id='word_1_72' title='bbox 1140 1081 1354 1161; x_wconf 81' lang='lat' dir='ltr'>christus,ut</span> <span class='ocrx_word' id='word_1_73' title='bbox 1369 1080 1466 1144; x_wconf 92' lang='lat' dir='ltr'>nobis</span> <span class='ocrx_word' id='word_1_74' title='bbox 1477 1079 1613 1160; x_wconf 88' lang='lat' dir='ltr'>justitia</span> <span class='ocrx_word' id='word_1_75' title='bbox 1628 1077 1823 1142; x_wconf 85' lang='lat' dir='ltr'>donaretur.</span> <span class='ocrx_word' id='word_1_76' title='bbox 1938 1095 1939 1144; x_wconf 57' lang='grc' dir='ltr'><em>ὲ</em></span> 
     </span>
     <span class='ocr_line' id='line_1_8' title="bbox 281 1169 1940 1266; baseline -0.001 -22"><span class='ocrx_word' id='word_1_77' title='bbox 281 1181 440 1261; x_wconf 91' lang='lat' dir='ltr'>operibus</span> <span class='ocrx_word' id='word_1_78' title='bbox 452 1174 480 1264; x_wconf 58' lang='lat'>2)</span> <span class='ocrx_word' id='word_1_79' title='bbox 506 1182 753 1247; x_wconf 77' lang='lat' dir='ltr'>manifestatur.</span> <span class='ocrx_word' id='word_1_80' title='bbox 786 1183 923 1248; x_wconf 89' lang='lat' dir='ltr'>Habens</span> <span class='ocrx_word' id='word_1_81' title='bbox 946 1200 1029 1263; x_wconf 75' lang='lat' dir='ltr'>ergo</span> <span class='ocrx_word' id='word_1_82' title='bbox 1117 1185 1183 1252; x_wconf 70' lang='lat' dir='ltr'>dui</span> <span class='ocrx_word' id='word_1_83' title='bbox 1196 1186 1313 1250; x_wconf 83' lang='lat' dir='ltr'>Pontio</span> <span class='ocrx_word' id='word_1_84' title='bbox 1324 1201 1407 1265; x_wconf 75' lang='lat' dir='ltr'>ergo</span> <span class='ocrx_word' id='word_1_85' title='bbox 1422 1185 1532 1250; x_wconf 79' lang='lat' dir='ltr'>Pilato</span> <span class='ocrx_word' id='word_1_86' title='bbox 1536 1199 1659 1266; x_wconf 75' lang='lat' dir='ltr'>passos</span> <span class='ocrx_word' id='word_1_87' title='bbox 1672 1186 1722 1247; x_wconf 78' lang='lat' dir='ltr'>eet</span> <span class='ocrx_word' id='word_1_88' title='bbox 1731 1181 1828 1245; x_wconf 82' lang='lat' dir='ltr'>Chri·</span> <span class='ocrx_word' id='word_1_89' title='bbox 1938 1169 1940 1190; x_wconf 73' lang='grc'>”</span> 
     </span>
    </p>
   </div>
   <div class='ocr_carea' id='block_1_3' title="bbox 282 1282 1827 1577">
    <p class='ocr_par' dir='ltr' id='par_1_4' title="bbox 282 1282 1827 1577">
     <span class='ocr_line' id='line_1_9' title="bbox 282 1282 1827 1371; baseline 0.001 -25"><span class='ocrx_word' id='word_1_90' title='bbox 282 1282 373 1346; x_wconf 90' lang='lat' dir='ltr'>unde</span> <span class='ocrx_word' id='word_1_91' title='bbox 387 1301 528 1367; x_wconf 86' lang='lat' dir='ltr'>respuas</span> <span class='ocrx_word' id='word_1_92' title='bbox 542 1287 724 1366; x_wconf 81' lang='lat' dir='ltr'>magistros</span> <span class='ocrx_word' id='word_1_93' title='bbox 741 1286 891 1367; x_wconf 78' lang='lat' dir='ltr'>fallacia,</span> <span class='ocrx_word' id='word_1_94' title='bbox 907 1287 1030 1369; x_wconf 87' lang='lat' dir='ltr'>siquis</span> <span class='ocrx_word' id='word_1_95' title='bbox 1073 1294 1157 1352; x_wconf 88' lang='lat' dir='ltr'>stus.</span> <span class='ocrx_word' id='word_1_96' title='bbox 1180 1291 1327 1370; x_wconf 85' lang='lat' dir='ltr'>Tempus</span> <span class='ocrx_word' id='word_1_97' title='bbox 1349 1288 1558 1368; x_wconf 83' lang='lat' dir='ltr'>designatur,</span> <span class='ocrx_word' id='word_1_98' title='bbox 1580 1288 1661 1371; x_wconf 91' lang='lat' dir='ltr'>quia</span> <span class='ocrx_word' id='word_1_99' title='bbox 1682 1286 1827 1350; x_wconf 87' lang='lat' dir='ltr'>Pontius</span> 
     </span>
     <span class='ocr_line' id='line_1_10' title="bbox 282 1387 1825 1476; baseline 0 -26"><span class='ocrx_word' id='word_1_100' title='bbox 282 1387 346 1450; x_wconf 89' lang='lat' dir='ltr'>tibi</span> <span class='ocrx_word' id='word_1_101' title='bbox 376 1388 548 1453; x_wconf 87' lang='lat' dir='ltr'>homiuem</span> <span class='ocrx_word' id='word_1_102' title='bbox 573 1394 709 1454; x_wconf 89' lang='lat' dir='ltr'>tantum</span> <span class='ocrx_word' id='word_1_103' title='bbox 735 1391 835 1456; x_wconf 89' lang='lat' dir='ltr'>modo</span> <span class='ocrx_word' id='word_1_104' title='bbox 858 1392 1030 1456; x_wconf 80' lang='lat' dir='ltr'>Christum</span> <span class='ocrx_word' id='word_1_105' title='bbox 1075 1393 1204 1458; x_wconf 89' lang='lat' dir='ltr'>Pilatus</span> <span class='ocrx_word' id='word_1_106' title='bbox 1226 1410 1349 1475; x_wconf 75' lang='lat' dir='ltr'>praeses</span> <span class='ocrx_word' id='word_1_107' title='bbox 1364 1392 1431 1457; x_wconf 85' lang='lat' dir='ltr'>init</span> <span class='ocrx_word' id='word_1_108' title='bbox 1452 1393 1557 1476; x_wconf 77' lang='lat' dir='ltr'>Syria</span> <span class='ocrx_word' id='word_1_109' title='bbox 1572 1396 1607 1456; x_wconf 90' lang='lat' dir='ltr'>et</span> <span class='ocrx_word' id='word_1_110' title='bbox 1626 1389 1825 1454; x_wconf 76' lang='lat' dir='ltr'>Palaestina.</span> 
     </span>
     <span class='ocr_line' id='line_1_11' title="bbox 282 1490 1827 1577; baseline -0.001 -23"><span class='ocrx_word' id='word_1_111' title='bbox 282 1490 397 1572; x_wconf 80' lang='lat' dir='ltr'>fuisse,</span> <span class='ocrx_word' id='word_1_112' title='bbox 413 1493 449 1555; x_wconf 95' lang='lat' dir='ltr'>in</span> <span class='ocrx_word' id='word_1_113' title='bbox 471 1494 613 1558; x_wconf 90' lang='lat' dir='ltr'>auribus</span> <span class='ocrx_word' id='word_1_114' title='bbox 634 1513 812 1560; x_wconf 86' lang='lat' dir='ltr'>susurrare</span> <span class='ocrx_word' id='word_1_115' title='bbox 834 1496 1028 1576; x_wconf 82' lang='lat' dir='ltr'>tentaverit,</span> <span class='ocrx_word' id='word_1_116' title='bbox 1074 1497 1146 1560; x_wconf 84' lang='lat' dir='ltr'>Hor</span> <span class='ocrx_word' id='word_1_117' title='bbox 1160 1499 1276 1560; x_wconf 90' lang='lat' dir='ltr'>autem</span> <span class='ocrx_word' id='word_1_118' title='bbox 1291 1495 1367 1561; x_wconf 89' lang='lat' dir='ltr'>ideo</span> <span class='ocrx_word' id='word_1_119' title='bbox 1383 1500 1481 1559; x_wconf 79' lang='lat' dir='ltr'>naute</span> <span class='ocrx_word' id='word_1_120' title='bbox 1495 1495 1643 1577; x_wconf 88' lang='lat' dir='ltr'>ponitur,</span> <span class='ocrx_word' id='word_1_121' title='bbox 1659 1493 1743 1574; x_wconf 83' lang='lat' dir='ltr'>quia</span> <span class='ocrx_word' id='word_1_122' title='bbox 1766 1491 1827 1554; x_wconf 92' lang='lat' dir='ltr'>ali-</span> 
     </span>
    </p>
   </div>
   <div class='ocr_carea' id='block_1_4' title="bbox 280 1579 1946 1682">
    <p class='ocr_par' dir='ltr' id='par_1_5' title="bbox 280 1579 1946 1682">
     <span class='ocr_line' id='line_1_12' title="bbox 280 1579 1946 1682; baseline -0.002 -22"><span class='ocrx_word' id='word_1_123' title='bbox 280 1597 383 1660; x_wconf 87' lang='lat' dir='ltr'>dioito</span> <span class='ocrx_word' id='word_1_124' title='bbox 405 1599 486 1678; x_wconf 86' lang='lat' dir='ltr'>quia</span> <span class='ocrx_word' id='word_1_125' title='bbox 508 1598 608 1662; x_wconf 91' lang='lat' dir='ltr'>homo</span> <span class='ocrx_word' id='word_1_126' title='bbox 633 1579 770 1682; x_wconf 84' lang='lat' dir='ltr'>propter</span> <span class='ocrx_word' id='word_1_127' title='bbox 791 1603 930 1682; x_wconf 82' lang='lat' dir='ltr'>peecata</span> <span class='ocrx_word' id='word_1_128' title='bbox 952 1615 1029 1663; x_wconf 87' lang='lat' dir='ltr'>nos·</span> <span class='ocrx_word' id='word_1_129' title='bbox 1075 1601 1195 1682; x_wconf 91' lang='lat' dir='ltr'>quanti</span> <span class='ocrx_word' id='word_1_130' title='bbox 1206 1599 1451 1680; x_wconf 82' lang='lat' dir='ltr'>haeretioorum,</span> <span class='ocrx_word' id='word_1_131' title='bbox 1463 1599 1678 1663; x_wconf 82' lang='lat' dir='ltr'>daemoniaois</span> <span class='ocrx_word' id='word_1_132' title='bbox 1691 1595 1825 1676; x_wconf 90' lang='lat' dir='ltr'>deeepti</span> <span class='ocrx_word' id='word_1_133' title='bbox 1945 1620 1946 1623; x_wconf 40' lang='lat'>¹</span> 
     </span>
    </p>
   </div>
   <div class='ocr_carea' id='block_1_5' title="bbox 280 1693 1826 1891">
    <p class='ocr_par' dir='ltr' id='par_1_6' title="bbox 280 1693 1826 1891">
     <span class='ocr_line' id='line_1_13' title="bbox 281 1693 1826 1786; baseline -0.001 -23"><span class='ocrx_word' id='word_1_134' title='bbox 281 1703 351 1763; x_wconf 87' lang='lat' dir='ltr'>stra</span> <span class='ocrx_word' id='word_1_135' title='bbox 359 1693 385 1782; x_wconf 72' lang='lat'>³)</span> <span class='ocrx_word' id='word_1_136' title='bbox 401 1699 509 1765; x_wconf 84' lang='lat' dir='ltr'>iaetus</span> <span class='ocrx_word' id='word_1_137' title='bbox 525 1705 585 1782; x_wconf 88' lang='lat' dir='ltr'>est,</span> <span class='ocrx_word' id='word_1_138' title='bbox 601 1704 710 1765; x_wconf 92' lang='lat' dir='ltr'>Deum</span> <span class='ocrx_word' id='word_1_139' title='bbox 734 1719 778 1766; x_wconf 87' lang='lat' dir='ltr'>ex</span> <span class='ocrx_word' id='word_1_140' title='bbox 799 1703 985 1767; x_wconf 86' lang='lat' dir='ltr'>virtutibus</span> <span class='ocrx_word' id='word_1_141' title='bbox 997 1707 1031 1766; x_wconf 88' lang='lat' dir='ltr'>et</span> <span class='ocrx_word' id='word_1_142' title='bbox 1074 1703 1262 1786; x_wconf 78' lang='lat' dir='ltr'>fraudibus,</span> <span class='ocrx_word' id='word_1_143' title='bbox 1278 1703 1427 1768; x_wconf 80' lang='lat' dir='ltr'>diversos</span> <span class='ocrx_word' id='word_1_144' title='bbox 1442 1703 1601 1782; x_wconf 80' lang='lat' dir='ltr'>garriunt</span> <span class='ocrx_word' id='word_1_145' title='bbox 1611 1699 1763 1764; x_wconf 80' lang='lat' dir='ltr'>Christos</span> <span class='ocrx_word' id='word_1_146' title='bbox 1776 1716 1826 1762; x_wconf 89' lang='lat' dir='ltr'>es·</span> 
     </span>
     <span class='ocr_line' id='line_1_14' title="bbox 280 1800 1825 1891; baseline 0 -25"><span class='ocrx_word' id='word_1_147' title='bbox 280 1803 545 1885; x_wconf 85' lang='lat' dir='ltr'>professionibus</span> <span class='ocrx_word' id='word_1_148' title='bbox 555 1805 628 1886; x_wconf 89' lang='lat' dir='ltr'>jam</span> <span class='ocrx_word' id='word_1_149' title='bbox 640 1806 796 1886; x_wconf 81' lang='lat' dir='ltr'>cognovi,</span> <span class='ocrx_word' id='word_1_150' title='bbox 812 1805 944 1869; x_wconf 88' lang='lat' dir='ltr'>dioente</span> <span class='ocrx_word' id='word_1_151' title='bbox 956 1807 1030 1888; x_wconf 89' lang='lat' dir='ltr'>ipso</span> <span class='ocrx_word' id='word_1_152' title='bbox 1073 1800 1153 1891; x_wconf 84' lang='lat' dir='ltr'>se.⁹)</span> <span class='ocrx_word' id='word_1_153' title='bbox 1170 1811 1221 1873; x_wconf 83' lang='lat' dir='ltr'>Tu</span> <span class='ocrx_word' id='word_1_154' title='bbox 1237 1823 1319 1886; x_wconf 82' lang='lat' dir='ltr'>ergo</span> <span class='ocrx_word' id='word_1_155' title='bbox 1335 1811 1369 1872; x_wconf 88' lang='lat' dir='ltr'>et</span> <span class='ocrx_word' id='word_1_156' title='bbox 1383 1811 1517 1888; x_wconf 89' lang='lat' dir='ltr'>tempus</span> <span class='ocrx_word' id='word_1_157' title='bbox 1529 1805 1695 1888; x_wconf 85' lang='lat' dir='ltr'>passionis</span> <span class='ocrx_word' id='word_1_158' title='bbox 1707 1803 1825 1867; x_wconf 83' lang='lat' dir='ltr'>edoce-</span> 
     </span>
    </p>
   </div>
   <div class='ocr_carea' id='block_1_6' title="bbox 282 1907 1952 2203">
    <p class='ocr_par' dir='ltr' id='par_1_7' title="bbox 282 1907 1952 2203">
     <span class='ocr_line' id='line_1_15' title="bbox 282 1907 1950 1994; baseline -0.002 -22"><span class='ocrx_word' id='word_1_159' title='bbox 282 1909 448 1972; x_wconf 82' lang='lat' dir='ltr'>salvatore</span> <span class='ocrx_word' id='word_1_160' title='bbox 473 1914 589 1973; x_wconf 91' lang='lat' dir='ltr'>nostro</span> <span class='ocrx_word' id='word_1_161' title='bbox 603 1909 646 1973; x_wconf 90' lang='lat' dir='ltr'>ad</span> <span class='ocrx_word' id='word_1_162' title='bbox 671 1909 823 1974; x_wconf 88' lang='lat' dir='ltr'>Judaeos:</span> <span class='ocrx_word' id='word_1_163' title='bbox 852 1910 918 1974; x_wconf 78' lang='lat' dir='ltr'>«Si</span> <span class='ocrx_word' id='word_1_164' title='bbox 943 1911 1030 1975; x_wconf 94' lang='lat' dir='ltr'>mihi</span> <span class='ocrx_word' id='word_1_165' title='bbox 1074 1912 1132 1993; x_wconf 85' lang='lat' dir='ltr'>ris,</span> <span class='ocrx_word' id='word_1_166' title='bbox 1147 1917 1187 1976; x_wconf 90' lang='lat' dir='ltr'>ut</span> <span class='ocrx_word' id='word_1_167' title='bbox 1200 1915 1322 1994; x_wconf 77' lang='lat' dir='ltr'>prater</span> <span class='ocrx_word' id='word_1_168' title='bbox 1344 1927 1423 1976; x_wconf 91' lang='lat' dir='ltr'>eum</span> <span class='ocrx_word' id='word_1_169' title='bbox 1439 1911 1499 1991; x_wconf 91' lang='lat' dir='ltr'>qui</span> <span class='ocrx_word' id='word_1_170' title='bbox 1521 1926 1601 1973; x_wconf 83' lang='lat' dir='ltr'>vere</span> <span class='ocrx_word' id='word_1_171' title='bbox 1615 1908 1679 1972; x_wconf 87' lang='lat' dir='ltr'>sub</span> <span class='ocrx_word' id='word_1_172' title='bbox 1702 1907 1824 1972; x_wconf 91' lang='lat' dir='ltr'>Pontio</span> <span class='ocrx_word' id='word_1_173' title='bbox 1949 1908 1950 1926; x_wconf 66' lang='lat'>¹</span> 
     </span>
     <span class='ocr_line' id='line_1_16' title="bbox 282 2007 1951 2100; baseline -0.001 -25"><span class='ocrx_word' id='word_1_174' title='bbox 282 2029 350 2076; x_wconf 90' lang='lat' dir='ltr'>non</span> <span class='ocrx_word' id='word_1_175' title='bbox 365 2012 512 2094; x_wconf 88' lang='lat' dir='ltr'>creditis,</span> <span class='ocrx_word' id='word_1_176' title='bbox 527 2015 583 2078; x_wconf 82' lang='lat' dir='ltr'>vel</span> <span class='ocrx_word' id='word_1_177' title='bbox 598 2031 699 2096; x_wconf 89' lang='lat' dir='ltr'>opera</span> <span class='ocrx_word' id='word_1_178' title='bbox 713 2013 849 2095; x_wconf 84' lang='lat' dir='ltr'>credite,</span> <span class='ocrx_word' id='word_1_179' title='bbox 861 2017 896 2078; x_wconf 88' lang='lat' dir='ltr'>et</span> <span class='ocrx_word' id='word_1_180' title='bbox 906 2030 1031 2094; x_wconf 73' lang='lat' dir='ltr'>eogno-</span> <span class='ocrx_word' id='word_1_181' title='bbox 1074 2018 1183 2082; x_wconf 91' lang='lat' dir='ltr'>Pilato</span> <span class='ocrx_word' id='word_1_182' title='bbox 1195 2032 1256 2100; x_wconf 89' lang='lat' dir='ltr'>pro</span> <span class='ocrx_word' id='word_1_183' title='bbox 1266 2017 1377 2080; x_wconf 81' lang='lat' dir='ltr'>seluto</span> <span class='ocrx_word' id='word_1_184' title='bbox 1392 2014 1511 2079; x_wconf 91' lang='lat' dir='ltr'>mundi</span> <span class='ocrx_word' id='word_1_185' title='bbox 1523 2031 1642 2096; x_wconf 88' lang='lat' dir='ltr'>passus</span> <span class='ocrx_word' id='word_1_186' title='bbox 1658 2014 1719 2092; x_wconf 89' lang='lat' dir='ltr'>est,</span> <span class='ocrx_word' id='word_1_187' title='bbox 1731 2011 1828 2076; x_wconf 84' lang='lat' dir='ltr'>Chri·</span> <span class='ocrx_word' id='word_1_188' title='bbox 1950 2007 1951 2028; x_wconf 66' lang='lat'>¹</span> 
     </span>
     <span class='ocr_line' id='line_1_17' title="bbox 282 2107 1952 2203; baseline -0.001 -23"><span class='ocrx_word' id='word_1_189' title='bbox 282 2118 383 2181; x_wconf 79' lang='lat' dir='ltr'>suetis</span> <span class='ocrx_word' id='word_1_190' title='bbox 401 2118 482 2199; x_wconf 89' lang='lat' dir='ltr'>quie</span> <span class='ocrx_word' id='word_1_191' title='bbox 496 2133 561 2196; x_wconf 79' lang='lat' dir='ltr'>ego</span> <span class='ocrx_word' id='word_1_192' title='bbox 576 2135 654 2182; x_wconf 88' lang='lat' dir='ltr'>sum</span> <span class='ocrx_word' id='word_1_193' title='bbox 669 2119 705 2182; x_wconf 93' lang='lat' dir='ltr'>in</span> <span class='ocrx_word' id='word_1_194' title='bbox 716 2120 827 2200; x_wconf 88' lang='lat' dir='ltr'>Patre,</span> <span class='ocrx_word' id='word_1_195' title='bbox 839 2120 873 2182; x_wconf 94' lang='lat' dir='ltr'>et</span> <span class='ocrx_word' id='word_1_196' title='bbox 883 2119 983 2182; x_wconf 82' lang='lat' dir='ltr'>Peter</span> <span class='ocrx_word' id='word_1_197' title='bbox 993 2117 1030 2182; x_wconf 89' lang='lat' dir='ltr'>iu</span> <span class='ocrx_word' id='word_1_198' title='bbox 1073 2126 1176 2202; x_wconf 87' lang='lat' dir='ltr'>stum,</span> <span class='ocrx_word' id='word_1_199' title='bbox 1186 2137 1255 2185; x_wconf 91' lang='lat' dir='ltr'>non</span> <span class='ocrx_word' id='word_1_200' title='bbox 1267 2135 1405 2203; x_wconf 90' lang='lat' dir='ltr'>passum</span> <span class='ocrx_word' id='word_1_201' title='bbox 1416 2117 1566 2201; x_wconf 91' lang='lat' dir='ltr'>aliquem</span> <span class='ocrx_word' id='word_1_202' title='bbox 1578 2117 1685 2181; x_wconf 89' lang='lat' dir='ltr'>alium</span> <span class='ocrx_word' id='word_1_203' title='bbox 1696 2114 1825 2179; x_wconf 85' lang='lat' dir='ltr'>lateris.</span> <span class='ocrx_word' id='word_1_204' title='bbox 1951 2107 1952 2122; x_wconf 56' lang='lat'>¹</span> 
     </span>
    </p>
   </div>
   <div class='ocr_carea' id='block_1_7' title="bbox 284 2213 1825 2410">
    <p class='ocr_par' dir='ltr' id='par_1_8' title="bbox 284 2213 1825 2410">
     <span class='ocr_line' id='line_1_18' title="bbox 284 2213 1825 2304; baseline -0.006 -14"><span class='ocrx_word' id='word_1_205' title='bbox 284 2213 371 2303; x_wconf 66' lang='lat' dir='ltr'>met)</span> <span class='ocrx_word' id='word_1_206' title='bbox 387 2227 480 2284; x_wconf 76' lang='lat' dir='ltr'>est.»</span> <span class='ocrx_word' id='word_1_207' title='bbox 1072 2227 1225 2290; x_wconf 84' lang='lat' dir='ltr'>Mortuus</span> <span class='ocrx_word' id='word_1_208' title='bbox 1240 2227 1293 2288; x_wconf 86' lang='lat' dir='ltr'>est</span> <span class='ocrx_word' id='word_1_209' title='bbox 1307 2238 1401 2304; x_wconf 79' lang='lat' dir='ltr'>ergo,</span> <span class='ocrx_word' id='word_1_210' title='bbox 1420 2225 1460 2286; x_wconf 93' lang='lat' dir='ltr'>ut</span> <span class='ocrx_word' id='word_1_211' title='bbox 1474 2221 1592 2286; x_wconf 89' lang='lat' dir='ltr'>mortis</span> <span class='ocrx_word' id='word_1_212' title='bbox 1610 2217 1691 2301; x_wconf 89' lang='lat' dir='ltr'>jura</span> <span class='ocrx_word' id='word_1_213' title='bbox 1705 2217 1825 2283; x_wconf 85' lang='lat' dir='ltr'>dissol-</span> 
     </span>
     <span class='ocr_line' id='line_1_19' title="bbox 325 2321 1178 2410; baseline 0.008 -24"><span class='ocrx_word' id='word_1_214' title='bbox 325 2321 486 2403; x_wconf 84' lang='lat' dir='ltr'>Sequitur</span> <span class='ocrx_word' id='word_1_215' title='bbox 496 2327 537 2388; x_wconf 92' lang='lat' dir='ltr'>ut</span> <span class='ocrx_word' id='word_1_216' title='bbox 550 2324 666 2389; x_wconf 86' lang='lat' dir='ltr'>eredas</span> <span class='ocrx_word' id='word_1_217' title='bbox 681 2324 857 2390; x_wconf 76' lang='lat' dir='ltr'>dominica</span> <span class='ocrx_word' id='word_1_218' title='bbox 868 2326 1028 2410; x_wconf 89' lang='lat' dir='ltr'>passioni,</span> <span class='ocrx_word' id='word_1_219' title='bbox 1073 2332 1178 2393; x_wconf 83' lang='lat' dir='ltr'>reret.</span> 
     </span>
    </p>
   </div>
   <div class='ocr_carea' id='block_1_8' title="bbox 281 2410 1955 2514">
    <p class='ocr_par' dir='ltr' id='par_1_9' title="bbox 281 2410 1955 2514">
     <span class='ocr_line' id='line_1_20' title="bbox 281 2410 1955 2514; baseline 0.002 -23"><span class='ocrx_word' id='word_1_220' title='bbox 281 2432 317 2492; x_wconf 88' lang='lat' dir='ltr'>et</span> <span class='ocrx_word' id='word_1_221' title='bbox 337 2445 475 2511; x_wconf 88' lang='lat' dir='ltr'>passum</span> <span class='ocrx_word' id='word_1_222' title='bbox 494 2429 687 2512; x_wconf 81' lang='lat' dir='ltr'>confitearis</span> <span class='ocrx_word' id='word_1_223' title='bbox 713 2430 878 2496; x_wconf 65' lang='lat' dir='ltr'>tumtum</span> <span class='ocrx_word' id='word_1_224' title='bbox 898 2431 1027 2514; x_wconf 66' lang='lat' dir='ltr'>ortuss-</span> <span class='ocrx_word' id='word_1_225' title='bbox 1118 2433 1230 2499; x_wconf 71' lang='lat' dir='ltr'>Tertio</span> <span class='ocrx_word' id='word_1_226' title='bbox 1243 2429 1295 2498; x_wconf 76' lang='lat' dir='ltr'>dio</span> <span class='ocrx_word' id='word_1_227' title='bbox 1308 2430 1491 2496; x_wconf 66' lang='lat' dir='ltr'>tormentit</span> <span class='ocrx_word' id='word_1_228' title='bbox 1511 2429 1611 2494; x_wconf 80' lang='lat' dir='ltr'>rivus</span> <span class='ocrx_word' id='word_1_229' title='bbox 1627 2447 1648 2493; x_wconf 84' lang='lat' dir='ltr'>a</span> <span class='ocrx_word' id='word_1_230' title='bbox 1665 2430 1822 2509; x_wconf 85' lang='lat' dir='ltr'>mortuis,</span> <span class='ocrx_word' id='word_1_231' title='bbox 1954 2410 1955 2428; x_wconf 45' lang='lat'><strong>³</strong></span> 
     </span>
    </p>
   </div>
   <div class='ocr_carea' id='block_1_9' title="bbox 280 2531 1824 3454">
    <p class='ocr_par' dir='ltr' id='par_1_10' title="bbox 280 2531 1824 2930">
     <span class='ocr_line' id='line_1_21' title="bbox 280 2531 1824 2620; baseline -0.002 -22"><span class='ocrx_word' id='word_1_232' title='bbox 280 2549 359 2598; x_wconf 78' lang='lat' dir='ltr'>oum</span> <span class='ocrx_word' id='word_1_233' title='bbox 381 2531 552 2614; x_wconf 80' lang='lat' dir='ltr'>aJudoeis,</span> <span class='ocrx_word' id='word_1_234' title='bbox 569 2533 757 2598; x_wconf 85' lang='lat' dir='ltr'>seeundum</span> <span class='ocrx_word' id='word_1_235' title='bbox 779 2533 940 2617; x_wconf 77' lang='lat' dir='ltr'>praedicta</span> <span class='ocrx_word' id='word_1_236' title='bbox 954 2550 1030 2618; x_wconf 89' lang='lat' dir='ltr'>pro-</span> <span class='ocrx_word' id='word_1_237' title='bbox 1071 2539 1161 2603; x_wconf 86' lang='lat' dir='ltr'>siout</span> <span class='ocrx_word' id='word_1_238' title='bbox 1181 2539 1231 2602; x_wconf 87' lang='lat' dir='ltr'>ait</span> <span class='ocrx_word' id='word_1_239' title='bbox 1254 2535 1428 2620; x_wconf 78' lang='lat' dir='ltr'>propheta,</span> <span class='ocrx_word' id='word_1_240' title='bbox 1456 2535 1579 2599; x_wconf 78' lang='lat' dir='ltr'>«inter</span> <span class='ocrx_word' id='word_1_241' title='bbox 1604 2539 1757 2598; x_wconf 87' lang='lat' dir='ltr'>mortuos</span> <span class='ocrx_word' id='word_1_242' title='bbox 1782 2533 1824 2596; x_wconf 94' lang='lat' dir='ltr'>li-</span> 
     </span>
     <span class='ocr_line' id='line_1_22' title="bbox 280 2635 1824 2726; baseline -0.001 -25"><span class='ocrx_word' id='word_1_243' title='bbox 280 2639 470 2722; x_wconf 87' lang='lat' dir='ltr'>phetarum.</span> <span class='ocrx_word' id='word_1_244' title='bbox 485 2641 530 2704; x_wconf 85' lang='lat' dir='ltr'>Et</span> <span class='ocrx_word' id='word_1_245' title='bbox 549 2639 626 2704; x_wconf 88' lang='lat' dir='ltr'>vide</span> <span class='ocrx_word' id='word_1_246' title='bbox 648 2657 692 2703; x_wconf 87' lang='lat' dir='ltr'>ne</span> <span class='ocrx_word' id='word_1_247' title='bbox 708 2639 887 2704; x_wconf 81' lang='lat' dir='ltr'>erubescas</span> <span class='ocrx_word' id='word_1_248' title='bbox 902 2641 939 2704; x_wconf 93' lang='lat' dir='ltr'>in</span> <span class='ocrx_word' id='word_1_249' title='bbox 953 2657 1030 2722; x_wconf 88' lang='lat' dir='ltr'>pas·</span> <span class='ocrx_word' id='word_1_250' title='bbox 1069 2635 1220 2726; x_wconf 80' lang='lat' dir='ltr'>ber.¹⁰)»</span> <span class='ocrx_word' id='word_1_251' title='bbox 1244 2642 1361 2724; x_wconf 87' lang='lat' dir='ltr'>Neque</span> <span class='ocrx_word' id='word_1_252' title='bbox 1376 2641 1468 2705; x_wconf 90' lang='lat' dir='ltr'>enim</span> <span class='ocrx_word' id='word_1_253' title='bbox 1482 2641 1614 2722; x_wconf 90' lang='lat' dir='ltr'>poterat</span> <span class='ocrx_word' id='word_1_254' title='bbox 1632 2638 1788 2703; x_wconf 80' lang='lat' dir='ltr'>Christus</span> <span class='ocrx_word' id='word_1_255' title='bbox 1803 2653 1824 2698; x_wconf 87' lang='lat' dir='ltr'>a</span> 
     </span>
     <span class='ocr_line' id='line_1_23' title="bbox 280 2742 1820 2828; baseline -0.002 -20"><span class='ocrx_word' id='word_1_256' title='bbox 280 2745 375 2808; x_wconf 91' lang='lat' dir='ltr'>sione</span> <span class='ocrx_word' id='word_1_257' title='bbox 390 2743 525 2808; x_wconf 91' lang='lat' dir='ltr'>Domini</span> <span class='ocrx_word' id='word_1_258' title='bbox 539 2742 626 2828; x_wconf 91' lang='lat' dir='ltr'>[tui],</span> <span class='ocrx_word' id='word_1_259' title='bbox 641 2744 670 2808; x_wconf 88' lang='lat' dir='ltr'>si</span> <span class='ocrx_word' id='word_1_260' title='bbox 691 2743 778 2808; x_wconf 88' lang='lat' dir='ltr'>iorte</span> <span class='ocrx_word' id='word_1_261' title='bbox 799 2743 930 2824; x_wconf 89' lang='lat' dir='ltr'>aliquid</span> <span class='ocrx_word' id='word_1_262' title='bbox 953 2743 1029 2807; x_wconf 89' lang='lat' dir='ltr'>inii·</span> <span class='ocrx_word' id='word_1_263' title='bbox 1071 2752 1179 2811; x_wconf 87' lang='lat' dir='ltr'>morte</span> <span class='ocrx_word' id='word_1_264' title='bbox 1201 2746 1357 2824; x_wconf 88' lang='lat' dir='ltr'>detineri,</span> <span class='ocrx_word' id='word_1_265' title='bbox 1379 2747 1462 2827; x_wconf 88' lang='lat' dir='ltr'>quia</span> <span class='ocrx_word' id='word_1_266' title='bbox 1487 2748 1522 2808; x_wconf 87' lang='lat' dir='ltr'>et</span> <span class='ocrx_word' id='word_1_267' title='bbox 1542 2745 1661 2809; x_wconf 86' lang='lat' dir='ltr'>mortis</span> <span class='ocrx_word' id='word_1_268' title='bbox 1682 2747 1718 2808; x_wconf 89' lang='lat' dir='ltr'>et</span> <span class='ocrx_word' id='word_1_269' title='bbox 1737 2743 1820 2807; x_wconf 81' lang='lat' dir='ltr'>vitae</span> 
     </span>
     <span class='ocr_line' id='line_1_24' title="bbox 280 2847 1548 2930; baseline 0.001 -20"><span class='ocrx_word' id='word_1_270' title='bbox 280 2848 402 2912; x_wconf 82' lang='lat' dir='ltr'>delitus</span> <span class='ocrx_word' id='word_1_271' title='bbox 418 2849 439 2911; x_wconf 90' lang='lat' dir='ltr'>J</span> <span class='ocrx_word' id='word_1_272' title='bbox 442 2847 615 2912; x_wconf 82' lang='lat' dir='ltr'>udaeorum</span> <span class='ocrx_word' id='word_1_273' title='bbox 630 2850 686 2913; x_wconf 85' lang='lat' dir='ltr'>vel</span> <span class='ocrx_word' id='word_1_274' title='bbox 700 2850 848 2914; x_wconf 79' lang='lat' dir='ltr'>stultitia</span> <span class='ocrx_word' id='word_1_275' title='bbox 869 2849 1027 2929; x_wconf 82' lang='lat' dir='ltr'>gentium</span> <span class='ocrx_word' id='word_1_276' title='bbox 1072 2854 1179 2914; x_wconf 84' lang='lat' dir='ltr'>totam</span> <span class='ocrx_word' id='word_1_277' title='bbox 1194 2848 1323 2913; x_wconf 84' lang='lat' dir='ltr'>obtinet</span> <span class='ocrx_word' id='word_1_278' title='bbox 1338 2851 1548 2930; x_wconf 84' lang='lat' dir='ltr'>potestatem.</span> 
     </span>
    </p>

    <p class='ocr_par' dir='ltr' id='par_1_11' title="bbox 280 2947 1822 3347">
     <span class='ocr_line' id='line_1_25' title="bbox 282 2947 1818 3037; baseline -0.001 -22"><span class='ocrx_word' id='word_1_279' title='bbox 282 2952 323 3015; x_wconf 90' lang='lat' dir='ltr'>de</span> <span class='ocrx_word' id='word_1_280' title='bbox 353 2953 612 3033; x_wconf 76' lang='lat' dir='ltr'>magnificentia</span> <span class='ocrx_word' id='word_1_281' title='bbox 629 2947 656 3037; x_wconf 82' lang='lat'>¹⁵)</span> <span class='ocrx_word' id='word_1_282' title='bbox 696 2953 821 3019; x_wconf 86' lang='lat' dir='ltr'>christi</span> <span class='ocrx_word' id='word_1_283' title='bbox 862 2955 899 3018; x_wconf 91' lang='lat' dir='ltr'>in</span> <span class='ocrx_word' id='word_1_284' title='bbox 928 2971 1028 3018; x_wconf 85' lang='lat' dir='ltr'>eruce</span> <span class='ocrx_word' id='word_1_285' title='bbox 1113 2951 1428 3032; x_wconf 78' lang='lat' dir='ltr'>Ascenditinoolos,</span> <span class='ocrx_word' id='word_1_286' title='bbox 1443 2949 1818 3028; x_wconf 88' lang='lat' dir='ltr'>undeetdeseenderet,</span> 
     </span>
     <span class='ocr_line' id='line_1_26' title="bbox 280 3053 1822 3139; baseline 0 -22"><span class='ocrx_word' id='word_1_287' title='bbox 280 3053 516 3135; x_wconf 89' lang='lat' dir='ltr'>blasphemare</span> <span class='ocrx_word' id='word_1_288' title='bbox 532 3057 689 3119; x_wconf 88' lang='lat' dir='ltr'>voluerit.</span> <span class='ocrx_word' id='word_1_289' title='bbox 712 3058 880 3121; x_wconf 88' lang='lat' dir='ltr'>Memento</span> <span class='ocrx_word' id='word_1_290' title='bbox 895 3074 1028 3139; x_wconf 90' lang='lat' dir='ltr'>semper</span> <span class='ocrx_word' id='word_1_291' title='bbox 1067 3057 1308 3139; x_wconf 70' lang='lat' dir='ltr'>quiesthomo,</span> <span class='ocrx_word' id='word_1_292' title='bbox 1328 3057 1450 3137; x_wconf 88' lang='lat' dir='ltr'>iuquit,</span> <span class='ocrx_word' id='word_1_293' title='bbox 1468 3056 1504 3120; x_wconf 93' lang='lat' dir='ltr'>in</span> <span class='ocrx_word' id='word_1_294' title='bbox 1519 3058 1643 3121; x_wconf 83' lang='lat' dir='ltr'>eoelum</span> <span class='ocrx_word' id='word_1_295' title='bbox 1668 3055 1822 3119; x_wconf 85' lang='lat' dir='ltr'>aseendit</span> 
     </span>
     <span class='ocr_line' id='line_1_27' title="bbox 282 3158 1822 3243; baseline -0.001 -21"><span class='ocrx_word' id='word_1_296' title='bbox 282 3158 443 3222; x_wconf 84' lang='lat' dir='ltr'>dominici</span> <span class='ocrx_word' id='word_1_297' title='bbox 458 3159 556 3223; x_wconf 85' lang='lat' dir='ltr'>dieti:</span> <span class='ocrx_word' id='word_1_298' title='bbox 582 3181 599 3220; x_wconf 75' lang='lat' dir='ltr'>n</span> <span class='ocrx_word' id='word_1_299' title='bbox 615 3161 680 3236; x_wconf 87' lang='lat' dir='ltr'>Qui</span> <span class='ocrx_word' id='word_1_300' title='bbox 700 3178 754 3224; x_wconf 87' lang='lat' dir='ltr'>me</span> <span class='ocrx_word' id='word_1_301' title='bbox 769 3161 942 3226; x_wconf 82' lang='lat' dir='ltr'>confessus</span> <span class='ocrx_word' id='word_1_302' title='bbox 956 3160 1029 3226; x_wconf 90' lang='lat' dir='ltr'>iue·</span> <span class='ocrx_word' id='word_1_303' title='bbox 1070 3163 1138 3226; x_wconf 90' lang='lat' dir='ltr'>nisi</span> <span class='ocrx_word' id='word_1_304' title='bbox 1153 3160 1213 3243; x_wconf 93' lang='lat' dir='ltr'>qui</span> <span class='ocrx_word' id='word_1_305' title='bbox 1228 3161 1411 3241; x_wconf 86' lang='lat' dir='ltr'>deseendit,</span> <span class='ocrx_word' id='word_1_306' title='bbox 1426 3160 1518 3225; x_wconf 91' lang='lat' dir='ltr'>filius</span> <span class='ocrx_word' id='word_1_307' title='bbox 1529 3160 1677 3225; x_wconf 90' lang='lat' dir='ltr'>hominis</span> <span class='ocrx_word' id='word_1_308' title='bbox 1692 3159 1752 3241; x_wconf 93' lang='lat' dir='ltr'>qui</span> <span class='ocrx_word' id='word_1_309' title='bbox 1769 3159 1822 3222; x_wconf 88' lang='lat' dir='ltr'>est</span> 
     </span>
     <span class='ocr_line' id='line_1_28' title="bbox 283 3257 1302 3347; baseline -0.003 -19"><span class='ocrx_word' id='word_1_310' title='bbox 283 3264 330 3328; x_wconf 85' lang='lat' dir='ltr'>rit</span> <span class='ocrx_word' id='word_1_311' title='bbox 347 3279 460 3327; x_wconf 88' lang='lat' dir='ltr'>eoram</span> <span class='ocrx_word' id='word_1_312' title='bbox 478 3263 683 3347; x_wconf 90' lang='lat' dir='ltr'>hominihus,</span> <span class='ocrx_word' id='word_1_313' title='bbox 707 3271 742 3330; x_wconf 91' lang='lat' dir='ltr'>et</span> <span class='ocrx_word' id='word_1_314' title='bbox 757 3283 822 3346; x_wconf 84' lang='lat' dir='ltr'>ego</span> <span class='ocrx_word' id='word_1_315' title='bbox 845 3267 1030 3332; x_wconf 81' lang='lat' dir='ltr'>confitebor</span> <span class='ocrx_word' id='word_1_316' title='bbox 1072 3267 1108 3330; x_wconf 91' lang='lat' dir='ltr'>in</span> <span class='ocrx_word' id='word_1_317' title='bbox 1122 3267 1217 3330; x_wconf 87' lang='lat' dir='ltr'>eoelo.</span> <span class='ocrx_word' id='word_1_318' title='bbox 1230 3257 1302 3347; x_wconf 66' lang='grc' dir='ltr'>Η)»</span> 
     </span>
    </p>

    <p class='ocr_par' dir='ltr' id='par_1_12' title="bbox 284 3358 1821 3454">
     <span class='ocr_line' id='line_1_29' title="bbox 284 3358 1821 3454; baseline -0.002 -22"><span class='ocrx_word' id='word_1_319' title='bbox 284 3386 363 3433; x_wconf 90' lang='lat' dir='ltr'>eum</span> <span class='ocrx_word' id='word_1_320' title='bbox 389 3385 502 3432; x_wconf 85' lang='lat' dir='ltr'>eoram</span> <span class='ocrx_word' id='word_1_321' title='bbox 533 3370 632 3434; x_wconf 86' lang='lat' dir='ltr'>Patre</span> <span class='ocrx_word' id='word_1_322' title='bbox 661 3389 751 3451; x_wconf 90' lang='lat' dir='ltr'>meo,</span> <span class='ocrx_word' id='word_1_323' title='bbox 778 3372 837 3454; x_wconf 93' lang='lat' dir='ltr'>qui</span> <span class='ocrx_word' id='word_1_324' title='bbox 868 3372 905 3436; x_wconf 90' lang='lat' dir='ltr'>in</span> <span class='ocrx_word' id='word_1_325' title='bbox 934 3371 1029 3436; x_wconf 85' lang='lat' dir='ltr'>ooelis</span> <span class='ocrx_word' id='word_1_326' title='bbox 1117 3369 1211 3436; x_wconf 70' lang='lat' dir='ltr'>sedet</span> <span class='ocrx_word' id='word_1_327' title='bbox 1224 3368 1266 3434; x_wconf 82' lang='lat' dir='ltr'>od</span> <span class='ocrx_word' id='word_1_328' title='bbox 1279 3358 1821 3449; x_wconf 63' lang='lat' dir='ltr'>mearamDaPatmlfljseeun·</span> 
     </span>
    </p>
   </div>
   <div class='ocr_carea' id='block_1_10' title="bbox 209 3463 1823 4080">
    <p class='ocr_par' dir='ltr' id='par_1_13' title="bbox 209 3463 1821 3870">
     <span class='ocr_line' id='line_1_30' title="bbox 284 3463 1821 3558; baseline -0.003 -22"><span class='ocrx_word' id='word_1_329' title='bbox 284 3479 344 3538; x_wconf 91' lang='lat' dir='ltr'>est.</span> <span class='ocrx_word' id='word_1_330' title='bbox 358 3463 409 3558; x_wconf 79' lang='lat'>»⁶)</span> <span class='ocrx_word' id='word_1_331' title='bbox 426 3475 494 3540; x_wconf 86' lang='lat' dir='ltr'>Nee</span> <span class='ocrx_word' id='word_1_332' title='bbox 513 3475 591 3540; x_wconf 90' lang='lat' dir='ltr'>inde</span> <span class='ocrx_word' id='word_1_333' title='bbox 609 3475 835 3558; x_wconf 75' lang='lat' dir='ltr'>confunderis,</span> <span class='ocrx_word' id='word_1_334' title='bbox 857 3477 887 3541; x_wconf 89' lang='lat' dir='ltr'>si</span> <span class='ocrx_word' id='word_1_335' title='bbox 909 3477 946 3540; x_wconf 92' lang='lat' dir='ltr'>iu</span> <span class='ocrx_word' id='word_1_336' title='bbox 961 3493 1029 3558; x_wconf 92' lang='lat' dir='ltr'>quo</span> <span class='ocrx_word' id='word_1_337' title='bbox 1071 3473 1155 3537; x_wconf 91' lang='lat' dir='ltr'>dum</span> <span class='ocrx_word' id='word_1_338' title='bbox 1170 3471 1260 3554; x_wconf 91' lang='lat' dir='ltr'>quod</span> <span class='ocrx_word' id='word_1_339' title='bbox 1275 3471 1404 3536; x_wconf 86' lang='lat' dir='ltr'>dietum</span> <span class='ocrx_word' id='word_1_340' title='bbox 1420 3471 1518 3535; x_wconf 88' lang='lat' dir='ltr'>estin</span> <span class='ocrx_word' id='word_1_341' title='bbox 1529 3469 1647 3551; x_wconf 80' lang='lat' dir='ltr'>David,</span> <span class='ocrx_word' id='word_1_342' title='bbox 1660 3471 1696 3534; x_wconf 93' lang='lat' dir='ltr'>in</span> <span class='ocrx_word' id='word_1_343' title='bbox 1707 3486 1821 3552; x_wconf 89' lang='lat' dir='ltr'>perso-</span> 
     </span>
     <span class='ocr_line' id='line_1_31' title="bbox 282 3572 1821 3662; baseline -0.003 -21"><span class='ocrx_word' id='word_1_344' title='bbox 282 3577 502 3644; x_wconf 84' lang='lat' dir='ltr'>fundumento</span> <span class='ocrx_word' id='word_1_345' title='bbox 531 3581 685 3662; x_wconf 89' lang='lat' dir='ltr'>posueris</span> <span class='ocrx_word' id='word_1_346' title='bbox 715 3580 805 3662; x_wconf 91' lang='lat' dir='ltr'>quod</span> <span class='ocrx_word' id='word_1_347' title='bbox 833 3598 954 3662; x_wconf 85' lang='lat' dir='ltr'>passus</span> <span class='ocrx_word' id='word_1_348' title='bbox 977 3585 1029 3645; x_wconf 90' lang='lat' dir='ltr'>est</span> <span class='ocrx_word' id='word_1_349' title='bbox 1071 3595 1117 3642; x_wconf 89' lang='lat' dir='ltr'>na</span> <span class='ocrx_word' id='word_1_350' title='bbox 1143 3577 1252 3641; x_wconf 89' lang='lat' dir='ltr'>Patris</span> <span class='ocrx_word' id='word_1_351' title='bbox 1274 3574 1317 3639; x_wconf 90' lang='lat' dir='ltr'>ad</span> <span class='ocrx_word' id='word_1_352' title='bbox 1339 3576 1481 3639; x_wconf 83' lang='lat' dir='ltr'>Filium:</span> <span class='ocrx_word' id='word_1_353' title='bbox 1509 3572 1624 3638; x_wconf 87' lang='lat' dir='ltr'>«Sede</span> <span class='ocrx_word' id='word_1_354' title='bbox 1646 3591 1668 3636; x_wconf 91' lang='lat' dir='ltr'>a</span> <span class='ocrx_word' id='word_1_355' title='bbox 1692 3573 1821 3637; x_wconf 84' lang='lat' dir='ltr'>dextris</span> 
     </span>
     <span class='ocr_line' id='line_1_32' title="bbox 209 3679 1821 3767; baseline -0.002 -21"><span class='ocrx_word' id='word_1_356' title='bbox 209 3759 211 3766; x_wconf 18' lang='grc' dir='ltr'><strong><em>Α</em></strong></span> <span class='ocrx_word' id='word_1_357' title='bbox 283 3683 448 3763; x_wconf 83' lang='lat' dir='ltr'>christus,</span> <span class='ocrx_word' id='word_1_358' title='bbox 464 3684 638 3762; x_wconf 84' lang='lat' dir='ltr'>intelligas</span> <span class='ocrx_word' id='word_1_359' title='bbox 653 3685 878 3767; x_wconf 88' lang='lat' dir='ltr'>quodpassus</span> <span class='ocrx_word' id='word_1_360' title='bbox 893 3689 1029 3752; x_wconf 88' lang='lat' dir='ltr'>estnon</span> <span class='ocrx_word' id='word_1_361' title='bbox 1071 3684 1167 3763; x_wconf 90' lang='lat' dir='ltr'>meis,</span> <span class='ocrx_word' id='word_1_362' title='bbox 1183 3684 1289 3747; x_wconf 86' lang='lat' dir='ltr'>donee</span> <span class='ocrx_word' id='word_1_363' title='bbox 1301 3697 1423 3763; x_wconf 89' lang='lat' dir='ltr'>ponam</span> <span class='ocrx_word' id='word_1_364' title='bbox 1436 3680 1591 3744; x_wconf 82' lang='lat' dir='ltr'>inimicos</span> <span class='ocrx_word' id='word_1_365' title='bbox 1604 3683 1681 3743; x_wconf 90' lang='lat' dir='ltr'>tuos</span> <span class='ocrx_word' id='word_1_366' title='bbox 1692 3679 1821 3744; x_wconf 80' lang='lat' dir='ltr'>scabel-</span> 
     </span>
     <span class='ocr_line' id='line_1_33' title="bbox 284 3786 1480 3870; baseline -0.003 -20"><span class='ocrx_word' id='word_1_367' title='bbox 284 3787 473 3869; x_wconf 81' lang='lat' dir='ltr'>divinitate,</span> <span class='ocrx_word' id='word_1_368' title='bbox 494 3787 553 3852; x_wconf 89' lang='lat' dir='ltr'>sed</span> <span class='ocrx_word' id='word_1_369' title='bbox 581 3806 701 3852; x_wconf 85' lang='lat' dir='ltr'>earne:</span> <span class='ocrx_word' id='word_1_370' title='bbox 728 3789 819 3852; x_wconf 89' lang='lat' dir='ltr'>Deus</span> <span class='ocrx_word' id='word_1_371' title='bbox 846 3789 938 3852; x_wconf 90' lang='lat' dir='ltr'>euim</span> <span class='ocrx_word' id='word_1_372' title='bbox 965 3790 1026 3852; x_wconf 94' lang='lat' dir='ltr'>im·</span> <span class='ocrx_word' id='word_1_373' title='bbox 1072 3789 1144 3852; x_wconf 94' lang='lat' dir='ltr'>lum</span> <span class='ocrx_word' id='word_1_374' title='bbox 1160 3786 1286 3870; x_wconf 90' lang='lat' dir='ltr'>pedum</span> <span class='ocrx_word' id='word_1_375' title='bbox 1302 3788 1480 3849; x_wconf 79' lang='lat' dir='ltr'>tuorum.»</span> 
     </span>
    </p>

    <p class='ocr_par' dir='ltr' id='par_1_14' title="bbox 282 3887 1823 4080">
     <span class='ocr_line' id='line_1_34' title="bbox 282 3887 1823 3974; baseline -0.002 -19"><span class='ocrx_word' id='word_1_376' title='bbox 282 3891 452 3973; x_wconf 90' lang='lat' dir='ltr'>passibilis</span> <span class='ocrx_word' id='word_1_377' title='bbox 473 3909 606 3973; x_wconf 88' lang='lat' dir='ltr'>semper</span> <span class='ocrx_word' id='word_1_378' title='bbox 621 3895 689 3974; x_wconf 91' lang='lat' dir='ltr'>est;</span> <span class='ocrx_word' id='word_1_379' title='bbox 712 3909 832 3973; x_wconf 90' lang='lat' dir='ltr'>passus</span> <span class='ocrx_word' id='word_1_380' title='bbox 847 3894 900 3956; x_wconf 90' lang='lat' dir='ltr'>est</span> <span class='ocrx_word' id='word_1_381' title='bbox 913 3897 1028 3956; x_wconf 89' lang='lat' dir='ltr'>autem</span> <span class='ocrx_word' id='word_1_382' title='bbox 1115 3889 1196 3957; x_wconf 73' lang='lat' dir='ltr'>Iouis</span> <span class='ocrx_word' id='word_1_383' title='bbox 1210 3895 1365 3956; x_wconf 71' lang='lat' dir='ltr'>omium</span> <span class='ocrx_word' id='word_1_384' title='bbox 1378 3894 1427 3955; x_wconf 77' lang='lat' dir='ltr'>est</span> <span class='ocrx_word' id='word_1_385' title='bbox 1434 3887 1586 3970; x_wconf 74' lang='lat' dir='ltr'>judicare</span> <span class='ocrx_word' id='word_1_386' title='bbox 1598 3888 1687 3953; x_wconf 79' lang='lat' dir='ltr'>oinos</span> <span class='ocrx_word' id='word_1_387' title='bbox 1697 3890 1728 3954; x_wconf 74' lang='lat' dir='ltr'>ct</span> <span class='ocrx_word' id='word_1_388' title='bbox 1737 3903 1823 3952; x_wconf 77' lang='lat' dir='ltr'>mor·</span> 
     </span>
     <span class='ocr_line' id='line_1_35' title="bbox 282 3988 1822 4080; baseline -0.002 -21"><span class='ocrx_word' id='word_1_389' title='bbox 282 4011 394 4075; x_wconf 87' lang='lat' dir='ltr'>earne,</span> <span class='ocrx_word' id='word_1_390' title='bbox 418 3995 509 4059; x_wconf 85' lang='lat' dir='ltr'>siout</span> <span class='ocrx_word' id='word_1_391' title='bbox 535 3997 715 4078; x_wconf 84' lang='lat' dir='ltr'>Apostolus</span> <span class='ocrx_word' id='word_1_392' title='bbox 740 3988 868 4080; x_wconf 85' lang='lat' dir='ltr'>dieit,⁷)</span> <span class='ocrx_word' id='word_1_393' title='bbox 891 3999 931 4060; x_wconf 93' lang='lat' dir='ltr'>ut</span> <span class='ocrx_word' id='word_1_394' title='bbox 955 3995 1029 4077; x_wconf 81' lang='lat' dir='ltr'>ejus</span> <span class='ocrx_word' id='word_1_395' title='bbox 1073 4001 1153 4064; x_wconf 80' lang='lat' dir='ltr'>tuos.</span> <span class='ocrx_word' id='word_1_396' title='bbox 1169 3997 1274 4061; x_wconf 83' lang='lat' dir='ltr'>credo</span> <span class='ocrx_word' id='word_1_397' title='bbox 1285 3995 1376 4078; x_wconf 93' lang='lat' dir='ltr'>quod</span> <span class='ocrx_word' id='word_1_398' title='bbox 1387 3995 1443 4059; x_wconf 88' lang='lat' dir='ltr'>hio</span> <span class='ocrx_word' id='word_1_399' title='bbox 1455 3995 1527 4078; x_wconf 92' lang='lat' dir='ltr'>ipse</span> <span class='ocrx_word' id='word_1_400' title='bbox 1538 3995 1629 4060; x_wconf 88' lang='lat' dir='ltr'>Deus</span> <span class='ocrx_word' id='word_1_401' title='bbox 1640 3997 1754 4059; x_wconf 90' lang='lat' dir='ltr'>noster</span> <span class='ocrx_word' id='word_1_402' title='bbox 1765 4007 1822 4056; x_wconf 75' lang='lat' dir='ltr'>ve</span> 
     </span>
    </p>
   </div>
   <div class='ocr_carea' id='block_1_11' title="bbox 278 4257 1828 5204">
    <p class='ocr_par' dir='ltr' id='par_1_15' title="bbox 278 4257 1828 5204">
     <span class='ocr_line' id='line_1_36' title="bbox 313 4257 1646 4331; baseline -0.002 -17"><span class='ocrx_word' id='word_1_403' title='bbox 313 4258 341 4331; x_wconf 91' lang='lat'>1)</span> <span class='ocrx_word' id='word_1_404' title='bbox 354 4257 499 4326; x_wconf 73' lang='lat' dir='ltr'>nauteam,</span> <span class='ocrx_word' id='word_1_405' title='bbox 513 4273 609 4330; x_wconf 70' lang='lat' dir='ltr'>grues</span> <span class='ocrx_word' id='word_1_406' title='bbox 623 4259 725 4329; x_wconf 71' lang='grc' dir='ltr'><strong>ὀλιγον.</strong></span> <span class='ocrx_word' id='word_1_407' title='bbox 734 4258 829 4316; x_wconf 75' lang='lat' dir='ltr'>Nioet.</span> <span class='ocrx_word' id='word_1_408' title='bbox 837 4258 876 4314; x_wconf 87' lang='lat' dir='ltr'>ad</span> <span class='ocrx_word' id='word_1_409' title='bbox 886 4258 1029 4316; x_wconf 70' lang='lat' dir='ltr'>modim.</span> <span class='ocrx_word' id='word_1_410' title='bbox 1073 4257 1164 4326; x_wconf 77' lang='lat' dir='ltr'>duris,</span> <span class='ocrx_word' id='word_1_411' title='bbox 1177 4259 1202 4314; x_wconf 78' lang='lat' dir='ltr'>ei</span> <span class='ocrx_word' id='word_1_412' title='bbox 1214 4259 1245 4313; x_wconf 78' lang='lat' dir='ltr'>in</span> <span class='ocrx_word' id='word_1_413' title='bbox 1258 4273 1311 4330; x_wconf 85' lang='lat' dir='ltr'>quo</span> <span class='ocrx_word' id='word_1_414' title='bbox 1322 4257 1450 4330; x_wconf 73' lang='lat' dir='ltr'>porteris</span> <span class='ocrx_word' id='word_1_415' title='bbox 1462 4262 1646 4314; x_wconf 74' lang='lat' dir='ltr'>sacramento.</span> 
     </span>
     <span class='ocr_line' id='line_1_37' title="bbox 279 4345 1350 4417; baseline -0.004 -13"><span class='ocrx_word' id='word_1_416' title='bbox 279 4345 357 4404; x_wconf 85' lang='lat' dir='ltr'>Dein</span> <span class='ocrx_word' id='word_1_417' title='bbox 368 4346 436 4417; x_wconf 78' lang='lat' dir='ltr'>quia</span> <span class='ocrx_word' id='word_1_418' title='bbox 449 4346 530 4402; x_wconf 70' lang='lat' dir='ltr'>Deru.</span> <span class='ocrx_word' id='word_1_419' title='bbox 1108 4345 1137 4417; x_wconf 75' lang='lat' dir='ltr'>t)</span> <span class='ocrx_word' id='word_1_420' title='bbox 1150 4346 1166 4400; x_wconf 87' lang='lat'>1</span> <span class='ocrx_word' id='word_1_421' title='bbox 1179 4345 1256 4400; x_wconf 87' lang='lat' dir='ltr'>Petr.</span> <span class='ocrx_word' id='word_1_422' title='bbox 1270 4361 1311 4416; x_wconf 81' lang='lat' dir='ltr'>rr,</span> <span class='ocrx_word' id='word_1_423' title='bbox 1325 4346 1350 4401; x_wconf 94' lang='lat'>1.</span> 
     </span>
     <span class='ocr_line' id='line_1_38' title="bbox 313 4429 1713 4507; baseline -0.003 -18"><span class='ocrx_word' id='word_1_424' title='bbox 313 4434 343 4507; x_wconf 78' lang='lat'>2)</span> <span class='ocrx_word' id='word_1_425' title='bbox 356 4433 451 4489; x_wconf 83' lang='lat' dir='ltr'>Nieet.</span> <span class='ocrx_word' id='word_1_426' title='bbox 465 4449 502 4488; x_wconf 71' lang='lat' dir='ltr'>ee</span> <span class='ocrx_word' id='word_1_427' title='bbox 514 4431 616 4489; x_wconf 74' lang='lat' dir='ltr'>divinit</span> <span class='ocrx_word' id='word_1_428' title='bbox 633 4433 772 4506; x_wconf 74' lang='lat' dir='ltr'>operibus,</span> <span class='ocrx_word' id='word_1_429' title='bbox 784 4437 861 4490; x_wconf 86' lang='lat' dir='ltr'>tum:</span> <span class='ocrx_word' id='word_1_430' title='bbox 880 4433 965 4492; x_wconf 73' lang='lat' dir='ltr'>habu</span> <span class='ocrx_word' id='word_1_431' title='bbox 983 4451 1030 4490; x_wconf 78' lang='lat' dir='ltr'>er·</span> <span class='ocrx_word' id='word_1_432' title='bbox 1107 4431 1136 4504; x_wconf 87' lang='grc'>8)</span> <span class='ocrx_word' id='word_1_433' title='bbox 1149 4429 1189 4486; x_wconf 87' lang='lat' dir='ltr'>Is.</span> <span class='ocrx_word' id='word_1_434' title='bbox 1203 4445 1264 4501; x_wconf 83' lang='lat' dir='ltr'>nm,</span> <span class='ocrx_word' id='word_1_435' title='bbox 1276 4431 1294 4486; x_wconf 80' lang='lat'><strong>5</strong></span> <span class='ocrx_word' id='word_1_436' title='bbox 1304 4430 1398 4487; x_wconf 82' lang='lat' dir='ltr'>Nieet.</span> <span class='ocrx_word' id='word_1_437' title='bbox 1411 4447 1467 4488; x_wconf 86' lang='lat' dir='ltr'>om</span> <span class='ocrx_word' id='word_1_438' title='bbox 1478 4445 1543 4504; x_wconf 82' lang='lat' dir='ltr'>pro,</span> <span class='ocrx_word' id='word_1_439' title='bbox 1556 4429 1625 4486; x_wconf 84' lang='lat' dir='ltr'>dein</span> <span class='ocrx_word' id='word_1_440' title='bbox 1636 4435 1667 4486; x_wconf 81' lang='lat' dir='ltr'>et</span> <span class='ocrx_word' id='word_1_441' title='bbox 1675 4437 1713 4486; x_wconf 79' lang='lat' dir='ltr'>ul.</span> 
     </span>
     <span class='ocr_line' id='line_1_39' title="bbox 278 4515 1828 4591; baseline -0.001 -16"><span class='ocrx_word' id='word_1_442' title='bbox 278 4536 321 4590; x_wconf 70' lang='grc' dir='ltr'>ρο.</span> <span class='ocrx_word' id='word_1_443' title='bbox 1111 4517 1140 4590; x_wconf 86' lang='lat'>9)</span> <span class='ocrx_word' id='word_1_444' title='bbox 1153 4515 1248 4573; x_wconf 76' lang='lat' dir='ltr'>Nioet.</span> <span class='ocrx_word' id='word_1_445' title='bbox 1262 4532 1317 4572; x_wconf 86' lang='lat' dir='ltr'>om</span> <span class='ocrx_word' id='word_1_446' title='bbox 1330 4532 1399 4573; x_wconf 78' lang='lat' dir='ltr'>erre.</span> <span class='ocrx_word' id='word_1_447' title='bbox 1417 4517 1567 4573; x_wconf 74' lang='lat' dir='ltr'>Esotenm</span> <span class='ocrx_word' id='word_1_448' title='bbox 1584 4521 1615 4572; x_wconf 89' lang='lat' dir='ltr'>et</span> <span class='ocrx_word' id='word_1_449' title='bbox 1632 4515 1771 4591; x_wconf 83' lang='lat' dir='ltr'>deinosps</span> <span class='ocrx_word' id='word_1_450' title='bbox 1782 4517 1828 4574; x_wconf 88' lang='lat' dir='ltr'>ui·</span> 
     </span>
     <span class='ocr_line' id='line_1_40' title="bbox 315 4601 1825 4680; baseline -0.001 -18"><span class='ocrx_word' id='word_1_451' title='bbox 315 4605 401 4680; x_wconf 78' lang='lat' dir='ltr'>3)1u</span> <span class='ocrx_word' id='word_1_452' title='bbox 414 4603 492 4662; x_wconf 71' lang='lat' dir='ltr'>lonso</span> <span class='ocrx_word' id='word_1_453' title='bbox 506 4622 561 4679; x_wconf 83' lang='lat' dir='ltr'>per</span> <span class='ocrx_word' id='word_1_454' title='bbox 575 4607 723 4678; x_wconf 74' lang='lat' dir='ltr'>praediolo</span> <span class='ocrx_word' id='word_1_455' title='bbox 740 4613 837 4664; x_wconf 67' lang='lat' dir='ltr'>norbo</span> <span class='ocrx_word' id='word_1_456' title='bbox 859 4606 951 4680; x_wconf 72' lang='lat' dir='ltr'>suetus</span> <span class='ocrx_word' id='word_1_457' title='bbox 972 4612 1025 4677; x_wconf 77' lang='lat' dir='ltr'>ert,</span> <span class='ocrx_word' id='word_1_458' title='bbox 1071 4602 1116 4658; x_wconf 92' lang='lat' dir='ltr'>hil</span> <span class='ocrx_word' id='word_1_459' title='bbox 1131 4603 1167 4658; x_wconf 90' lang='lat' dir='ltr'>de</span> <span class='ocrx_word' id='word_1_460' title='bbox 1179 4601 1328 4660; x_wconf 79' lang='lat' dir='ltr'>haeretieis</span> <span class='ocrx_word' id='word_1_461' title='bbox 1341 4601 1728 4660; x_wconf 79' lang='lat' dir='ltr'>saeo.1retv.1d.moxom.</span> <span class='ocrx_word' id='word_1_462' title='bbox 1737 4619 1825 4675; x_wconf 80' lang='lat' dir='ltr'>prae·</span> 
     </span>
     <span class='ocr_line' id='line_1_41' title="bbox 280 4689 1711 4766; baseline -0.003 -16"><span class='ocrx_word' id='word_1_463' title='bbox 280 4709 367 4766; x_wconf 78' lang='lat' dir='ltr'>quem.</span> <span class='ocrx_word' id='word_1_464' title='bbox 1076 4698 1127 4748; x_wconf 83' lang='lat' dir='ltr'>ter.</span> <span class='ocrx_word' id='word_1_465' title='bbox 1139 4692 1230 4748; x_wconf 86' lang='lat' dir='ltr'>Paulo</span> <span class='ocrx_word' id='word_1_466' title='bbox 1242 4699 1311 4766; x_wconf 86' lang='lat' dir='ltr'>post</span> <span class='ocrx_word' id='word_1_467' title='bbox 1323 4691 1397 4764; x_wconf 76' lang='lat' dir='ltr'>legit</span> <span class='ocrx_word' id='word_1_468' title='bbox 1407 4707 1509 4764; x_wconf 71' lang='lat' dir='ltr'>paeones</span> <span class='ocrx_word' id='word_1_469' title='bbox 1521 4695 1564 4746; x_wconf 79' lang='lat' dir='ltr'>ert</span> <span class='ocrx_word' id='word_1_470' title='bbox 1576 4689 1711 4748; x_wconf 72' lang='lat' dir='ltr'>Christus.</span> 
     </span>
     <span class='ocr_line' id='line_1_42' title="bbox 315 4776 1828 4852; baseline 0.001 -19"><span class='ocrx_word' id='word_1_471' title='bbox 315 4780 345 4852; x_wconf 83' lang='lat'>4)</span> <span class='ocrx_word' id='word_1_472' title='bbox 357 4779 380 4836; x_wconf 86' lang='lat' dir='ltr'><strong>J</strong></span> <span class='ocrx_word' id='word_1_473' title='bbox 380 4795 444 4834; x_wconf 86' lang='lat' dir='ltr'>oan.</span> <span class='ocrx_word' id='word_1_474' title='bbox 458 4792 488 4849; x_wconf 85' lang='lat' dir='ltr'>x,</span> <span class='ocrx_word' id='word_1_475' title='bbox 501 4779 544 4835; x_wconf 80' lang='lat'>38.</span> <span class='ocrx_word' id='word_1_476' title='bbox 557 4779 652 4837; x_wconf 77' lang='lat' dir='ltr'>Nieet.</span> <span class='ocrx_word' id='word_1_477' title='bbox 665 4795 721 4836; x_wconf 86' lang='lat' dir='ltr'>om</span> <span class='ocrx_word' id='word_1_478' title='bbox 733 4796 795 4836; x_wconf 80' lang='lat' dir='ltr'>rum</span> <span class='ocrx_word' id='word_1_479' title='bbox 806 4785 838 4836; x_wconf 86' lang='lat' dir='ltr'>et</span> <span class='ocrx_word' id='word_1_480' title='bbox 850 4787 898 4837; x_wconf 76' lang='lat' dir='ltr'>ert.</span> <span class='ocrx_word' id='word_1_481' title='bbox 1109 4778 1154 4852; x_wconf 93' lang='grc'>10)</span> <span class='ocrx_word' id='word_1_482' title='bbox 1167 4781 1215 4834; x_wconf 83' lang='lat' dir='ltr'>Pe.</span> <span class='ocrx_word' id='word_1_483' title='bbox 1229 4793 1377 4849; x_wconf 82' lang='lat' dir='ltr'>nxxxrm,</span> <span class='ocrx_word' id='word_1_484' title='bbox 1388 4779 1413 4832; x_wconf 73' lang='lat'>7.</span> <span class='ocrx_word' id='word_1_485' title='bbox 1424 4777 1517 4834; x_wconf 85' lang='lat' dir='ltr'>Nieet.</span> <span class='ocrx_word' id='word_1_486' title='bbox 1530 4778 1579 4849; x_wconf 79' lang='lat' dir='ltr'>qui</span> <span class='ocrx_word' id='word_1_487' title='bbox 1589 4784 1617 4833; x_wconf 82' lang='lat' dir='ltr'>et</span> <span class='ocrx_word' id='word_1_488' title='bbox 1627 4777 1732 4833; x_wconf 78' lang='lat' dir='ltr'>mortio.</span> <span class='ocrx_word' id='word_1_489' title='bbox 1748 4776 1828 4834; x_wconf 83' lang='lat' dir='ltr'>Nota</span> 
     </span>
     <span class='ocr_line' id='line_1_43' title="bbox 312 4861 1664 4939; baseline -0.002 -17"><span class='ocrx_word' id='word_1_490' title='bbox 312 4865 342 4939; x_wconf 82' lang='grc'>5)</span> <span class='ocrx_word' id='word_1_491' title='bbox 354 4869 584 4936; x_wconf 61' lang='lat' dir='ltr'>mmmm</span> <span class='ocrx_word' id='word_1_492' title='bbox 608 4865 702 4922; x_wconf 78' lang='lat' dir='ltr'>Niest</span> <span class='ocrx_word' id='word_1_493' title='bbox 726 4866 824 4922; x_wconf 87' lang='lat' dir='ltr'>minus</span> <span class='ocrx_word' id='word_1_494' title='bbox 847 4869 976 4937; x_wconf 71' lang='grc' dir='ltr'>ἀρχαῐοςι</span> <span class='ocrx_word' id='word_1_495' title='bbox 994 4865 1028 4922; x_wconf 81' lang='lat' dir='ltr'>de</span> <span class='ocrx_word' id='word_1_496' title='bbox 1074 4864 1157 4922; x_wconf 80' lang='lat' dir='ltr'>silari</span> <span class='ocrx_word' id='word_1_497' title='bbox 1170 4861 1664 4921; x_wconf 76' lang='lat' dir='ltr'>deOhristidesoensuadinferou.</span> 
     </span>
     <span class='ocr_line' id='line_1_44' title="bbox 279 4949 1476 5027; baseline -0.005 -17"><span class='ocrx_word' id='word_1_498' title='bbox 279 4954 426 5027; x_wconf 68' lang='lat' dir='ltr'>mupnr&#39;fieo</span> <span class='ocrx_word' id='word_1_499' title='bbox 439 4951 542 5011; x_wconf 74' lang='lat' dir='ltr'>Ohn&#39;rti</span> <span class='ocrx_word' id='word_1_500' title='bbox 554 4969 660 5010; x_wconf 75' lang='lat' dir='ltr'>onus...</span> <span class='ocrx_word' id='word_1_501' title='bbox 671 4955 816 5011; x_wconf 77' lang='lat' dir='ltr'>voluerint.</span> <span class='ocrx_word' id='word_1_502' title='bbox 1113 4951 1158 5024; x_wconf 92' lang='lat'>11)</span> <span class='ocrx_word' id='word_1_503' title='bbox 1170 4951 1192 5009; x_wconf 89' lang='lat' dir='ltr'><strong>J</strong></span> <span class='ocrx_word' id='word_1_504' title='bbox 1192 4967 1258 5008; x_wconf 83' lang='lat' dir='ltr'>oan.</span> <span class='ocrx_word' id='word_1_505' title='bbox 1271 4965 1302 5022; x_wconf 85' lang='lat' dir='ltr'>x,</span> <span class='ocrx_word' id='word_1_506' title='bbox 1316 4951 1364 5020; x_wconf 75' lang='lat'>183</span> <span class='ocrx_word' id='word_1_507' title='bbox 1377 4964 1420 5022; x_wconf 88' lang='lat'>111,</span> <span class='ocrx_word' id='word_1_508' title='bbox 1433 4949 1476 5004; x_wconf 81' lang='lat'>13.</span> 
     </span>
     <span class='ocr_line' id='line_1_45' title="bbox 313 5035 1824 5115; baseline -0.001 -17"><span class='ocrx_word' id='word_1_509' title='bbox 313 5041 342 5115; x_wconf 83' lang='lat'>6)</span> <span class='ocrx_word' id='word_1_510' title='bbox 354 5040 462 5098; x_wconf 85' lang='lat' dir='ltr'>Matth.</span> <span class='ocrx_word' id='word_1_511' title='bbox 475 5059 505 5111; x_wconf 86' lang='lat' dir='ltr'>x,</span> <span class='ocrx_word' id='word_1_512' title='bbox 518 5039 561 5096; x_wconf 80' lang='lat'>32.</span> <span class='ocrx_word' id='word_1_513' title='bbox 571 5039 685 5098; x_wconf 80' lang='lat' dir='ltr'>Cretera</span> <span class='ocrx_word' id='word_1_514' title='bbox 695 5057 792 5113; x_wconf 79' lang='lat' dir='ltr'>graeee</span> <span class='ocrx_word' id='word_1_515' title='bbox 803 5039 916 5099; x_wconf 85' lang='lat' dir='ltr'>involvi</span> <span class='ocrx_word' id='word_1_516' title='bbox 928 5038 1030 5098; x_wconf 83' lang='lat' dir='ltr'>viden·</span> <span class='ocrx_word' id='word_1_517' title='bbox 1110 5039 1155 5111; x_wconf 81' lang='lat'>12)</span> <span class='ocrx_word' id='word_1_518' title='bbox 1168 5037 1265 5094; x_wconf 82' lang='lat' dir='ltr'>Nieet.</span> <span class='ocrx_word' id='word_1_519' title='bbox 1278 5054 1333 5093; x_wconf 89' lang='lat' dir='ltr'>om</span> <span class='ocrx_word' id='word_1_520' title='bbox 1347 5035 1406 5093; x_wconf 72' lang='lat' dir='ltr'>liet.</span> <span class='ocrx_word' id='word_1_521' title='bbox 1419 5035 1512 5092; x_wconf 72' lang='lat' dir='ltr'>ihm:</span> <span class='ocrx_word' id='word_1_522' title='bbox 1530 5035 1630 5095; x_wconf 51' lang='lat' dir='ltr'>&amp;tum</span> <span class='ocrx_word' id='word_1_523' title='bbox 1642 5041 1685 5094; x_wconf 76' lang='lat' dir='ltr'>ert</span> <span class='ocrx_word' id='word_1_524' title='bbox 1695 5037 1726 5094; x_wconf 79' lang='lat' dir='ltr'>ite</span> <span class='ocrx_word' id='word_1_525' title='bbox 1738 5037 1824 5096; x_wconf 70' lang='lat' dir='ltr'>aaut·</span> 
     </span>
     <span class='ocr_line' id='line_1_46' title="bbox 281 5121 1584 5204; baseline -0.005 -16"><span class='ocrx_word' id='word_1_526' title='bbox 281 5134 339 5200; x_wconf 83' lang='lat' dir='ltr'>tur,</span> <span class='ocrx_word' id='word_1_527' title='bbox 352 5145 417 5204; x_wconf 83' lang='lat' dir='ltr'>quae</span> <span class='ocrx_word' id='word_1_528' title='bbox 429 5127 472 5187; x_wconf 83' lang='lat' dir='ltr'>sie</span> <span class='ocrx_word' id='word_1_529' title='bbox 489 5127 598 5188; x_wconf 84' lang='lat' dir='ltr'>Niost:</span> <span class='ocrx_word' id='word_1_530' title='bbox 617 5127 673 5188; x_wconf 77' lang='lat' dir='ltr'>Neo</span> <span class='ocrx_word' id='word_1_531' title='bbox 684 5144 754 5187; x_wconf 81' lang='lat' dir='ltr'>rane</span> <span class='ocrx_word' id='word_1_532' title='bbox 766 5132 810 5185; x_wconf 76' lang='lat' dir='ltr'>eet</span> <span class='ocrx_word' id='word_1_533' title='bbox 829 5126 902 5185; x_wconf 79' lang='lat' dir='ltr'>unde</span> <span class='ocrx_word' id='word_1_534' title='bbox 919 5125 1031 5198; x_wconf 69' lang='lat' dir='ltr'>molita·</span> <span class='ocrx_word' id='word_1_535' title='bbox 1079 5121 1584 5198; x_wconf 68' lang='lat' dir='ltr'>oteoeaepmoso.cf.1‘s.erx,ta</span> 
     </span>
    </p>
   </div>
   <div class='ocr_carea' id='block_1_12' title="bbox 0 0 1988 6101">
    <p class='ocr_par' dir='ltr' id='par_1_16' title="bbox 0 0 1988 6101">
     <span class='ocr_line' id='line_1_47' title="bbox 0 0 1988 6101; baseline 0 0"><span class='ocrx_word' id='word_1_536' title='bbox 0 0 1988 6101; x_wconf 95' lang='lat' dir='ltr'> </span> 
     </span>
    </p>
   </div>
  </div>
 </body>
</html>
