4006 6090
281 445 345 506 344
946 448 1159 512 ORIGENES

278 583 402 669 ρόοεως
423 583 479 647 καί
500 581 675 667 γενέσεως,
699 580 926 668 ἀκατάληπτον
948 581 1029 649 είναί
1073 586 1348 667 conscripserunt
1369 585 1410 648 de
1425 586 1625 650 animalium
1649 590 1772 649 natura
1794 591 1827 649 et

279 708 357 772 φασι
371 688 429 773 την
444 697 500 752 τοῦ
515 689 647 773 αίματος
662 689 705 766 είς
721 686 817 752 όστέα
838 687 1026 774 μεταόολην,
1072 685 1303 770 generatione,
1329 694 1488 754 asserunt
1502 689 1741 771 comprehendi
1757 707 1828 752 non

277 799 340 856 τῶν
365 799 492 875 σαρκῶν
517 791 573 856 καί
605 791 721 876 νεύρων
747 790 899 877 ἀμηγέπη
928 813 1028 858 κατα-
1071 811 1168 875 posse
1200 795 1423 858 mutationem
1461 795 1642 872 sanguinis
1672 795 1708 856 in
1733 811 1825 872 ossa;

276 893 532 981 λαμόανομένων,
549 893 591 972 ὡς
606 896 742 980 έχουσιν.
758 895 824 962 Καὶ
839 895 873 961 έν
888 895 1027 980 Ἐκκλη·
1071 899 1226 962 carnium
1266 902 1300 961 et
1338 913 1519 961 nervorum
1551 897 1696 980 quodum
1726 897 1825 960 modo

277 1000 390 1084 σιαοτῇ
406 999 441 1063 δὲ
456 998 599 1085 λέγεται·
615 994 672 1077 Ὣς
694 1001 773 1065 όστᾶ
787 999 821 1064 έν
840 1002 954 1085 γαστρὶ
968 1009 1027 1084 της
1073 1003 1223 1081 intelligi
1246 1003 1511 1082 conversionem,
1536 1003 1683 1083 qualiter
1705 1018 1742 1064 se
1764 1000 1823 1064 ha-

275 1103 505 1188 κυοροροόοης,
532 1105 630 1182 οὕτως
660 1105 697 1168 οὐ
726 1103 833 1189 γνώση
864 1101 1027 1190 ποιήματα
1071 1106 1159 1170 beat.
1182 1107 1226 1170 lit
1251 1107 1286 1170 in
1309 1106 1513 1169 Ecclesiaste
1535 1105 1713 1168 scribitur:
1740 1106 1821 1168 «Si-

277 1218 334 1274 τοῦ
350 1209 445 1276 Θεοῦ.
1071 1214 1130 1274 cut
1145 1225 1221 1274 ossa
1244 1210 1280 1272 in
1303 1213 1421 1272 ventre
1445 1210 1668 1291 praegnantis,
1685 1211 1734 1272 ita
1755 1225 1823 1272 non

1071 1316 1206 1378 noveris
1223 1331 1326 1396 opera
1341 1315 1444 1378 Dei.»

320 1414 390 1481 Οόκ
416 1413 533 1500 έκρόόη
557 1414 592 1479 δέ
615 1414 677 1480 ἀπό
700 1425 767 1497 σου,
794 1415 910 1502 οὐδὲὴ
937 1416 1025 1504 ψυχή
1116 1422 1190 1486 Noa
1213 1419 1405 1486 amitalem
1426 1425 1534 1485 actem
1555 1424 1603 1485 est
1623 1419 1694 1500 titi,
1713 1437 1824 1502 neque

277 1542 336 1606 μου
351 1521 386 1587 έν
407 1519 484 1606 ᾷόου
507 1519 715 1606 γεγενημένη,
732 1523 753 1608 η
770 1524 805 1586 τό
826 1531 918 1607 σῶμα
932 1544 1027 1587 κατο-
1072 1525 1188 1588 oculos
1205 1527 1283 1588 tuos
1299 1525 1412 1604 fugiet
1426 1527 1540 1588 anima
1553 1542 1638 1605 mea,
1653 1527 1707 1589 vel
1723 1525 1758 1588 in
1773 1526 1825 1588 in·

277 1623 391 1709 ρυχθέν
405 1622 464 1688 καί
474 1624 518 1701 είς
533 1633 594 1709 γῆν
606 1624 760 1706 διαλυθὲν,
774 1627 861 1710 παρὰ
877 1636 934 1692 σοῦ
946 1627 1027 1692 θεω-
1072 1627 1168 1691 ferno
1185 1629 1306 1711 posita,
1323 1647 1433 1711 neque
1456 1647 1590 1712 corpus,
1607 1631 1661 1693 vel
1684 1633 1776 1692 terra
1791 1646 1824 1692 o·

277 1736 386 1811 ρεῖται.
403 1765 444 1776 -
461 1727 528 1813 Τὴν
549 1726 651 1793 αίτίαν
666 1737 723 1814 της
745 1728 955 1814 παραόάσεως
969 1743 1025 1798 τοῦ
1071 1732 1210 1796 brutum
1227 1735 1312 1796 etin
1329 1732 1433 1797 humo
1449 1733 1665 1798 dissolutum.
1684 1767 1722 1777 -
1741 1735 1826 1796 Cau·

275 1831 475 1916 προπάτορος
491 1836 508 1895 ό
524 1829 624 1916 μέγας
647 1830 742 1897 Δαυίδ
758 1833 792 1897 έν
811 1832 974 1919 ψαλτηρίῳ
990 1835 1025 1899 ά·
1071 1855 1144 1900 sam
1159 1838 1275 1918 lapsus
1290 1839 1393 1919 primi
1419 1839 1570 1920 parentis
1590 1853 1738 1914 magnus
1761 1837 1824 1899 Da-

275 1933 515 2020 νακρουόμενος,
538 1937 593 1999 καί
615 1937 692 2019 πρὸς
714 1934 902 2023 συγγνώμην
928 1939 1026 2022 αὐτῆς
1070 1940 1129 2005 vid
1144 1942 1180 2004 in
1192 1942 1355 2022 psalterio
1371 1941 1588 2023 patefaciens,
1601 1947 1635 2004 et
1649 1958 1709 2022 pro
1720 1939 1823 2019 huius

275 2040 329 2105 τόν
341 2038 497 2124 δεσπότην
509 2038 731 2125 ἐξιλεοόμενος,
740 2042 859 2126 κοίτην
867 2043 1026 2128 άφευκτον
1070 2045 1172 2108 venia
1187 2046 1389 2126 suppliciter
1410 2046 1593 2109 Dominum
1613 2045 1822 2126 deprecatus,

275 2151 331 2207 τοῦ
340 2140 423 2210 Θεοῦ
438 2151 551 2228 γνῶσιν
567 2141 736 2228 ἐσήμανεν,
752 2145 807 2209 καί
822 2147 881 2230 τὴν
893 2148 973 2233 μετά
989 2149 1025 2212 τό
1071 2154 1145 2212 tum
1171 2131 1385 2228 significavit
1408 2150 1588 2214 scientiam
1615 2150 1687 2228 Dei,
1719 2165 1823 2230 quom

273 2257 416 2334 πταῖσμα
423 2257 478 2313 τοῦ
486 2246 591 2334 Ἀδάμ
598 2249 841 2336 εῐιγνωμοσόνην
853 2251 1024 2336 ἐδήλωσεν·
1070 2255 1326 2336 uoluptatum
1338 2255 1484 2318 asseruit
1509 2254 1660 2317 futuram
1676 2257 1752 2335 post
1770 2269 1824 2315 ca-

274 2351 336 2416 οὒκ
349 2350 465 2437 έκρόόη
482 2353 518 2416 τό
533 2353 646 2419 ὀστοῦν
664 2373 733 2439 μου,
749 2353 861 2439 λέγων,
877 2355 940 2421 ἀπό
956 2367 1024 2440 σου,
1070 2375 1146 2420 sum
1158 2357 1277 2421 Adami
1293 2359 1523 2437 clementiam,
1538 2357 1668 2420 dicens:
1689 2358 1762 2421 Non
1776 2359 1826 2421 εεί

273 2453 464 2541 θέποίησας.
478 2454 546 2522 Οὐκ
560 2457 693 2543 έκρόρη,
710 2459 769 2523 οὐκ
780 2457 892 2525 έλαθέν
904 2481 950 2544 σε,
964 2482 1024 2546 φη·
1072 2461 1266 2526 comitatum
1282 2479 1317 2528 oc
1331 2477 1436 2526 mcum
1447 2477 1468 2524 o
1479 2468 1519 2541 te,
1534 2461 1618 2543 qood
1631 2461 1824 2543 compepisti.

274 2562 316 2644 σί,
329 2568 386 2645 της
396 2565 545 2645 γυναικός
557 2583 616 2648 μου
628 2563 645 2627 ό
657 2561 790 2647 όλισθος,
801 2563 843 2648 ἣν
853 2562 892 2628 ἐκ
902 2575 957 2630 τοῦ
972 2567 1025 2631 όσ·
1070 2566 1143 2628 Non
1155 2566 1327 2628 occultum
1337 2569 1398 2645 est,
1408 2565 1530 2649 inquit,
1539 2582 1606 2628 non
1616 2567 1773 2644 ignotum
1780 2564 1822 2627 ti-

250 2703 251 2708 κ
274 2661 347 2730 τέου
363 2686 423 2752 μου
445 2664 623 2752 λεληθότως
645 2664 809 2751 ἐποίησας,
833 2670 919 2751 όπνφ
935 2667 1025 2755 βάρει
1069 2669 1105 2732 bi
1117 2670 1271 2733 mulieris
1286 2687 1368 2733 meae
1382 2669 1568 2748 lubricitas,
1581 2686 1684 2750 quam
1697 2685 1739 2731 ex
1750 2683 1825 2731 osse

274 2769 409 2848 εὐνάσας
432 2791 488 2855 με·
519 2769 699 2856 ἀλλ’έγνως
722 2772 763 2836 τόι
783 2770 926 2857 ἡμέτερα
949 2773 1023 2858 κρύ-
1070 2790 1275 2837 meoarcana
1287 2774 1320 2836 vi
1331 2773 1493 2852 formasti,
1502 2771 1582 2836 dum
1595 2773 1726 2836 altome
1738 2772 1827 2853 sopi-

274 2895 341 2959 τρια,
357 2876 374 2939 t
387 2873 513 2959 ἐκείνην
523 2873 660 2961 κρυφίως
671 2876 940 2961 ὑποστησάμενος.
952 2876 1024 2943 Ὀσ-
1069 2879 1150 2941 visti
1165 2895 1293 2941 somno.
1313 2878 1378 2942 Sed
1390 2878 1522 2941 occulte
1534 2894 1609 2968 mea
1620 2877 1823 2956 cognovisti,

275 2989 351 3044 τοῠν
366 2981 424 3065 την
446 2979 553 3065 ψυχην
576 2977 721 3064 ὠνόμασε
744 2990 807 3061 νῦν,
830 2979 871 3064 ἣν
893 2980 1024 3066 ἐποίησε
1070 2981 1822 3064 tuquiEvamabsconditcsupposuisti0ssis

275 3083 368 3169 μόνος
391 3085 408 3146 ό
431 3084 522 3166 Θεὸς,
545 3082 660 3162 κακίας
682 3083 783 3162 ἐκτός.
814 3080 964 3169 Ὕστερον
987 3087 1023 3152 δέ
1070 3089 1206 3151 nomine
1234 3105 1326 3151 nunc
1352 3086 1501 3150 animam
1529 3087 1691 3166 signavit,
1718 3101 1821 3166 quam

273 3187 403 3274 γέγονεν
414 3188 448 3253 έν
463 3196 527 3265 τοῖς
538 3187 732 3266 κατωτάτοις
744 3196 800 3272 τῆς
812 3197 882 3273 γῆς,
896 3187 1021 3255 τουτέσ-
1069 3193 1162 3255 solus
1184 3193 1275 3256 Deus
1298 3191 1426 3271 absque
1448 3192 1538 3254 malo
1565 3191 1705 3254 creavit.
1729 3193 1823 3254 Post·

273 3313 321 3358 τιν
343 3293 377 3360 ἐν
398 3291 520 3377 ἐσχάτη
544 3291 742 3378 ἀκαθαρσίᾳ·
766 3291 838 3357 ἀλλ’
860 3292 944 3377 όμως
967 3295 1022 3358 καί
1071 3296 1209 3359 modum
1225 3295 1387 3361 ιίευοοιιόίί
1398 3296 1437 3359 ia
1458 3295 1573 3378 ιἠγίοια
1587 3299 1695 3373 terra,
1712 3293 1746 3358 id
1769 3297 1823 3357 est

274 3407 368 3463 τοῦτο
383 3395 561 3484 μέλλουσαν
577 3397 676 3482 αὐτην
691 3397 827 3483 πάσχειν
845 3398 990 3481 προεῖδέν
1006 3399 1023 3464 ό
1071 3400 1107 3462 in
1123 3406 1276 3464 extrema
1291 3399 1492 3482 corruptela.
1513 3400 1639 3462 Verum
1655 3399 1758 3461 etiam
1781 3415 1822 3461 eo

274 3499 402 3585 Κύριος,
418 3502 472 3566 καί
487 3501 611 3585 διέτης
627 3499 774 3586 προνοίας
790 3500 884 3566 πόιλιν
901 3509 944 3589 τῷ
957 3500 1024 3586 ἰδίῳ
1071 3522 1179 3587 usque
1195 3521 1270 3568 eam
1287 3521 1360 3568 esso
1383 3521 1559 3584 passuram
1580 3501 1737 3584 praevidit
1758 3502 1822 3564 Do

275 3604 384 3694 βιβλίῳ
400 3604 612 3692 κατέγραψεν.
1071 3610 1195 3688 minus,
1222 3613 1258 3672 et
1283 3607 1506 3672 nihilominus
1533 3624 1608 3670 eam
1630 3606 1667 3669 τίι
1682 3606 1818 3686 proprio

590 3773 593 3778 .
1072 3711 1155 3777 libro
1177 3729 1237 3793 per
1259 3711 1507 3792 providentiam
1523 3709 1710 3790 descripsit.

318 3813 444 3880 Βιόλίον
466 3814 549 3882 Θεοῦ
571 3815 654 3880 ἐστιν
675 3812 697 3898 ἡ
721 3813 842 3900 θεωρία
868 3815 1023 3902 σωμάτων
1115 3815 1215 3879 Liber
1231 3815 1547 3880 Deiestrerumvel
1565 3816 1749 3896 incorpore
1765 3815 1820 3878 vel

274 3917 329 3984 καί
351 3917 586 4004 &capitenata
608 3921 634 4004 ᾧ
655 3917 776 4004 πέφυκε
800 3920 851 3983 διὰ
873 3929 929 4004 της
945 3921 1024 4005 γνόν-
1069 3921 1143 3984 sine
1166 3937 1304 4001 corpore
1324 3920 1544 3984 existentium
1567 3918 1820 3999 contemplatio,

274 4043 354 4100 σεως
367 4021 545 4107 γράφεσθαι
566 4031 637 4100 νοῦς
652 4022 801 4109 καθαρός.
817 4022 872 4088 Ἐν
895 4023 930 4088 δέ
953 4025 1024 4090 vod-
1071 4025 1106 4087 in
1122 4041 1189 4106 quo
1205 4024 1291 4087 libro
1307 4024 1394 4087 solet
1408 4039 1468 4105 per
1487 4023 1665 4086 scientiam
1681 4021 1821 4086 inscribi

273 4145 318 4210 τιμ
333 4134 377 4211 τῷ
393 4124 500 4212 βιόλίιμ
515 4127 575 4192 έισί
596 4125 807 4212 γεγραμμένοι
821 4130 877 4193 καὶ
900 4129 930 4193 ci
953 4133 1024 4215 περὶ
1071 4145 1157 4209 pura
1183 4144 1289 4190 mens.
1317 4129 1357 4190 In
1379 4127 1443 4190 hoc
1465 4130 1580 4190 autem
1604 4127 1690 4190 libro
1717 4127 1820 4189 etiam

274 4227 422 4314 προνοίας
444 4229 532 4315 λόγοι
547 4232 601 4294 καί
624 4229 765 4314 κρίσεως,
789 4230 832 4294 δι’
846 4235 883 4296 ob
905 4231 1023 4319 βιόλίου
1069 4233 1203 4313 scriptae
1222 4237 1304 4295 sunt
1325 4232 1546 4314 providentie
1569 4236 1604 4294 et
1623 4229 1746 4310 judicii
1769 4247 1822 4294 ra-

273 4332 461 4419 γινιίισκεται
476 4333 493 4398 ό
508 4333 599 4416 Θεός,
615 4332 657 4410 ὡς
680 4333 868 4430 δημιουργός
892 4339 946 4402 καί
970 4359 1022 4402 σο-
1069 4338 1188 4414 tiones,
1220 4340 1254 4400 et
1282 4354 1342 4418 per
1373 4353 1451 4398 eum
1481 4335 1700 4413 cognoscitur
1729 4335 1821 4398 Deus

274 4439 332 4523 φός
347 4439 401 4502 καί
416 4439 595 4524 προνοητης
609 4439 664 4503 καί
684 4437 811 4522 κριτής·
834 4439 1023 4526 δημιουργός
1071 4445 1246 4522 tamquam
1270 4442 1393 4524 opifex,
1424 4442 1570 4522 sapiens,
1600 4441 1760 4523 providus
1788 4445 1823 4504 et

274 4543 341 4628 μέν,
357 4543 409 4607 διόι
424 4544 464 4607 τά
478 4541 632 4630 γεγονότα
654 4540 716 4606 ἀπό
733 4551 788 4607 τοῦ
805 4544 848 4627 μὴ
872 4543 961 4622 όντος
979 4545 1023 4622 εἰς
1065 4545 1183 4626 judex.
1201 4546 1329 4627 opifex,
1355 4552 1491 4627 propter
1506 4563 1547 4608 ea
1562 4561 1638 4626 quae
1654 4562 1696 4608 ex
1711 4543 1821 4607 nihilo

273 4649 310 4712 τό
325 4647 421 4712 είναι·
445 4650 542 4731 σοφός
564 4647 609 4729 δὲ,
627 4647 679 4711 διά
700 4649 774 4723 τοὺς
796 4646 1023 4734 ἀποκειμένους
1069 4651 1158 4716 facta
1180 4655 1278 4733 sunt;
1301 4651 1446 4732 sapiens,
1469 4655 1606 4732 propter
1629 4648 1820 4712 reconditas

273 4751 387 4838 λόγους
402 4753 526 4829 αὐτοῖς·
541 4753 721 4836 προνοητὴς
733 4751 779 4833 δέ,
799 4752 850 4817 διὰ
860 4754 902 4817 τά
918 4775 1024 4820 συντε-
1070 4757 1106 4820 in
1121 4755 1223 4820 rebus
1238 4757 1401 4833 rationes3
1427 4755 1588 4836 provisor,
1612 4756 1748 4834 propter
1762 4768 1822 4813 au-

274 4856 391 4923 λοῦντα
406 4858 484 4941 πρός
499 4855 616 4942 άρετην
637 4853 712 4942 ἡμῖν
727 4859 782 4922 καί
802 4859 935 4943 γνῶσιν·
957 4879 1022 4944 κρι-
1070 4860 1154 4922 xiiia
1169 4858 1266 4923 nobis
1281 4858 1323 4922 ad
1335 4859 1498 4923 virtutem
1512 4859 1546 4919 et
1557 4857 1734 4920 scientiam
1749 4854 1822 4918 adi·

183 4959 185 4964 ’
274 4961 333 5045 τὴς
348 4959 383 5024 δέ
397 4959 502 5044 πάλιν,
519 4960 570 5026 διόι
592 4963 628 5025 τό
650 4959 787 5046 διάφορα
806 4960 939 5048 σιίματα
962 4964 1023 5029 τόν
1069 4964 1263 5046 piscendam
1295 4964 1489 5046 impertitn3
1522 4961 1629 5041 judex
1659 4959 1818 5042 denique,

275 5060 410 5147 λογικῶν
434 5066 490 5130 καί
518 5067 591 5142 τοὺς
619 5061 781 5142 ποικίλους
805 5064 942 5151 κόσμους
968 5068 1024 5132 καί
1068 5071 1205 5150 propter
1234 5069 1347 5132 varias
1370 5065 1625 5130 rationabilium
1648 5068 1820 5128 creatura·

275 5167 349 5245 τοὺς
362 5165 567 5258 περιέχοντας
588 5169 662 5246 τοὺς
684 5169 811 5248 αἰῶνας.
831 5165 896 5234 Καί
919 5169 1024 5249 πάσας
1068 5189 1146 5246 rum
1160 5170 1284 5238 formas
1301 5177 1335 5236 et
1349 5171 1460 5235 varios
1472 5171 1627 5251 mundos,
1645 5171 1748 5234 etiam
1760 5187 1818 5233 eos
