4036 6090
799 437 843 498 ru
866 399 1052 499 renunes

711 697 880 776 Psulmus
912 691 1159 775 LXXXIII.

211 967 243 1014 v.
261 951 291 1014 3.
306 945 472 1014 Ἐτιποθεῖ
484 948 539 1012 καί
554 942 692 1012 ἐαλείιτει
706 941 727 1028 ἡ
744 940 832 1030 ψυχὴ
857 963 915 1029 μου
1003 962 1036 1006 ν.
1053 945 1083 1006 θ.
1100 943 1301 1024 competit
1311 949 1342 1010 ct
1355 943 1463 1030 deficit
1473 945 1584 1010 ocioso
1594 961 1665 1012 mcc
1675 946 1712 1010 ιἰι

166 1052 211 1130 είς
237 1053 294 1130 τὰς
320 1051 420 1130 αθλδις
442 1061 498 1118 τοῦ
520 1047 650 1135 Κυρίου,
673 1046 695 1133 ἡ
718 1046 834 1132 καρδία
856 1067 915 1133 μου
959 1047 1049 1112 aiom
1062 1048 1205 1112 Domini.
1237 1048 1296 1114 dor
1314 1067 1419 1115 mcum
1446 1055 1478 1116 ei
1503 1067 1576 1117 coro
1598 1067 1668 1116 mco
1682 1067 1713 1115 c·

166 1160 222 1222 ιιαί
246 1156 268 1242 ἡ
296 1156 374 1243 σάρξ
400 1178 458 1245 μου
487 1154 727 1242 ἠγαλλιάσοιντο
753 1153 805 1219 ἐπί
834 1151 917 1218 Θεὸν
959 1151 1220 1218 edecimatos
1234 1154 1339 1219 Deum
1353 1155 1473 1220 uicum.

167 1262 282 1340 ζῶντα.
308 1266 373 1330 Vei.
392 1263 466 1342 678,
486 1263 513 1325 1.
1116 1329 1121 1339 ,

214 1363 370 1450 Ζητήσεις
392 1363 487 1431 πόθεν
508 1362 652 1431 ἐπιποθεῖ
669 1359 691 1448 ἡ
707 1361 806 1448 ψυχὴ,
822 1361 859 1425 οῦ
881 1361 917 1423 τὸ
1006 1363 1141 1438 Quaeres
1161 1362 1332 1426 undenam
1347 1363 1564 1444 concupiscat
1585 1364 1711 1443 anima,

167 1467 326 1534 ἐπιποθεῖν
342 1467 446 1555 μόνον,
469 1469 553 1534 ἀλλὰ
572 1469 678 1533 καὶτὸ
700 1463 855 1532 ἐκλείπειν
871 1463 916 1540 είς
962 1483 1031 1530 non
1045 1467 1157 1530 solum
1173 1484 1242 1548 prae
1258 1466 1433 1548 desiderio,
1455 1467 1515 1531 sed
1538 1485 1646 1548 usque
1669 1469 1712 1532 ad

168 1572 225 1651 τὰς
248 1572 347 1650 αθλθις
370 1582 426 1638 τοῦ
449 1570 585 1659 Κυρίου;
602 1570 735 1656 ιτδτιρον
757 1570 917 1656 θιτομνιγσ-
960 1569 1186 1634 deficiendum
1224 1571 1261 1634 ιἰι
1289 1571 1380 1634 citio
1407 1570 1564 1635 Domini?
1592 1573 1711 1636 Nonne

167 1675 274 1762 θεῖσα;
290 1677 368 1763 σὰρξ
383 1679 417 1743 δὲ
441 1677 615 1762 ἀγάλλεται
630 1676 682 1741 ἐπὶ
704 1674 786 1744 Θεὸν
801 1674 916 1754 ζῶντα,
961 1677 1042 1758 quia
1057 1677 1232 1740 recordata
1247 1677 1322 1739 est?
1342 1678 1425 1740 Caro
1441 1680 1555 1740 eutem
1581 1679 1712 1741 exultat

167 1778 296 1866 ἐπείπερ
318 1782 431 1866 δψεται
452 1784 488 1848 τὸ
508 1778 663 1866 σωτήριον
685 1789 741 1844 τοῦ
764 1778 857 1845 Θεοῦ.
874 1816 915 1826 -
960 1783 998 1846 ie
1018 1783 1123 1846 Deum
1143 1783 1265 1859 cicc-m,
1296 1778 1370 1843 ideo
1395 1781 1485 1863 quod
1503 1779 1633 1844 videbit
1658 1799 1709 1844 sa-

167 1883 271 1952 Αῦλαὶ
297 1884 417 1971 Κυρίου
439 1886 472 1951 αί
497 1884 628 1970 θεωρίαι
654 1893 715 1951 τῶν
742 1881 918 1969 γεγονότων
961 1887 1071 1949 lutare
1093 1887 1165 1949 Dei.
1181 1885 1281 1952 Atrio
1301 1886 1435 1950 Domini
1455 1889 1537 1948 sunt
1551 1890 1711 1949 coutem-

168 1989 322 2075 σωμάτων
344 1991 430 2056 είσίν.
455 1990 489 2054 ἐν
518 1990 647 2068 ταύταις
676 1991 737 2074 γὰρ
757 1987 848 2074 ἡμεῖς
870 1987 921 2051 δεῖ
961 1991 1128 2072 platioues
1148 1991 1368 2053 existentium
1390 2006 1578 2071 corporum.
1601 1991 1663 2054 His
1679 2007 1711 2053 e·

167 2093 314 2181 γενέσθαι
336 2096 371 2159 τδ
394 2094 554 2180 πρότερον,
578 2092 744 2171 είθόῦτως
766 2092 917 2160 εἰσελθεῖν
961 2095 1033 2159 nim
1048 2095 1326 2158 meditationibus
1341 2098 1473 2176 oportet
1488 2111 1549 2158 nos
1560 2095 1710 2176 primum

160 2189 211 2276 ἐίς
227 2199 280 2263 τδν
295 2199 371 2264 ναδν
386 2209 441 2264 τοῦ
457 2197 549 2280 Θεοῦ,
565 2200 649 2276 δστις
664 2193 780 2282 ἐστινὴ
795 2194 915 2284 θεωρία
959 2200 1074 2278 inseri,
1091 2199 1212 2263 deinde
1228 2199 1292 2263 hoc
1306 2199 1405 2263 modo
1421 2199 1557 2278 ingredi
1572 2201 1608 2264 in
1624 2205 1708 2264 tem·

167 2301 429 2388 reoccupatus
958 2307 1055 2387 plum
1081 2305 1226 2384 Domini,
1243 2304 1333 2385 quod
1351 2307 1403 2369 est
1425 2303 1557 2368 theoria
1577 2307 1708 2368 entium

960 2411 1203 2491 spiritualium.

211 2531 244 2577 v.
260 2513 291 2578 4.
306 2511 373 2576 Καί
386 2511 449 2597 γὰρ
471 2509 633 2597 στρουθίον
651 2511 741 2596 εὗρεν
756 2507 858 2596 ἑαυτῷ
874 2508 916 2575 oi·
1003 2532 1035 2577 v.
1047 2514 1077 2576 4.
1093 2514 1224 2578 Etenim
1230 2529 1349 2595 passer
1359 2513 1484 2579 ieocoii
1494 2511 1558 2579 sibi
1568 2511 1714 2595 domum„
1761 2507 1765 2514 ’

169 2615 251 2698 κίαν,
260 2617 314 2680 καί
325 2617 447 2702 τρυγὼν
458 2613 585 2681 νοσσίαν
601 2613 708 2699 ἑαυτῇ,
720 2615 758 2677 od
769 2611 865 2698 θὴσει
875 2613 918 2677 τθι
959 2623 992 2684 ci
1015 2622 1128 2683 ίιιιίιιι·
1153 2618 1267 2684 nidum
1287 2617 1344 2682 coi
1361 2623 1466 2698 ponat
1483 2619 1597 2700 pullos
1623 2636 1709 2684 suos.

167 2718 278 2785 νοσσία
301 2721 409 2805 αὐτῆς.
427 2720 478 2786 Te
499 2717 711 2804 θυσιαστὴριίι
733 2740 801 2798 σου,
820 2715 918 2802 Κύριε
961 2721 1094 2788 dilutio
1108 2727 1176 2802 ίιιῦ,
1193 2721 1330 2787 Domine
1343 2721 1524 2788 siricium!

167 2833 230 2890 τῶν
245 2823 418 2910 δυνάμεων.

214 2927 370 2994 Βούλεται
392 2930 489 2994 εἰπεῖν
505 2929 553 2994 δτι
568 2927 610 3006 ὡς
632 2924 795 3012 στρουθίου
814 2922 915 3010 δίκην,
1004 2932 1123 2996 Dicere
1137 2933 1222 3010 vult,
1246 2929 1336 3011 quod
1354 2929 1500 3011 passeris
1522 2929 1631 2993 instar
1646 2946 1707 2993 nos
1804 3014 1806 3018 ι

173 3035 228 3098 καί
249 3031 341 3118 ἡμεῖς
357 3032 582 3119 ἐπλανώμεθα·
598 3031 640 3110 ὡς
657 3034 719 3118 γὰρ
739 3031 847 3097 ἐκεῖνα
861 3041 917 3096 τοῦ
960 3054 1095 3120 quoque
1109 3017 1307 3100 erravimus.
1324 3035 1419 3098 Sicut
1434 3035 1525 3097 enim
1537 3035 1573 3097 hi
1581 3035 1709 3097 aviculi

168 3139 212 3224 μὴ
230 3139 314 3223 ἔχειν
330 3137 444 3203 καλιὰν
459 3136 627 3220 πλανᾶται,
651 3136 818 3221 πηξάμενα
828 3135 864 3200 δὲ
882 3136 916 3203 ἐν
959 3145 1141 3221 vagantur,
1157 3139 1335 3203 deficiente
1351 3139 1440 3218 uide,
1464 3139 1500 3201 in
1517 3140 1576 3202 illo
1591 3143 1706 3202 eutem

168 3243 250 3326 αὐτῇ
266 3240 465 3328 διατρίδουοι,
481 3244 536 3307 καί
558 3239 724 3308 rovestrie
739 3240 916 3306 ἐκθάλιιου-
959 3244 1103 3308 stabiliti
1111 3247 1297 3322 morantur,
1305 3245 1456 3324 etpullcs
1464 3243 1709 3324 confoventem

171 3366 229 3426 σιν,
246 3349 344 3424 οὕτως
360 3348 414 3411 καί
436 3345 528 3431 ἡμεῖς
543 3346 643 3410 πάλαι
658 3345 714 3431 μὲν
737 3343 918 3428 ἐπλανὼμε·
962 3355 1068 3415 etuas
1083 3351 1166 3413 olim
1182 3350 1320 3430 quidem
1336 3349 1536 3428 erravimus,
1549 3349 1608 3412 sed
1619 3368 1711 3413 nunc

166 3449 217 3515 θα.
233 3450 299 3515 Νῦν
314 3450 349 3514 δὲ
364 3451 424 3515 ὑπὸ
439 3459 496 3534 τῆς
519 3449 611 3527 θείας
625 3449 754 3534 χάριτος
776 3447 916 3533 epaen-
960 3454 1077 3519 divina
1099 3453 1271 3536 provocati
1293 3452 1415 3531 gretia,
1435 3450 1535 3530 juxte
1557 3452 1712 3516 taberna·

166 3553 282 3639 θέντες,
298 3558 387 3642 παρθι
401 3556 458 3633 τὰς
483 3557 604 3640 σκηνὰς
619 3556 674 3620 καί
689 3556 730 3619 τθι
743 3551 917 3638 θυσιαστὴ-
959 3561 1037 3628 cule
1045 3563 1079 3622 et
1086 3558 1208 3621 altaria
1216 3560 1286 3634 tua,
1298 3559 1430 3619 nostros
1442 3556 1593 3638 proprios
1602 3557 1712 3637 pullos

167 3660 220 3744 ριά
235 3682 302 3742 σου,
319 3663 391 3738 τοὺς
407 3658 501 3737 ἰδίους
516 3659 744 3744 ἐκπαιδεθομεν
759 3656 914 3734 νεοττούς.
960 3663 1182 3729 instituimus.
1201 3695 1240 3705 —
1264 3661 1308 3722 Et
1330 3659 1507 3740 Aquileia
1530 3657 1622 3730 huuc
1637 3676 1707 3721 mo·

168 3802 209 3812 -
222 3763 287 3828 Καί
298 3763 439 3842 Ἀκύλας
455 3767 571 3841 οὕτως·
587 3761 690 3849 Καίγε
707 3764 814 3847 ὄρνεον
825 3763 916 3846 εὖρον
953 3750 1058 3831 dum:
1074 3765 1205 3829 Etenim
1218 3762 1349 3829 ocicttlc
1363 3763 1490 3827 incenit
1502 3761 1567 3826 eibi
1581 3761 1708 3825 domm

167 3868 281 3933 ἑαυτοῦ
296 3869 393 3949 οίιιον,
409 3872 463 3934 καί
479 3868 629 3954 στρουθὸς
651 3866 781 3932 νοσσίαν
803 3865 915 3952 ἑαυτῷ,
960 3876 1117 3953 etpasser
1127 3868 1240 3933 ιιιίίαιιι
1251 3867 1325 3947 eiii,
1335 3865 1391 3932 udi
1398 3867 1709 3948 pomitpoilossa-

166 3975 205 4038 οὔ
221 3973 309 4039 ἔθετο
325 3976 366 4039 τθι
381 3973 501 4040 νοσσία.
518 3973 615 4051 Ἔθος
627 3973 662 4038 δὲ
673 3981 835 4059 τὴγραφῇ
848 3992 918 4056 τρυ-
962 3972 1713 4057 nemosScripturaeest,turturibusassimila-

165 4086 262 4164 γῶσιν
277 4078 450 4166 ἀφομοιοῦν
466 4081 538 4156 τοὺς
554 4075 662 4162 ἁγίους
683 4077 918 4164 μυσταγωγοὺς,
962 4099 999 4145 re
1011 4098 1123 4144 sacros
1139 4083 1370 4162 mystagogos,
1387 4076 1446 4158 qui
1463 4075 1596 4138 decenti
1612 4075 1711 4138 medo

168 4181 199 4246 οἱ
214 4190 258 4268 τῷ
270 4184 391 4248 ἐττεικεῖ
403 4183 507 4268 τρόπῳ
518 4186 592 4259 τοὺς
602 4185 748 4259 νεοττοὺς
759 4180 919 4246 θάλπουσι
962 4187 1073 4269 pullos
1089 4184 1214 4264 fovent,
1231 4184 1348 4247 divina
1360 4181 1449 4244 inter
1467 4181 1598 4259 altaria,
1618 4196 1712 4244 more

166 4288 254 4372 παρὰ
268 4296 334 4366 τοῖς
349 4287 447 4366 θείοις
462 4285 709 4372 θυσιαστηρίοις,
727 4287 833 4371 ὥσπερ
848 4306 918 4370 τρυ-
960 4269 1154 4368 turturum3
1181 4287 1305 4369 quibus
1320 4285 1469 4349 alumnis
1484 4288 1566 4348 sunt
1586 4283 1707 4348 suavia

201 4542 251 4597 Pe.
263 4557 395 4612 amm,
417 4559 446 4600 v.
458 4543 484 4598 3.
496 4541 566 4599 Vat.
577 4541 603 4596 4.
616 4541 722 4596 Mutila
732 4537 878 4598 videntur.
960 4542 1063 4614 Juvat:
1077 4538 1183 4594 “Solet
1195 4536 1296 4594 divine
1305 4535 1456 4610 Scriptura
1467 4535 1632 4592 turturibus
1641 4535 1713 4591 assi·

200 4627 743 4700 v.4.vat.4‚5.cf.Fi01d11‚nsse.Nemo
752 4643 811 4682 non
821 4625 920 4681 osculo
962 4627 1066 4684 milare
1083 4629 1203 4681 sanctes
1219 4623 1355 4678 doctores
1371 4620 1586 4694 mysteriorum
1599 4621 1658 4684 Cur
1673 4620 1713 4691 id,

166 4715 309 4770 salutabit
326 4718 429 4771 canam
439 4715 611 4770 memoriam
629 4714 737 4770 scholae
749 4714 918 4769 christienae
963 4711 1102 4784 inquam?
1121 4710 1190 4782 quie
1206 4707 1409 4766 vocalissimus
1426 4712 1457 4762 et
1474 4706 1574 4764 suevis
1592 4712 1638 4762 est
1650 4712 1711 4763 tur·
1788 4778 1791 4786 Ι

164 4801 315 4857 umbratili
328 4801 415 4856 alteri
428 4801 603 4856 consociatas
616 4805 647 4855 et
660 4799 729 4854 nido
747 4799 918 4855 assimilatae
961 4805 1018 4856 tur.
1036 4797 1129 4854 Nobis
1146 4801 1245 4851 autem
1262 4793 1395 4848 discendi
1412 4791 1553 4848 studiosis
1574 4793 1650 4848 tales
1667 4792 1711 4849 vi·

164 4894 322 4944 turturum.
340 4889 402 4944 Nec
419 4887 534 4956 mirum,
552 4886 579 4941 si
602 4886 706 4942 suavia
726 4885 918 4941 Adamantini
961 4884 1069 4941 dentur
1080 4899 1230 4938 sacrorum
1241 4880 1450 4950 magistrorum
1462 4895 1626 4949 sermenem
1643 4884 1714 4935 sunt

164 4974 256 5031 verba
265 4973 374 5047 partim
382 4971 598 5028 transierintad
608 4971 793 5028 Theodorum
801 4972 918 5028 Heracl.
961 4973 1054 5044 igitur
1074 4970 1107 5025 hi
1128 4965 1327 5041 spiritualium
1343 4971 1493 5022 turturum
1513 4965 1609 5021 instar
1629 4971 1684 5022 etc.
1696 5005 1711 5036 „

164 5061 204 5116 ad
221 5061 386 5132 elegantem
403 5059 626 5132 Apollinarium,
643 5057 681 5113 ed
698 5059 846 5131 poeticum
862 5058 918 5132 (ly-
961 5060 1038 5117 Vide
1049 5075 1147 5130 graeca
1164 5061 1196 5111 et
1213 5053 1366 5128 sequentia
1383 5053 1462 5127 apud
1473 5053 1584 5110 Maium
1602 5051 1668 5110 Bibl.
1688 5055 1711 5110 θ’.

163 5146 263 5204 rillum
272 5145 512 5216 Alexandrinum
522 5145 606 5218 cnjus
613 5146 703 5203 verbe
709 5145 801 5212 latine
806 5147 919 5204 referre
962 5147 1013 5204 PP.
1027 5153 1050 5203 t.
1063 5161 1108 5216 ιιι,
1121 5145 1184 5200 261.
