4020 6098
298 376 362 440 266
960 385 1170 450 ORIGENES

338 536 371 582 ν.
395 519 504 584 θθθῧ.
528 519 751 608 Νομοθέτησόν
773 544 822 611 με,
848 523 956 610 Κύριε,
981 527 1041 610 την
1125 545 1157 591 ν.
1173 529 1283 592 33-35.
1306 530 1419 611 Lepem
1442 545 1527 610 pote
1563 532 1656 613 milli,
1678 535 1823 616 maiae,

294 619 442 694 ὁδδντῦν
465 624 682 712 δικαιωμάτων
705 649 771 710 σου,
795 631 851 693 καὶ
871 627 1041 713 ἐκζηεήοω
1082 631 1449 714 oiamjmtillcotioaam
1460 638 1601 715 tuarum,
1619 640 1829 718 cleopatram

299 726 400 814 αὐτην
416 730 595 809 διαπαντός.
612 731 778 799 Συνέτισῦν
793 755 841 820 με,
857 736 912 802 καί
923 734 1043 818 ἐξερευ-
1083 749 1153 798 eom
1165 751 1298 814 semper.
1315 737 1367 800 Da
1381 735 1464 802 milti
1474 737 1680 819 intellectam,
1697 747 1829 807 otacru-

295 829 381 915 νήσω
403 835 457 898 τὸν
477 833 571 920 νόμον
587 858 654 918 σου,
669 839 724 902 καί
747 836 874 922 φυλάξω
890 839 985 902 αἰιτίν
1007 837 1040 903 ἐν
1083 837 1173 901 tabor
1186 838 1286 920 tapam
1300 844 1401 919 tuam,
1416 845 1447 905 et
1467 842 1644 907 martiam
1668 844 1765 909 illam
1790 846 1829 910 εἰε

293 934 352 1020 δλη
368 936 484 1023 καρδίᾳ
500 959 568 1023 μου.
585 938 765 1025 Ὁδήγησόν
781 961 820 1026 με
835 941 869 1005 ἐν
891 949 930 1024 τῇ
946 937 1040 1024 τρίθῳ
1083 941 1251 1006 totocorde
1264 959 1339 1006 ιιιεο.
1354 943 1463 1009 Deduc
1473 962 1522 1009 ma
1532 945 1726 1014 interritam
1737 965 1826 1014 mon·

294 1049 356 1105 τῶν
372 1042 506 1110 ἐντολῶν
521 1061 588 1126 σου,
605 1047 653 1110 ὅτι
666 1047 765 1130 αὐτὴν
780 1043 934 1130 ἠθέλησα.
1082 1041 1230 1108 mma
1245 1048 1384 1126 ἰιιονῦαι,
1402 1047 1481 1129 quie
1494 1049 1601 1130 ε’μεῦαε
1615 1050 1712 1115 volui.
1767 1113 1769 1118 ,

336 1142 447 1210 Πάντα
461 1148 513 1212 ἐπὶ
528 1150 581 1214 τὸν
592 1148 673 1216 Θεὸν
686 1146 894 1235 ἀναφέρουσιν
906 1148 935 1213 οἱ
946 1149 1039 1234 ἅγιοι,
1127 1151 1247 1212 Omnia
1262 1150 1305 1214 ad
1325 1152 1433 1216 Deum
1447 1155 1514 1235 viri
1535 1158 1644 1221 saneti
1667 1157 1828 1239 referunt,

294 1246 493 1328 διδάσκοντες
506 1250 593 1337 ημᾶς
607 1253 655 1316 δτι
667 1255 762 1337 χωρὶς
785 1251 867 1319 Θεοῦ
883 1253 974 1318 οὐδὲν
989 1252 1040 1317 δυ·
1083 1251 1241 1320 docentes
1256 1255 1344 1318 nihil
1359 1273 1419 1319 nos
1431 1273 1528 1337 posse
1542 1259 1616 1332 sine
1628 1260 1706 1324 Dee.
1726 1282 1743 1321 ι
1756 1263 1829 1325 Nisi

294 1350 425 1436 νάμεθα.
442 1354 518 1420 ’Eira
533 1358 595 1441 γὰρ
611 1358 654 1441 μὴ
670 1357 704 1420 ἐν
719 1357 796 1442 ἐμοὶ,
810 1358 897 1443 φησί,
914 1355 1039 1442 μένητε,
1083 1360 1223 1421 enimin
1235 1377 1299 1438 me,
1311 1360 1433 1440 inquit,
1449 1363 1650 1444 manseritis,
1663 1364 1749 1427 nihil
1773 1381 1830 1446 po-

296 1458 386 1525 οῦδὲν
407 1458 541 1525 δύνασθε
562 1469 672 1528 ποιεῖν.
688 1461 779 1527 Ἀλλ’
795 1463 869 1539 ἴσως
891 1483 936 1541 τις
958 1465 1039 1547 ἐρεῖ·
1082 1464 1178 1526 testis
1194 1461 1312 1526 faeere.
1326 1483 1343 1522 ν
1357 1463 1425 1527 Sed
1435 1463 1575 1530 fortasse
1586 1482 1654 1528 non
1667 1483 1766 1532 nemo
1783 1467 1833 1532 di·

296 1559 336 1625 El
350 1561 455 1627 πάντα
477 1563 668 1650 ἀναφέρεται
681 1567 732 1631 ἐπὶ
745 1568 799 1631 τὸν
822 1564 912 1650 Θεδν,
927 1577 990 1630 ποῦ
1004 1567 1040 1630 τδ
1082 1567 1180 1629 xerit:
1195 1567 1224 1628 si
1240 1567 1354 1629 omnia
1369 1567 1561 1632 referuntur
1576 1569 1618 1632 ad
1634 1570 1753 1651 Deum,
1767 1571 1830 1636 ubi·

296 1663 347 1730 ἐπ’
358 1664 444 1752 ἐμοῖς
459 1666 525 1733 Ἰδε
540 1669 569 1734 εἰ
584 1671 628 1756 μη
640 1679 804 1755 πανταχοῦ
817 1668 1041 1755 ἐπέπλεξεντῷ
1083 1669 1173 1749 quod
1188 1687 1291 1750 penes
1301 1687 1355 1733 me
1367 1673 1433 1734 eat?
1443 1671 1528 1735 Vide
1538 1691 1582 1736 an
1594 1690 1661 1737 non
1674 1674 1829 1738 ubicum-

294 1767 428 1834 ἀπὸτοῦ
451 1769 543 1856 Θεοῦ,
560 1775 596 1838 τδ
615 1773 665 1859 ἐφ’
676 1772 761 1859 ἡμῖν.
778 1771 834 1850 Ὦς
854 1773 990 1840 ἐνταῦθα
1004 1775 1040 1839 τδ
1084 1789 1149 1853 que
1164 1774 1380 1854 conjunxerit
1393 1775 1483 1856 quod
1500 1781 1551 1840 est
1577 1794 1619 1840 ex
1644 1783 1740 1860 parte
1754 1780 1828 1860 Dei,

295 1871 435 1940 ἀπὸτοῦ
463 1876 566 1944 Θεοῦ·
599 1877 826 1965 Νομοθέτησόν
860 1899 909 1964 με,
932 1879 1038 1964 Κύριε,
1083 1894 1162 1940 eum
1179 1876 1233 1941 his
1262 1896 1304 1942 ex
1330 1883 1425 1960 parte
1451 1885 1576 1944 nostra.
1592 1883 1644 1944 lta
1665 1881 1728 1946 hoe
1754 1883 1829 1946 loeo

293 1979 352 2063 την
368 1979 440 2045 ὁδὸν
455 1979 673 2067 δικαιωμάτων
689 2003 755 2049 σου.
768 1982 814 2049 To
829 1984 864 2048 δέ
880 1982 931 2068 ἐφ’
944 1982 1040 2067 ἡμῖν·
1083 1981 1145 2043 Dei
1162 1986 1231 2044 est:
1246 1983 1360 2064 ῦερεια
1372 1999 1456 2062 potae
1469 1982 1562 2064 αιιἸιί,
1580 1986 1725 2064 Domine,
1743 1985 1833 2050 eiam

198 2114 200 2118 ·
293 2081 359 2147 Καὶ
373 2083 542 2168 ἐκζητήσω
558 2086 658 2172 εἰει-ην
670 2087 848 2164 διαπαντός.
861 2087 944 2153 Ἀπὸ
956 2085 1040 2153 Θεοῦ
1076 2083 1277 2164 judiciorum
1302 2089 1440 2151 tuorum.
1467 2089 1626 2151 Nostrum
1650 2106 1731 2152 vero
1758 2095 1826 2153 est:

294 2185 371 2251 αἰτῦ
387 2186 500 2252 πάλιν·
519 2188 684 2255 Συνέτιοόν
708 2211 756 2275 με,
772 2191 827 2254 ael
848 2189 1040 2274 ἐξερευνησω
1082 2189 1128 2251 Εἰ
1142 2190 1310 2270 exquiram
1326 2207 1397 2254 eam
1418 2208 1549 2272 semper.
1572 2195 1601 2256 Δ
1619 2195 1688 2258 1)εο
1711 2211 1830 2259 rursus

294 2291 349 2354 τὸν
362 2289 458 2377 νόμον
473 2313 539 2357 σου.
557 2292 602 2359 Τὸ
618 2293 653 2358 δέ
668 2292 718 2359 ἐπ’
729 2292 817 2378 ἐμοί·
832 2291 897 2358 Καὶ
912 2291 1040 2378 φυλάξω
1083 2297 1160 2372 peta
1184 2291 1266 2355 hoe:
1290 2293 1342 2358 Do
1356 2292 1439 2358 mita·
1456 2295 1664 2378 imitatam,
1688 2301 1721 2362 et
1739 2315 1829 2363 sorte·

293 2394 389 2458 αἰιτδν
410 2394 444 2459 ἐν
467 2395 525 2480 δλη
546 2407 587 2482 τῇ
610 2395 733 2482 καρδίᾳ.
760 2397 826 2462 Καὶ
852 2395 954 2483 τρίτον
977 2398 1039 2463 άπὸ
1084 2393 1173 2458 tabor
1197 2395 1296 2476 tapam
1310 2400 1410 2460 taam.
1427 2397 1516 2461 Illud
1538 2416 1618 2462 vero
1633 2417 1763 2464 meum:
1786 2401 1832 2465 at

292 2496 378 2564 Θεοῦ
392 2498 469 2592 αἰτῶ
483 2498 602 2586 λέγων·
624 2498 803 2587 Ὀδήγησέν
819 2523 857 2587 με
872 2503 906 2568 ἐν
921 2512 961 2588 τῇ
976 2503 1038 2587 opi·
1083 2498 1259 2564 maleam
1273 2499 1368 2564 ι’ἰίαοι
1382 2501 1419 2564 io
1433 2505 1495 2566 toto
1510 2503 1600 2568 eorde
1613 2520 1689 2566 oreo.
1704 2505 1749 2567 Et
1759 2508 1826 2567 ter·

293 2600 338 2686 ῦφ
353 2611 413 2667 τῶν
435 2603 570 2670 ἐντολῶν
592 2626 658 2670 000.
675 2604 715 2671 Τί
736 2609 773 2671 τὸ
795 2605 943 2692 ‘saepest
967 2602 1041 2676 ὀτι
1085 2603 1132 2664 tio
1156 2603 1265 2666 Deum
1288 2620 1372 2681 rogo
1395 2605 1521 2669 dioens:
1537 2606 1707 2673 Deductae
1726 2608 1764 2672 ia
1784 2625 1833 2672 ae-

292 2707 392 2792 αῦιην
407 2705 554 2791 ἐθέλησα.
570 2708 627 2773 Δεῖ
639 2711 693 2774 οῦν
707 2713 743 2774 rt
766 2711 824 2795 μέν
839 2712 935 2780 αἰτεῖν
951 2715 1040 2797 παρὰ
1083 2705 1198 2770 mnam
1215 2705 1439 2771 moderatam
1462 2711 1598 2773 ῖιιοιιιαι.
1622 2711 1708 2786 Quid
1729 2728 1832 2793 penes

290 2821 347 2876 τοῦ
370 2808 462 2894 Θεοῦ,
483 2814 519 2876 τὸ
542 2812 576 2876 δὲ
599 2813 729 2891 ἑαυτοὺς
752 2812 906 2899 εἰσφέρειν
928 2814 1040 2900 δμολο-
1084 2825 1138 2871 me
1162 2810 1228 2872 est?
1254 2811 1336 2885 Qum
1357 2811 1463 2890 ipsam
1483 2812 1582 2875 Wlffli-
1606 2815 1743 2894 01)οηοῑ
1765 2814 1831 2893 igi·

290 2924 369 3000 γεῖν.
386 2915 431 2980 Σὺ
448 2917 503 3002 μὲν
517 2919 590 3002 γὰρ,
606 2919 693 3002 φησὶ,
710 2918 735 2981 ὢ
750 2917 857 3002 Κύριε,
871 2917 1040 3003 νομοθέτη-
1083 2917 1140 2974 tur
1157 2929 1299 2976 unuma
1318 2915 1388 2976 Deo
1409 2917 1533 2996 petere,
1553 2917 1698 2980 alterum
1714 2921 1830 2981 autem

292 3019 347 3085 σόν
363 3041 402 3104 με
423 3021 482 3105 τὴν
505 3021 576 3086 δδδν
591 3030 652 3086 τῶν
675 3021 892 3108 δικαιωμάτων
907 3043 973 3087 σου.
988 3022 1040 3088 Ἐ-
1083 3016 1254 3080 declarare
1270 3021 1388 3097 sponte
1403 3035 1462 3098 per
1476 3035 1537 3081 nos
1552 3017 1676 3083 offerri.
1693 3023 1744 3084 Tu
1756 3021 1832 3101 qui·

291 3126 338 3212 γὼ
351 3125 519 3210 δέτδντῆς
534 3125 618 3212 ζωῆς
633 3148 692 3213 μου
707 3129 834 3193 ἅπαντα
847 3126 961 3214 χρόνον
975 3128 1040 3193 ἐπι·
1083 3119 1170 3199 dem,
1195 3122 1347 3200 DOmissea
1374 3121 1495 3201 inquit,
1522 3121 1621 3203 ἶθθθθέ
1640 3139 1724 3204 Ρθίῑέ
1745 3122 1828 3188 miti

290 3229 381 3296 δώσω
396 3229 522 3316 ἐμαυτῷ
537 3231 580 3308 εἰς
595 3230 790 3315 ἀναζήτησιν
801 3232 908 3317 αὐτῆς.
921 3229 1039 3297 Οἰοιέτι
1082 3224 1169 3288 mm
1187 3225 1461 3308 jmtlfiwlmttm
1488 3229 1638 3306 caeram
1662 3243 1727 3305 θεθ
1748 3245 1828 3292 vero

290 3335 352 3418 γὰρ
368 3335 467 3419 σαφὲς
483 3336 504 3420 η
521 3335 806 3420 εὐκαταφρόνητον,
818 3333 923 3400 Agim
935 3335 970 3400 δὲ
981 3347 1038 3423 της
1083 3345 1183 3392 omne
1198 3335 1332 3412 tempus
1343 3329 1536 3412 impendam
1551 3330 1587 3392 in
1599 3329 1672 3410 ejus
1688 3333 1830 3412 inquisi-

295 3436 380 3504 Θεοῦ
403 3438 583 3524 συνεργείας
605 3440 659 3502 καὶ
684 3449 742 3524 της
763 3436 920 3524 ἡμετέρας
946 3417 1042 3506 σπομ-ἱ
1083 3434 1221 3496 tionem.
1237 3435 1300 3497 Res
1323 3436 1414 3498 enim
1437 3451 1503 3498 non
1526 3436 1619 3499 clara
1640 3441 1701 3515 est,
1717 3453 1828 3517 neque

289 3540 357 3626 δης,
373 3539 415 3618 ὡς
430 3540 465 3620 ἐξ
487 3543 585 3606 αἰετοῦ
606 3541 714 3627 λαβεῖν
729 3541 788 3626 τήν
803 3562 838 3607 τε
852 3552 968 3627 χρῆσιν
984 3544 1038 3608 ιιοιί
1083 3555 1174 3600 θῦῖίθ
1197 3553 1325 3620 expers·
1343 3573 1382 3584 ·-
1400 3541 1490 3618 Opus
1517 3544 1568 3602 est
1589 3541 1650 3603 Dei
1673 3557 1829 3624 000per8·

289 3646 348 3730 τὴν
364 3644 545 3730 κατάληψιν
559 3654 620 3711 τῶν
635 3665 669 3710 τε
689 3654 869 3729 πρακτικῶν
885 3647 941 3710 καὶ
955 3645 1037 3711 Θεω.
1082 3641 1174 3704 tione
1182 3646 1215 3704 et
1223 3641 1532 3721 nostradiligentia,
1541 3649 1580 3706 ut
1587 3643 1630 3706 ab
1638 3661 1677 3708 eo
1685 3645 1824 3726 recipia-

290 3750 1037 3837 ρητιχῶη,οιιτωςγὰρμηδινινδοιάζωη,ὲρὸλῃ
1082 3747 1139 3807 tur
1150 3762 1232 3808 usus
1241 3749 1275 3807 et
1286 3746 1477 3810 intellectus
1488 3761 1602 3810 rerum
1614 3765 1691 3828 quae
1701 3753 1828 3814 suntet

289 3853 406 3940 εαρδίφ
420 3855 547 3940 φυλάξω
562 3859 616 3920 τὸν
630 3854 735 3940 νόμον.
747 3853 787 3920 Εἰ
801 3855 836 3920 δέ
851 3857 906 3918 καί
917 3855 939 3940 η
952 3857 1039 3940 έρευ-
1082 3849 1265 3926 affessdfflet
1276 3848 1534 3913 0011⁸ld0r⁸11dffi
1544 3852 1595 3913 Ῑθῦ
1607 3852 1698 3914 essim
1710 3869 1827 3934 ²80⁰&

290 3977 330 4022 να
351 3955 450 4021 δεῖται
471 3955 635 4040 συνέσεως,
658 3956 746 4040 πόσῳ
770 3956 899 4043 μᾶλλον,
915 3959 969 4024 ῖνα
990 3979 1037 4036 τις
1082 3952 1169 4016 nihil
1181 3952 1349 4033 haesitans,
1365 3954 1705 4020 totocordeaastodiam
1717 3955 1827 4038 ἰερεαε.

288 4062 363 4145 sopp
380 4063 415 4126 τὸ
431 4059 531 4137 τέλος.
547 4097 584 4108 -
603 4060 659 4125 Δεῖ
672 4062 726 4125 οὖν
742 4062 781 4124 τὰ
802 4060 981 4145 μέναίτεῖν,
997 4063 1038 4126 τά
1084 4055 1178 4136 Quod
1200 4058 1229 4120 si
1246 4057 1294 4120 rei
1310 4061 1533 4138 perscrutatio
1548 4063 1628 4138 eget
1643 4060 1829 4140 intellectu,

288 4163 324 4228 δέ
338 4164 588 4250 ἐπαγγέλλεσθαι
603 4165 658 4228 καί
679 4163 830 4248 πληροῦν,
847 4165 897 4228 ἰνα
914 4167 957 4250 μὴ
980 4168 1037 4243 τὰς
1082 4164 1209 4240 quanto
1222 4163 1333 4239 magis
1342 4161 1465 4226 utfinis
1474 4164 1676 4226 inveniatur.
1691 4165 1829 4245 Oportet

289 4269 367 4352 πρὸς
393 4266 474 4334 Θεὸν
498 4267 658 4353 άεεθῦμεν
686 4266 865 4351 συνθήκας,
899 4269 951 4333 ἐπὶ
984 4272 1037 4336 τὸν
1082 4263 1192 4342 igitur
1205 4265 1273 4328 alia
1289 4269 1412 4345 petere,
1436 4272 1469 4330 et
1491 4267 1558 4328 alia
1584 4268 1747 4348 polliceri,
1767 4269 1830 4330 im-

289 4370 371 4438 Θεόν
386 4370 487 4437 τοίνυν
510 4369 676 4457 ἀναφέρειν
691 4373 749 4458 τὴν
764 4372 860 4436 αὐτοῦ
875 4371 1037 4459 εἰιμένειαν
1081 4367 1251 4449 moreque,
1267 4387 1309 4432 ne
1321 4369 1445 4433 foedera
1469 4387 1550 4434 eum
1564 4372 1633 4434 Deo
1659 4373 1744 4435 inita
1758 4371 1833 4435 vili·

324 4579 352 4618 v.
365 4560 456 4617 3335.
470 4561 537 4618 vat.
547 4561 572 4632 5,
584 4563 610 4631 θ,
624 4562 665 4632 11,
679 4563 721 4617 16.
735 4561 820 4618 Joan.
839 4562 927 4632 1v,4.
941 4561 1037 4619 Multa
1081 4554 1237 4612 scholium:
1249 4558 1286 4610 Τό
1299 4559 1346 4626 μέν
1358 4561 1410 4627 γάρ
1427 4562 1501 4628 παρὰ
1511 4564 1558 4615 τοῦ
1570 4561 1638 4614 Θεοῦ
1655 4564 1781 4614 αἰτεῖται·
1799 4561 1831 4614 τὸ

289 4647 460 4704 Theodorus
472 4647 649 4704 Heracleote
665 4647 792 4706 involvit
803 4648 977 4721 paraphrasi
991 4667 1037 4705 so-
1081 4645 1110 4696 δέ
1134 4645 1327 4712 ἐπαγγέλλεται
1350 4648 1378 4710 ἐξ
1397 4650 1490 4701 ἐαυτοῦ
1514 4652 1696 4716 συνεισφέρειν.
1717 4646 1831 4704 Deinde

288 4733 344 4789 lita
356 4740 386 4790 et
394 4734 556 4807 perspicua,
566 4733 686 4807 profixo
695 4721 798 4807 palam'
803 4734 937 4806 Origene.
951 4735 1036 4803 Quae·
1080 4733 1115 4785 Σὺ
1128 4734 1174 4800 pla
1185 4735 1238 4801 γὰρ
1250 4749 1342 4803 usque
1359 4733 1397 4788 ad
1415 4737 1506 4803 αὐτῆς.
1518 4734 1555 4790 Id
1567 4741 1627 4790 est:
1647 4737 1662 4768 θ
1673 4734 1750 4790 lllud
1769 4733 1832 4807 qui·

289 4821 357 4896 danp
368 4821 426 4895 ipsi
443 4827 544 4896 aperte
561 4821 704 4895 inscripta
721 4821 853 4880 servavit
870 4820 1035 4894 (lardarius,
1081 4816 1149 4874 dem
1160 4835 1179 4872 e
1190 4817 1253 4874 Deo
1264 4819 1349 4890 petit,
1362 4819 1442 4876 aliud
1454 4838 1525 4878 vero
1538 4838 1575 4878 ex
1587 4827 1672 4894 parte
1682 4838 1736 4876 sae
1747 4821 1832 4894 polli-

289 4925 354 4980 quae
365 4907 494 4964 Maurirfi
505 4914 591 4965 cauto
602 4907 676 4982 peda
685 4907 873 4978 δεεωεὶεεοαί,
883 4915 1036 4980 quantam·
1081 4909 1164 4960 cetur
1175 4921 1208 4960 se
1220 4905 1423 4978 eollatoruna„
1437 4906 1547 4964 Nostro
1555 4906 1673 4964 demum
1682 4906 1833 4982 Apolline-

288 4983 335 5050 vii
347 5000 451 5050 ounota
469 4994 568 5051 forent
585 4993 727 5052 adversus
743 4993 865 5052 technas
882 4995 904 5052 J
904 4995 1036 5052 ansonis·
1080 4991 1152 5062 rius,
1165 4991 1245 5064 quod
1262 5009 1323 5049 non
1340 4993 1424 5065 solet.
1438 4991 1571 5050 imitatus
1588 5000 1642 5052 est
1661 4995 1698 5052 Ιιι
1714 4994 1775 5054 ima
1785 5011 1832 5054 eo·

289 5094 342 5132 nos
360 5079 613 5153 opportunissime.
632 5079 680 5136 Sio
697 5097 768 5137 vero
785 5079 890 5155 insipit
904 5081 1037 5140 (larderii
1080 5077 1181 5136 lamna
1194 5076 1277 5136 oodd.
1291 5078 1401 5138 habent
1414 5083 1542 5151 ἀναφέρει
1553 5081 1601 5152 τὴν
1614 5082 1694 5138 αἰτοῦ
1706 5083 1764 5151 alp.
