4008 6094
832 412 876 475 IN
900 411 1085 476 Peninus
1681 421 1722 482 53

189 543 344 632 δαίμονες,
359 545 402 611 τά
416 553 473 632 τῆς
490 544 630 632 μοιχείας
642 544 728 632 τάθη
744 547 936 634 εἰσένεγκαν·
981 550 1203 632 corruperint,
1240 549 1398 614 adulterii
1429 551 1562 632 flagitia
1592 553 1726 619 invelie-

188 650 312 716 διὸκαὶ
335 653 464 737 εὔχεται
495 651 739 738 οἰκοδομηθῆναι
764 661 866 717 ταῦτα
896 653 937 716 τδι
983 658 1072 716 runt.
1090 653 1167 716 Ideo
1183 653 1383 733 deprecatur
1398 658 1480 719 talia
1502 660 1627 722 moenia
1644 660 1721 724 ecdi-

187 751 290 838 τείχη.
312 752 378 818 Καί
393 753 410 817 ό
426 752 576 840 Σολομὼν
598 753 633 819 δέ
655 775 767 839 φησιν·
784 753 824 820 Οἱ
847 757 882 820 δὲ
898 754 934 819 ά·
978 755 1131 820 ficentur.
1147 758 1190 819 Et
1205 756 1361 822 Salomon
1377 760 1440 822 ait:
1459 761 1549 835 «Qui
1565 761 1717 842 diligunt

187 865 350 941 γαπῶντες
364 857 418 922 τόν
433 855 538 942 νόμον,
553 855 789 941 παραθαλοόσιν
811 859 934 933 ἑαυτοῖς
980 862 1111 941 legem,
1135 861 1200 924 sibi
1223 863 1407 926 immittent
1429 881 1553 944 muros,
1567 886 1585 925 ιι
1610 867 1644 931 id
1671 873 1722 932 est

187 956 291 1046 τείχη,
305 959 464 1027 τουτέστιν
478 959 623 1046 γίνονται
637 960 771 1047 καθαροὶ
783 963 837 1026 καὶ
853 961 934 1027 άαα-
978 963 1057 1045 puri
1072 963 1209 1028 θυινθυε
1224 965 1421 1045 cupidatum
1437 968 1615 1034 immunes

188 1063 261 1140 θείς.

823 1282 993 1359 Ροαίικαο
1017 1278 1089 1357 LI.

233 1526 265 1571 v.
282 1509 312 1572 θ.
329 1505 368 1573 Τί
382 1507 528 1595 ἐγκαυχᾷ
542 1510 576 1576 ἐν
590 1507 689 1597 κακίᾳ
708 1510 725 1575 ό
745 1509 878 1588 δυνατὸς
900 1509 935 1575 ά·
1023 1531 1055 1575 v.
1072 1513 1102 1576 3.
1122 1512 1206 1589 euru
1215 1512 1374 1596 plumes
1387 1515 1425 1579 in
1438 1515 1578 1598 αίαῑίίιλι,
1599 1521 1657 1600 qui
1668 1537 1728 1602 po·

190 1608 316 1696 νομίαν;
341 1614 500 1693 Verere,
519 1613 548 1678 1.
925 1663 929 1683 .
979 1616 1307 1699 reuerterentur

233 1713 303 1780 Οὐκ
313 1715 399 1782 εἶπεν
409 1717 509 1801 ὄνομα
521 1715 626 1802 μέσον,
639 1717 790 1804 ἐμφαῖνον
802 1721 838 1782 τό
855 1727 934 1802 pao·
1026 1721 1070 1782 Ut
1098 1721 1224 1783 malam
1256 1725 1386 1801 partem
1415 1723 1598 1806 significet,
1631 1726 1723 1792 haud

188 1817 261 1886 λον·
276 1820 389 1905 οὐγὰρ
405 1821 505 1886 εἶπεν·
521 1818 561 1886 Τί
574 1831 699 1909 καυχᾷ;
718 1821 812 1887 ἀλλά·
832 1821 871 1889 Τί
886 1823 936 1907 ἐγ·
982 1840 1065 1886 usus
1082 1827 1133 1886 est
1147 1823 1250 1888 verbo
1265 1825 1428 1909 simplici3
1448 1844 1514 1891 non
1531 1831 1621 1893 enirn
1637 1830 1724 1895 dixit

188 1931 316 2010 καυχᾷ;
339 1923 488 1989 οὐδέποτε
514 1927 576 2012 γάρ
599 1925 649 1991 ἐπ’
674 1925 783 2011 άγαθῷ
806 1923 934 2011 λέγεται
979 1922 1011 1987 τί
1024 1933 1143 2010 καυχά,
1158 1927 1217 1990 sed
1230 1929 1412 2008 composite
1422 1927 1452 1993 τί
1467 1929 1622 2016 ἐγκαυχᾷ.
1635 1936 1725 1999 Neu·

192 2026 451 2113 &prospectent
478 2029 584 2114 οοηός.
608 2029 661 2114 Μὴ
685 2029 858 2116 καυχάσθω
881 2032 936 2096 καί
982 2030 1115 2111 tiquam
1131 2033 1222 2094 enim
1238 2033 1273 2094 iu
1289 2032 1376 2095 bono
1399 2050 1501 2098 sensu
1524 2038 1659 2117 sapiens
1677 2038 1726 2101 di·

188 2132 208 2196 δ
223 2134 319 2217 σοφός
334 2133 367 2198 ἐν
382 2141 421 2217 τῇ
438 2131 534 2220 σοφίᾳ
556 2134 662 2217 αὐτοῦ,
685 2133 794 2220 ἀλλ’ἢ
818 2135 851 2201 ἐν
865 2134 936 2200 τοό-
979 2134 1069 2197 citur
1083 2135 1132 2198 sic
1144 2134 1284 2212 gloriari
1298 2133 1548 2221 (trauexerint).
1567 2140 1663 2204 Absit
1674 2141 1722 2204 ita

118 2259 123 2266 ·
187 2255 233 2320 τῳ
249 2235 450 2322 καυχάοθυό
472 2237 678 2324 καυχώμενος
694 2247 807 2306 συνιεῖν
822 2241 934 2324 καίηι-
978 2238 1146 2315 glorietur
1162 2238 1297 2319 sapiens
1311 2241 1348 2302 iu
1363 2243 1531 2321 sapientia
1549 2242 1639 2324 ejus3
1662 2245 1723 2307 im·

188 2338 321 2405 νώσκειν
337 2341 385 2405 δτι
400 2339 462 2426 ἐγώ
477 2341 539 2427 εἰμι
553 2341 708 2428 Κόριος,ό
724 2353 820 2410 ποιῶν
836 2344 934 2422 ἔλεος.
979 2357 1034 2403 mo
1046 2341 1253 2422 quicumque
1265 2342 1443 2424 gloriatur,
1453 2345 1488 2408 in
1497 2362 1536 2408 eo
1545 2347 1721 2428 glorietur,

188 2441 238 2510 Ot
253 2442 348 2531 μόνον
363 2443 408 2528 δὲ,
425 2444 578 2510 ἀλλὰκαὶ
593 2446 799 2534 καυχώμενος
814 2448 848 2514 ἐν
865 2457 935 2525 ταῖς
979 2447 1110 2510 scilicet
1126 2447 1349 2526 «intelligere
1365 2453 1400 2514 et
1414 2466 1626 2532 cognoscere,
1639 2453 1721 2533 quia

192 2547 348 2633 θλίψεσιν·
371 2550 430 2614 οὐκ
452 2550 498 2614 ἔνι
519 2549 554 2614 δὲ
579 2549 799 2638 ἐγκαυχᾶοθαι
819 2552 936 2633 καλῶς,
981 2568 1046 2630 ego
1061 2569 1138 2615 sum
1152 2552 1243 2616 Deus
1266 2551 1392 2617 faciens
1415 2555 1689 2621 misericordiam.
1702 2579 1721 2617 ιι

188 2651 261 2716 ἀλλ’
273 2652 303 2718 εί
314 2666 361 2730 τις
371 2651 555 2738 ἁμαρτάνει,
565 2653 775 2740 ἑγκαυχάται.
797 2653 935 2720 Δόναται
979 2657 1095 2736 Neque
1108 2655 1174 2718 hoc
1187 2657 1314 2719 solum:
1337 2657 1397 2720 sed
1412 2660 1538 2739 estqui
1554 2661 1723 2738 gloriatur

192 2756 228 2822 δὲ
243 2757 299 2821 καὶ
313 2759 390 2842 πρὸς
404 2758 458 2822 τόν
474 2756 582 2823 Σαοὺλ
596 2758 614 2824 ό
629 2757 722 2844 λόγος
738 2757 889 2846 εἰρῆσθαι.
980 2759 1084 2822 etiam
1096 2759 1132 2822 in
1143 2760 1320 2841 pressuris.
1333 2762 1460 2823 Verum
1475 2778 1543 2824 non
1559 2762 1639 2826 licet
1649 2781 1723 2845 pro-

979 2863 1022 2928 ba
1048 2859 1277 2948 ὲγκαυχᾶοθαι,
1300 2862 1359 2927 aed
1381 2864 1411 2926 si
1434 2865 1511 2944 quis
1533 2870 1659 2946 peccat,
1684 2883 1723 2930 eo

977 2968 1075 3032 modo
1101 2969 1278 3047 gloriatur.
1306 2969 1420 3040 Potest
1434 2969 1536 3032 etiam
1551 2986 1662 3033 sermo
1677 2970 1720 3034 ad

374 3151 380 3162 ,
978 3071 1115 3135 Saulem
1130 3072 1306 3152 respicere.
1722 3141 1725 3148 .

231 3192 262 3237 v.
272 3173 303 3237 4.
316 3165 419 3258 Ὅλην
438 3175 496 3260 τὴν
515 3170 637 3261 ἡμέραν
653 3171 777 3240 ἀδικίαν
791 3173 933 3261 eloquea-
1021 3194 1052 3238 v.
1069 3177 1099 3238 4.
1117 3177 1196 3240 rota
1209 3175 1262 3239 dic
1275 3175 1477 3255 injustitiam
1491 3176 1644 3259 copitucit
1657 3176 1720 3242 lira

185 3295 223 3340 το
237 3273 259 3359 ἡ
275 3275 405 3363 γλῶσσά
424 3299 491 3361 σου,
508 3277 582 3344 ὡσεί
596 3278 687 3365 ξυρόν
702 3278 933 3366 ἐξηκυνημένον
975 3295 1043 3362 perc
1058 3282 1114 3342 ίιια
1120 3302 1135 3358 ;
1148 3278 1235 3344 κίονί
1250 3279 1407 3347 nouacula
1420 3283 1526 3360 oculu,
1536 3279 1656 3361 fecisti
1669 3281 1721 3348 do·

186 3378 338 3465 ἐποίηοας
354 3381 456 3448 δόλον.
980 3383 1016 3446 lu
1051 3431 1058 3444 .

232 3483 270 3550 Τί
285 3487 341 3551 οὖν
357 3507 469 3572 φησιν;
491 3485 575 3552 ἀλλὰ
591 3485 671 3574 μήτε
690 3487 829 3574 λανθάνη
850 3486 935 3575 ἡμᾶς
1024 3485 1110 3586 Quiri
1122 3503 1204 3564 ergo
1216 3486 1320 3550 dicit?
1331 3489 1375 3550 At
1386 3504 1447 3550 nos
1458 3488 1598 3552 minime
1610 3489 1724 3570 fugiat

185 3587 222 3654 ἐν
236 3598 282 3675 τῷ
296 3589 382 3675 τόπῳ
399 3589 585 3677 μυστήριον.
608 3591 700 3658 Ἔστι
714 3594 751 3656 τό
771 3591 867 3676 ῥητόν
882 3595 933 3656 οδ
979 3591 1014 3653 in
1041 3590 1105 3653 hoc
1126 3592 1198 3653 loco
1221 3591 1432 3671 mysterium.
1456 3591 1511 3654 Sic
1532 3609 1568 3654 ae
1590 3597 1724 3657 senten-

128 3689 134 3700 '
184 3714 246 3772 τοις
261 3696 355 3781 ἔχον·
371 3696 405 3761 ἐν
421 3694 551 3782 στόματι
579 3703 689 3782 μωρῶν
710 3693 863 3781 ἡκαρδία
878 3696 932 3762 eo
978 3695 1027 3758 tia
1041 3693 1156 3757 habet:
1183 3695 1252 3755 «In
1273 3709 1329 3756 ore
1352 3692 1524 3756 fatuorum
1546 3694 1646 3758 corda
1670 3715 1724 3761 eo·

184 3807 257 3864 τδιν.
285 3797 488 3876 Ἐπιτιόλαιός
515 3800 608 3881 ἐστιν,
635 3802 694 3865 οὐκ
719 3801 804 3866 ἐστιν
828 3801 860 3866 ἐν
886 3810 931 3887 τῷ
975 3816 1090 3863 rum.»
1108 3798 1254 3860 Fatuum
1268 3796 1634 3878 corasuperficiestat,
1651 3817 1719 3865 non

184 3901 282 3986 βάθει,
303 3901 375 3968 ἀλλ’
397 3900 589 3989 ἐξεπήδησεν
611 3901 633 3987 ἡ
657 3901 772 3989 καρδία
793 3904 844 3968 ἐπὶ
867 3911 928 3970 τῶν
973 3900 1138 3984 profundo
1154 3901 1251 3980 inest,
1265 3902 1325 3965 sed
1337 3901 1452 3966 exsilit
1473 3900 1516 3965 ad
1530 3902 1622 3966 labia
1636 3907 1720 3968 stul-

226 4112 399 4176 Hnnnrus.
411 4112 454 4176 ad
465 4130 496 4176 ν.
513 4115 543 4176 4.
560 4114 625 4178 Sed
639 4113 721 4177 dicti
736 4113 840 4194 hujus
855 4132 928 4196 per·
971 4111 1077 4176 locuti
1099 4108 1236 4190 luerint,
1255 4111 1467 4190 cogitabunt.
1492 4113 1536 4176 Et
1558 4112 1622 4175 hoc
1647 4114 1723 4193 qui-

182 4199 261 4263 iecti
277 4204 312 4262 et
333 4201 520 4282 prophetici
536 4203 772 4267 auctoritatem
789 4208 823 4267 et
838 4204 926 4267 alius
971 4200 1047 4263 dem
1063 4199 1104 4263 de
1120 4201 1242 4278 lingue
1256 4200 1362 4262 stulti.
1387 4203 1431 4262 At
1445 4218 1526 4263 vero
1541 4199 1581 4264 de
1598 4202 1723 4280 lingua

182 4288 345 4370 propheta
375 4289 583 4353 demonstret
612 4289 742 4354 dicens:
773 4294 844 4356 «In
870 4308 927 4355 ore
971 4289 1134 4370 sapientis
1157 4289 1205 4350 ita
1229 4288 1395 4366 legimus:
1429 4289 1596 4368 «Lingua
1621 4289 1720 4353 intel-

182 4378 365 4440 stultorum
387 4394 445 4441 cor
468 4395 584 4442 eornm
608 4383 668 4458 est,
681 4400 732 4442 ν...
757 4382 927 4461 quianon
974 4377 1115 4456 ligentis
1137 4375 1357 4440 meditabitur
1383 4378 1597 4457 sapientiam.
1611 4399 1629 4438 »
1658 4378 1722 4461 (Pa.

179 4465 271 4546 'quod
289 4467 525 4548 cogitaverint,
549 4468 741 4549 loquentur,
757 4468 816 4532 sed
840 4468 930 4550 quod
974 4483 1098 4546 xxxvi,
1115 4463 1191 4548 30⁴3)

215 4653 473 4726 Pa.n1,v.8.Vat
487 4655 927 4728 10,16.0f.J01-em.1x,23,24.
971 4656 1024 4712 ubi
1041 4655 1193 4730 aptissime
1212 4653 1341 4710 Memini
1360 4659 1465 4710 notant
1487 4655 1643 4726 utrumqne
1665 4655 1717 4712 ha-

181 4742 206 4795 1.
229 4740 294 4797 (lor.
317 4742 341 4812 l,
363 4742 407 4798 31.
427 4760 459 4800 τε.
479 4742 544 4799 Cor.
563 4761 618 4814 κει,
636 4746 662 4800 9.
680 4742 802 4800 Initium
819 4744 929 4801 habent
974 4743 1075 4800 bnieaa
1086 4746 1208 4812 δγκαυχᾳ
1219 4740 1317 4798 active
1333 4741 1371 4797 ab
1389 4745 1543 4814 ίγκαυχάυ,
1555 4759 1616 4799 nou
1630 4741 1668 4798 ab
1679 4747 1724 4814 ἑγ-
1763 4809 1771 4828 .

179 4827 238 4898 BB,
252 4835 282 4884 et
292 4829 434 4886 nonnulla
446 4831 599 4886 Eusebius.
612 4831 659 4886 Ex
671 4830 719 4886 hia
730 4837 830 4887 autem
841 4835 872 4886 et
884 4847 929 4887 aa·
973 4833 1135 4898 καυχάομαι.

179 4914 336 4985 quentibue
354 4915 492 4988 colligere
510 4921 556 4972 eat
574 4921 683 4990 praestc
701 4915 794 4972 fuisse
811 4916 930 4990 plenum
1009 4932 1037 4973 ν.
1053 4915 1080 4970 4.
1099 4913 1166 4971 Vat
1180 4914 1223 4986 16,
1236 4913 1345 4988 partim
1361 4913 1428 4971 Vat.
1447 4915 1473 4986 3,
1491 4917 1517 4972 6.
1536 4915 1677 4986 Quadam
1694 4935 1723 4974 a·

179 4999 317 5072 origenis
339 5003 580 5060 commentarium
601 5003 725 5074 Hilario,
747 5002 798 5074 qui
820 5002 929 5076 legisse
972 5000 1102 5074 xcerpeit
1118 4999 1168 5055 hic
1186 5005 1217 5056 et
1233 4999 1312 5056 infra
1329 4996 1365 5056 de
1378 5015 1460 5057 more
1477 5019 1531 5058 auo
1548 5001 1722 5060 Theodorus

181 5087 312 5146 videtur:
325 5089 393 5160 quid
401 5090 552 5160 gloriatur,
565 5095 599 5146 ut
612 5090 685 5164 legit
695 5096 725 5146 at
735 5090 928 5161 Augustinus,
974 5087 1158 5145 Heracleote
1171 5086 1216 5142 uf.
1229 5086 1318 5143 Eccli.
1332 5104 1398 5159 xxi,
1411 5087 1455 5144 29.
