4020 6098
189 361 191 364 ’
294 401 359 461 ιω
960 399 1171 464 onrcnnas

288 537 430 624 ψαλμός·
446 537 677 622 παρακέλευσις
700 539 798 602 abrec
814 537 898 601 ἐστιν
918 545 974 601 τοῦ
989 535 1040 601 Ἐ-
1084 541 1181 618 gruit
1195 542 1345 622 psalmus
1361 557 1457 604 cxv1:
1478 541 1668 605 exhortatio
1684 546 1735 604 est
1754 543 1834 606 Eze-

288 640 398 728 ζεχίου
409 639 435 702 ⁶)
452 644 528 729 πρός
544 641 649 708 πάντα
663 643 704 706 τόι
718 640 792 726 ἔθνη
804 642 885 706 ὥστε
901 643 955 706 καί
967 643 1040 720 τοὺς
1084 643 1170 706 chiae
1192 643 1234 708 ad
1257 661 1373 709 omnes
1396 651 1526 724 gentes,
1551 649 1591 709 ut
1606 645 1833 727 undequaque

288 747 487 834 πανταχόθεν
502 747 608 834 ὑμνεῖν
630 749 684 812 τόν
699 743 799 813 Θεόν·
823 745 845 831 ἡ
861 748 923 830 γάρ
938 744 1040 810 ἀπαλ-
1085 748 1192 810 Deum
1208 747 1344 829 hymnis
1359 750 1482 812 colant.
1503 752 1524 813 J
1528 755 1603 812 uste
1619 751 1710 813 enim
1727 767 1835 812 cessa·

287 851 373 938 λαγὴ
396 861 453 917 τοῦ
476 851 615 937 πολέμου
639 858 699 916 τῷν
721 848 896 934 Ἀσσυρίων
918 850 1040 929 πάντας
1085 853 1132 914 tio
1154 851 1236 916 belli
1257 854 1473 935 Assyriorum
1493 870 1609 916 omnes
1632 853 1792 916 liberavit
1813 870 1834 915 a

287 955 460 1042 ἠλευθέρου
475 966 530 1020 τοῦ
547 965 648 1020 κακοῦ
664 955 809 1040 πάσχειν.
826 955 914 1037 (Vct.
930 957 1039 1038 1422).
1085 956 1183 1020 malis
1200 956 1378 1037 patiendis.

334 1057 1041 1147 Τῷνάνεπιγράφων.Προαναφωνεῐόπροφη-
1127 1058 1377 1142 Anonymornm.
1400 1061 1548 1124 Solemni
1562 1077 1643 1124 voce
1665 1061 1830 1141 propheta

290 1188 349 1253 ιης
362 1168 417 1231 καί
427 1164 636 1251 προτρέπεται
650 1166 691 1229 τόι
701 1163 775 1248 ἐθνη
791 1163 969 1249 δοξολογεῖν
984 1164 1040 1228 σὺν
1083 1162 1239 1227 hortatur
1249 1170 1369 1243 gentes
1380 1165 1422 1228 ed
1435 1166 1580 1243 gloriam
1593 1166 1654 1228 Dei
1668 1183 1736 1228 una
1754 1183 1832 1228 cum

289 1273 375 1356 αδτῷ
402 1279 445 1354 τῷ
467 1270 595 1354 Χριστῷ
618 1269 707 1351 (Vct.
732 1268 827 1349 342).
856 1304 897 1316 -
917 1266 1040 1345 Πάντες
1084 1268 1157 1348 ipso
1172 1267 1304 1332 Christo
1320 1269 1542 1333 recolendam.
1561 1271 1736 1332 —Omnes
1751 1267 1832 1332 fide·

289 1375 319 1440 οί
334 1376 437 1440 πιστοί
452 1378 506 1440 τόν
522 1374 608 1439 αίνον
620 1369 850 1457 προσφέροντες
865 1381 909 1457 τῷ
920 1368 991 1457 Θεῷ
1003 1373 1040 1436 ob
1084 1369 1134 1434 les
1154 1368 1274 1434 offerre
1297 1372 1367 1436 Deo
1386 1390 1454 1436 non
1474 1376 1608 1436 cessant
1628 1371 1739 1437 laudis
1759 1392 1833 1437 mu·

288 1480 442 1546 παθονται
464 1479 587 1563 (sliu).
604 1514 645 1524 -
661 1474 768 1554 Λαοὺς
790 1477 826 1540 δὲ
849 1475 971 1561 [καλεῖ]
984 1475 1039 1560 δη-
1085 1491 1176 1537 uera.
1191 1477 1387 1556 -Populos
1409 1481 1516 1557 vocat,
1532 1476 1690 1540 videlicet
1706 1478 1832 1560 disper-

290 1584 394 1650 λονότι
405 1585 478 1661 τοὺς
489 1578 863 1666 διεσπαρμένουςἸοιίδα,
874 1579 909 1659 ἐξ
924 1581 966 1644 ὢν
981 1581 1041 1644 ουκ
1084 1595 1138 1642 sos
1154 1579 1175 1642 J
1178 1578 1252 1642 udae
1268 1582 1394 1660 exules,
1404 1598 1549 1662 quorum
1561 1582 1661 1644 multi
1678 1581 1721 1646 ad
1740 1581 1833 1646 Chri-

291 1686 391 1774 όλίγοι
406 1684 586 1772 προσῆλθον
601 1692 645 1769 τῷ
660 1682 787 1768 Χριστῷ
803 1684 892 1766 (Vae.
910 1685 998 1766 753).
1085 1687 1176 1748 stum
1192 1689 1417 1748 accesserunt.
1571 1685 1575 1692 '

332 1811 364 1854 ν.
381 1791 411 1854 2.
438 1785 511 1854 Ὀτι
537 1785 735 1872 ἐκραταιώθη
762 1789 798 1851 τό
825 1786 914 1862 ἔλεος
942 1787 1040 1851 αἰετοῦ
1129 1805 1161 1850 v.
1177 1788 1208 1851 2.
1228 1789 1383 1864 &eonium
1397 1787 1588 1872 tormentata
1601 1794 1651 1855 est
1668 1805 1766 1869 stipes
1779 1807 1837 1856 nos

289 1894 340 1981 ἐφ’
351 1894 446 1980 ἡμᾶς,
462 1894 517 1957 καί
540 1891 561 1978 ἡ
586 1889 721 1977 ἀλήθεια
743 1901 798 1956 τοῦ
813 1889 932 1977 Κυρίου
955 1889 1041 1976 μένει
1084 1892 1309 1958 misericordia
1330 1893 1411 1974 ejus,
1430 1897 1463 1959 ct
1476 1895 1599 1960 enitar
1613 1892 1747 1957 Domini
1768 1910 1835 1958 mo·

290 2000 335 2077 εἰς
350 2001 402 2064 τόν
419 2000 527 2062 αἰῶνα.
1085 2000 1139 2061 net
1154 1998 1191 2060 in
1206 2002 1369 2062 ermom.
1663 1988 1665 2001 '

333 2099 577 2187 Ἀπολλινοιρίου
598 2097 635 2167 ⁷).
651 2099 721 2167 Oba
733 2099 774 2184 ἠν
792 2096 924 2184 εθτελὴς
939 2097 956 2162 ό
971 2098 1042 2182 περί
1129 2101 1341 2184 Apollinaris.
1364 2103 1437 2165 Non
1453 2105 1505 2165 est
1525 2102 1646 2183 plenus
1668 2117 1778 2164 sermo
1795 2100 1835 2165 de

288 2217 346 2295 της
362 2204 519 2291 σωτηρίας
540 2205 644 2291 λόγος,
660 2207 688 2271 εί
711 2206 754 2291 μη
771 2206 826 2268 καί
851 2211 913 2268 τῶν
936 2201 1041 2280 σωζω-
1086 2207 1205 2286 salute,
1229 2207 1297 2270 nisi
1323 2207 1531 2270 salvatorum
1556 2206 1755 2268 memoriam
1778 2223 1833 2268 su-

293 2312 394 2400 μὲνων
416 2309 585 2396 ἀπειλήφει
598 2313 658 2397 τὴν
680 2309 816 2398 μνήμην.
836 2309 926 2394 (Vnt.
947 2308 1040 2388 1678,
1085 2311 1239 2391 eoeperit.

289 2419 394 2500 -1683,
417 2416 558 2499 sepia).
1130 2412 1296 2496 Herycdii.
1317 2416 1391 2478 Nisi
1412 2415 1504 2479 enim
1527 2414 1624 2478 fortis
1650 2433 1691 2478 ac
1713 2419 1833 2496 potens

336 2518 488 2606 Ἡσυχίου
502 2516 543 2587 θ).
559 2519 598 2585 Εἰ
614 2521 658 2605 μὴ
673 2520 736 2604 γάρ
758 2519 886 2604 ἰσχυρόν
901 2515 972 2582 λίαν
987 2515 1042 2580 καί
1085 2537 1188 2600 super
1202 2536 1263 2582 nos
1286 2517 1375 2582 iacta
1398 2523 1488 2584 esset
1509 2520 1571 2583 Dei
1595 2519 1835 2598 misericordia,

291 2626 422 2690 δυνατόν
435 2622 484 2709 ἐφ’
494 2621 579 2709 ἡμᾶς
590 2624 625 2686 τό
638 2631 693 2687 τοῦ
705 2621 788 2690 Θεοῦ
803 2621 929 2707 ἐγένετο
941 2620 1041 2702 ἔλεος,
1086 2640 1126 2686 eo
1142 2640 1249 2704 usque
1265 2626 1305 2686 ut
1316 2625 1538 2705 assumpserit
1551 2622 1765 2687 infirmitates
1780 2641 1838 2686 uo

293 2730 375 2792 ὥστε
391 2726 560 2793 ἀναλαθεϊν
583 2725 724 2810 τὰπάθη
748 2727 789 2790 τόι
810 2723 959 2811 ἡμέτερα,
983 2726 1042 2790 οὐκ
1086 2733 1184 2807 sires,
1200 2729 1304 2791 saluti
1315 2745 1382 2791 non
1394 2728 1606 2810 providisset.
1625 2764 1663 2774 —
1682 2728 1835 2805 Quando·

293 2832 414 2918 ἤμελλε
426 2831 591 2911 σώζεσθαι.
609 2869 650 2879 -
666 2829 796 2915 Ἐπειδὴ
809 2829 956 2914 ἐλόησας,
969 2828 1042 2893 oete
1087 2831 1224 2912 quidem
1247 2835 1426 2913 postquam
1449 2833 1610 2896 misertus
1626 2837 1688 2914 est,
1712 2833 1835 2897 idcirco

291 2939 372 3002 οίίτω
395 2945 452 3020 της
483 2931 633 3019 ἀληθείας
661 2931 844 3018 ἐφίσταται·
873 2931 984 3018 μόνους
1007 2932 1042 2995 δὲ
1086 2953 1154 3000 non
1170 2937 1308 3000 recessit
1322 2954 1342 2998 a
1358 2938 1517 3018 veritate3
1542 2954 1598 3000 eos
1614 2941 1748 3000 tontum
1770 2939 1834 3000 sel-

290 3038 385 3118 σώζει
403 3037 564 3116 τοὺςόιξια
579 3046 637 3121 τῆς
653 3034 895 3122 φιλανθρωπίας,
910 3037 950 3121 ης
966 3036 1042 3120 ἐπη-
1086 3059 1145 3106 vos
1172 3041 1262 3121 iacit,
1289 3041 1349 3122 qui
1371 3039 1478 3120 digua
1499 3043 1717 3106 committunt
1740 3042 1834 3105 illius

293 3145 465 3229 λαὺσαμεν,
489 3141 693 3227 πράττοντας.
711 3143 799 3225 (Vnt.
819 3143 913 3224 1678,
932 3142 1040 3225 1683).
1086 3146 1283 3224 clementia,
1299 3162 1368 3224 qua
1382 3161 1443 3209 nos
1459 3145 1527 3208 frui
1542 3145 1698 3222 contigit.

334 3247 486 3314 Εδσεδίου
506 3243 544 3311 9).
572 3245 805 3330 Κραταιότερον
827 3247 888 3330 γὰρ
911 3243 1041 3330 γέγονεν
1129 3248 1272 3314 Emotis.
1299 3250 1472 3314 Potentior
1495 3251 1586 3312 enim
1603 3249 1712 3312 adfuit
1737 3249 1836 3314 mise-

290 3355 369 3438 ὑπὲρ
385 3355 443 3438 τὴν
460 3350 629 3436 ἀνθρώπων
644 3350 770 3433 κακίαν,
786 3349 827 3428 ὡς
840 3359 968 3435 νικησαι
982 3359 1042 3414 πᾶ-
1086 3354 1231 3418 ricordia
1251 3371 1320 3435 prae
1343 3354 1520 3417 hominum
1545 3353 1770 3435 improbitate,
1787 3355 1835 3417 ita

292 3480 352 3525 σαν
375 3455 637 3543 δεισιδαιμονίαν,
666 3457 721 3520 καί
742 3463 848 3520 πᾶσαν
871 3453 1041 3539 ἀνθρώπων
1087 3467 1126 3524 ut
1140 3461 1261 3524 vicerit
1275 3461 1337 3523 Dei
1352 3460 1532 3523 clementia
1547 3475 1681 3522 omnem
1694 3475 1833 3539 pravam

276 3563 423 3646 πλάνην,
438 3562 496 3646 τὴν
511 3571 566 3625 τοῦ
582 3559 665 3628 Θεοῦ
685 3556 931 3645 φιλανθρωπίαν.
949 3557 989 3625 Ἥ
1006 3559 1041 3622 δὲ
1085 3567 1378 3648 superstitionem,
1416 3581 1618 3646 omnemque
1656 3564 1834 3627 hominum

324 3801 354 3874 6)
371 3799 541 3873 Hesychius
554 3815 591 3854 ex
603 3797 788 3853 Antiocheno
805 3797 906 3854 schola
924 3815 1040 3872 promp·
1085 3797 1295 3870 metaphrasim
1305 3796 1482 3852 ateliasunt
1491 3802 1631 3852 sexcenta
1637 3796 1745 3868 ubique
1755 3813 1836 3868 spar-

292 3887 353 3942 tius
370 3886 469 3958 vergit
487 3886 525 3942 ed
544 3885 682 3957 exegesim
700 3885 880 3957 historicam,
892 3903 980 3957 quam
997 3893 1040 3940 te·
1086 3901 1120 3941 aa
1131 3884 1163 3940 in
1175 3883 1294 3953 catenis,
1313 3885 1344 3939 iu
1365 3883 1505 3955 conciliis,
1523 3883 1555 3938 in
1572 3884 1759 3939 collectaneis
1772 3885 1836 3940 Ma·

288 3990 368 4028 mere
380 3972 539 4030 fabricavit
556 3973 788 4045 Mopsuestenus,
801 3990 854 4029 uec
866 3990 937 4028 saue
954 3972 1041 4028 intel·
1085 3971 1166 4042 xuni,
1184 3970 1343 4040 Anaetasii,
1360 3969 1544 4040 Damasceni,
1557 3976 1612 4026 eto.
1625 3971 1741 4042 Dignus
1759 3989 1836 4026 sum·

290 4059 402 4131 ligitur,
420 4059 498 4114 unde
512 4059 550 4115 ad
568 4058 725 4116 Ezechiem
737 4059 815 4115 hunc
828 4059 948 4117 brevem
963 4060 1040 4134 psal·
1084 4074 1203 4130 mopere
1215 4062 1263 4112 est
1274 4056 1422 4111 infandus
1433 4055 1638 4128 haeresiarcha,
1651 4059 1702 4130 qui
1712 4058 1836 4129 diligen·

287 4165 368 4202 mum
380 4146 498 4201 referat.
1084 4149 1146 4199 tem
1164 4149 1193 4200 et
1214 4142 1410 4199 orthodoxum
1431 4141 1575 4199 editorem
1596 4144 1752 4215 aliquando
1771 4151 1836 4199 tan·

326 4233 354 4306 7)
368 4233 467 4289 Locus
480 4232 573 4287 multo
583 4229 725 4303 prolixior
736 4229 768 4286 in
781 4229 895 4301 codice3
907 4231 960 4288 sed
975 4249 1040 4304 qum
1085 4232 1153 4288 dem
1164 4232 1360 4287 nanciscatur.
1378 4229 1478 4284 Habes
1490 4229 1568 4286 infra
1580 4231 1612 4284 in
1626 4231 1763 4288 coronide
1776 4248 1836 4288 me·

290 4325 460 4390 sequuntur,
476 4318 570 4374 edidit
578 4317 735 4374 Corderius
745 4322 936 4387 ἀνεπιγρόφως,
949 4319 1041 4392 etpDi-
1085 4323 1133 4374 tra
1142 4317 1273 4391 ejusdem
1282 4316 1365 4390 inps.
1377 4332 1459 4387 cxvi,
1469 4333 1536 4372 oum
1545 4333 1622 4373 nova
1631 4318 1767 4374 versione
1776 4335 1837 4374 me·

288 4406 376 4479 dymo
395 4405 502 4460 dmrtur
514 4404 545 4460 in
560 4404 652 4460 Vatia.
671 4404 777 4476 Regin.
791 4403 906 4460 Cretera
928 4404 1041 4462 scholia
1085 4405 1169 4462 trica.

288 4490 465 4566 Apollinarii
474 4489 590 4546 nomine
601 4489 751 4562 inscripta,
762 4491 882 4546 scilicet:
891 4490 929 4545 1.⁰
935 4495 983 4561 τήν
993 4497 1040 4561 μὲν
1120 4493 1149 4566 8)
1170 4491 1240 4548 Alia
1256 4495 1326 4546 sunt
1344 4507 1433 4563 supra
1451 4489 1601 4564 Hesycbio
1619 4491 1748 4564 ascripta
1765 4509 1793 4548 ν.
1807 4507 1835 4562 g.

287 4583 340 4649 γάρ
352 4581 428 4632 σκιάν
447 4581 530 4631 extat
543 4575 621 4648 apud
639 4575 811 4632 Gorderium
826 4578 881 4634 sub
899 4581 1040 4636 ementito
1085 4582 1164 4650 θμνος
1176 4585 1223 4633 καί
1234 4581 1313 4644 αότος
1324 4584 1401 4631 πᾶσιν
1412 4581 1574 4644 ἀντρώποις..
1587 4581 1752 4648 θμνῆσαιτὸν
1763 4579 1836 4646 adep-

289 4664 407 4720 nomine
424 4661 553 4734 Eusebii,
566 4679 660 4733 neque
682 4663 811 4734 eleganti
823 4665 989 4724 Laodicano
1006 4685 1042 4723 ea
1085 4671 1174 4736 γότην,
1187 4663 1276 4721 dubio
1289 4663 1391 4736 procul
1402 4662 1599 4719 Theodoreti..

288 4751 499 4823 indignasunt.
513 4751 552 4804 2⁰
565 4753 803 4818 συνδιαιωνίζοντος
817 4751 927 4808 ibidem
945 4753 1041 4826 Hesy-
1120 4754 1149 4825 9)
1171 4751 1271 4806 Laetor
1293 4750 1371 4804 enim
1393 4765 1464 4805 vero
1477 4749 1690 4805 incrementum
1712 4748 1781 4804 dare
1806 4753 1839 4803 et

289 4839 356 4894 chio
372 4838 521 4894 tribuitur.
531 4838 628 4893 Βάτων
642 4842 686 4892 διόι
697 4845 775 4908 τῆς...
788 4845 971 4912 κτκηρυγμένη
980 4842 1041 4898 He·
1085 4837 1258 4910 legitimum,
1271 4840 1305 4891 ut
1318 4835 1429 4908 opinor,
1449 4837 1658 4892 commentario
1671 4853 1757 4908 quem
1777 4834 1837 4889 luci

289 4928 426 4982 racleotse
440 4925 517 4998 apud
532 4925 671 4981 Corderio
683 4926 702 4980 l.
716 4927 736 4981 l.
750 4927 917 4984 Dolendum
929 4928 1041 4984 deside·
1085 4924 1167 4982 dedit
1178 4923 1213 4979 cl.
1223 4921 1471 4978 Montei'elconius
1482 4927 1582 4994 aperte
1591 4923 1740 4978 mutilum:
1760 4921 1835 4976 desi·

289 5013 349 5068 rari
362 5014 392 5068 in
406 5012 577 5083 Patrologia
598 5029 696 5083 graeca
708 5019 852 5084 quotquot
865 5020 935 5070 aunt
951 5015 1041 5088 Apol·
1086 5012 1205 5068 deretur
1223 5009 1302 5068 enim
1321 5009 1439 5081 integra
1456 5007 1596 5066 versiculi
1612 5009 1731 5066 secundi
1748 5023 1835 5079 expo·

289 5097 852 5172 linardfiagmeuta,preetermetricam
861 5101 1041 5173 psalmorum
1085 5098 1165 5156 sitio.
