4008 6094
731 484 735 490 ·
829 455 872 515 IN
895 453 1079 515 PSALMOS

777 679 948 754 Pserimos
972 675 1137 768 XLIII.

231 889 262 934 ν.
282 867 381 947 lauze
399 870 434 933 τὸ
457 865 556 950 τέλος,
581 876 645 945 τοῖς
674 867 751 944 υίοϊς
774 867 870 952 Κορὲ,
893 870 937 945 εἰς
1028 889 1059 932 v.
1079 871 1106 932 l.
1123 869 1284 952 Irtstoem,
1302 869 1396 951 filiis
1415 869 1522 948 Chore,
1542 871 1584 934 ad
1605 871 1729 934 intelle-

185 973 308 1039 σύνεσιν
324 972 457 1059 ψαλμός.
483 977 550 1040 Vat.
568 971 589 1036 1.
607 974 681 1054 650,
699 974 729 1036 2.
983 979 1068 1037 ctum
1076 973 1237 1054 psalmos.

229 1073 399 1154 Ὓπθθεσις.
415 1075 475 1142 Ἐκ
488 1075 657 1161 προσώπου
668 1085 729 1140 τῶν
741 1075 837 1141 ἐθνῶν
852 1075 936 1140 ἐστιν
1026 1076 1267 1159 Arruntanum.
1281 1081 1319 1140 In
1332 1094 1474 1158 persona
1483 1080 1638 1156 gentium
1653 1096 1728 1141 oan-

187 1181 355 1268 ὂψαλμὸς,
387 1183 409 1267 ἦ
436 1181 474 1245 έκ
497 1179 667 1264 προσώπου
686 1189 746 1244 τῶν
769 1181 802 1245 έν
817 1189 856 1266 τῇ
872 1181 936 1246 δια·
980 1183 1072 1243 tatur
1087 1183 1247 1262 psalmus,
1260 1184 1315 1245 vel
1330 1184 1366 1244 in
1382 1199 1526 1263 persona
1536 1184 1676 1246 exulum
1694 1184 1728 1245 in

184 1295 299 1371 σπορᾷ,
315 1288 337 1372 ῆ
353 1286 391 1350 ἐκ
405 1285 574 1372 προσώπου
590 1293 650 1351 τῶν
665 1282 892 1350 Μακκαθαίυν.
981 1283 1197 1365 dispersione,
1212 1287 1266 1349 vel
1290 1289 1325 1351 in
1340 1304 1483 1368 persona
1505 1287 1728 1351 Macchabaeo-

983 1405 1071 1450 rum.

231 1515 263 1560 v.
286 1497 316 1561 9.
332 1493 387 1561 Ἐν
409 1505 453 1580 τῷ
476 1493 548 1580 Θεῷ
570 1493 839 1580 ἐπαινεθησόμεθα
859 1494 936 1578 ὅλην
1030 1513 1061 1555 ν.
1080 1499 1108 1557 9.
1127 1498 1169 1558 Io
1183 1497 1248 1558 Deo
1264 1495 1469 1559 rainiariam
1483 1501 1550 1560 tote
1571 1495 1630 1559 die.
1757 1497 1762 1518 “

186 1602 249 1686 τὴν
262 1597 395 1685 ἡμέραν·
1241 1602 1245 1609 ’

233 1699 337 1788 Ὅλην
351 1705 409 1789 την
428 1699 550 1788 ἡμέραν
572 1705 630 1788 τὴν
653 1703 687 1767 ἐν
709 1709 753 1787 τῷ
775 1701 848 1786 Θεῷ
870 1701 939 1765 είπε
1028 1707 1109 1768 Poto·
1127 1705 1179 1768 die
1209 1703 1295 1766 dixit
1321 1704 1361 1768 de
1384 1707 1454 1768 rita
1480 1707 1515 1768 in
1539 1707 1617 1782 Deo,
1651 1723 1726 1786 qua

188 1807 288 1894 ζωὴν,
314 1807 384 1892 ἣτις
406 1804 597 1890 συνέστηκεν
620 1804 683 1869 ἀπὸ
705 1804 859 1882 ἀπαθείας
884 1806 939 1868 καί
983 1809 1136 1872 consistit
1165 1811 1199 1872 in
1230 1810 1425 1889 passionum
1453 1810 1668 1873 immunitate
1700 1817 1733 1874 et

190 1909 339 1996 γνώσεως
361 1908 454 1978 Θεοῦ.
479 1909 589 1974 Ταῦτα
607 1911 664 1995 μέν
685 1911 719 1975 ἐν
741 1917 806 1985 τοῖς
832 1907 939 1986 ἄλλοις
984 1915 1127 1976 scientie
1143 1914 1214 1976 Dei.
1232 1915 1311 1988 Quae
1327 1914 1463 1994 quidem
1485 1914 1574 1977 bona
1597 1915 1631 1976 in
1655 1915 1732 1976 aliis

186 2013 314 2100 χρόνοις
336 2012 522 2099 γεγένηνται
544 2016 632 2098 παρὰ
653 2024 728 2078 σου·
752 2013 803 2079 aa
826 2014 861 2078 δὲ
883 2027 938 2079 τοῦ
983 2018 1192 2098 temporibus
1217 2035 1239 2080 a
1264 2022 1298 2080 te
1321 2017 1409 2080 faota
1424 2022 1520 2096 sunt3
1536 2016 1646 2080 sedin
1671 2016 1733 2078 hoo

186 2115 345 2201 παρόντος
360 2117 473 2202 ἔρημοι
483 2126 540 2203 τῆς
552 2126 610 2202 σης
622 2115 847 2202 ἀπεφάνθημεν
862 2137 937 2201 προ·
983 2124 1140 2203 prasenti
1156 2138 1227 2184 aevo
1242 2125 1303 2183 tua
1313 2138 1431 2184 sumus
1442 2122 1649 2202 protectione
1661 2138 1730 2198 ma·

187 2219 331 2306 μηθείας.
983 2224 1106 2289 nifasto
1123 2226 1287 2288 destituti.

233 2345 265 2388 v.
285 2327 335 2390 11.
359 2322 580 2412 Ἀπέστρεψας
601 2325 687 2412 ἡμᾶς
711 2328 754 2406 εἰς
777 2329 817 2392 τα
839 2327 937 2393 ὀπίσω
1026 2349 1057 2392 v.
1076 2332 1125 2392 ll.
1142 2329 1300 2394 Aoertr'ott'
1314 2346 1372 2393 reos
1386 2332 1564 2393 retrorsum
1573 2331 1650 2411 post
1664 2329 1727 2391 irti-

188 2431 279 2514 παρὰ
293 2430 366 2507 τοὺς
381 2429 513 2515 ἐχθροὺς
526 2429 626 2516 ἡμῶν,
650 2434 704 2495 καί
728 2431 758 2495 οί
777 2443 937 2516 μισοῦντες
981 2435 1275 2521 micoroostrosar
1291 2434 1349 2514 qai
1363 2433 1498 2498 omrem
1510 2450 1577 2512 ooo,
1596 2431 1731 2514 direpte-

186 2533 363 2619 διήρπαζον
379 2534 511 2612 ἑαυτοῖς.
986 2539 1064 2604 θοαί
1083 2537 1156 2604 ribi.

236 2639 295 2704 Δία
309 2649 366 2727 της
381 2637 497 2716 κακίας
508 2641 563 2704 καί
575 2638 732 2724 ἀγνωσίας
747 2640 940 2726 ἁρπάζουσιν
1027 2646 1091 2707 Per
1105 2644 1190 2706 vitia
1205 2646 1239 2705 et
1258 2644 1488 2721 ignorantiam
1512 2643 1650 2723 rapiunt
1673 2659 1733 2704 nos

185 2741 284 2827 ἡμᾶς·
303 2741 513 2809 -Ἐνταῦθα
526 2741 735 2829 ἐπισημαίνει,
748 2745 940 2831 θτιέμπροσ-
984 2749 1124 2811 inimici.
1150 2783 1188 2792 -
1214 2749 1277 2820 Hie
1309 2745 1538 2826 significatur,
1568 2752 1646 2810 ante
1673 2763 1733 2810 nos

186 2847 243 2914 θεν
259 2849 315 2934 μέν
333 2847 424 2933 ἡμῶν
446 2847 592 2934 λέγονται
615 2849 648 2944 αἱ
671 2848 790 2934 ἀρεταί,
813 2851 939 2918 ὄπισθεν
983 2852 1120 2934 quidem
1142 2852 1210 2915 dioi
1230 2868 1303 2914 esse
1325 2851 1479 2929 virtutes,
1504 2855 1592 2914 retro
1615 2853 1730 2912 autem

191 2954 228 3018 δὲ
251 2953 284 3017 ai
305 2952 434 3018 κακίαι·
457 2954 504 3019 διὸ
528 2952 794 3038 προστασσόμεθα
814 2954 939 3041 φεύγειν
984 2957 1083 3020 vitia:
1100 2973 1204 3038 quare
1216 2954 1378 3035 Jubemur
1400 2953 1520 3032 fugere
1542 2954 1733 3017 fornicatio-

194 3059 252 3143 μέν
278 3059 337 3143 την
363 3055 520 3142 πορνείαν,
544 3057 667 3123 διώκειν
686 3058 721 3122 δέ
735 3060 794 3143 την
820 3079 941 3144 συφρο-
984 3077 1072 3138 nem,
1088 3061 1245 3141 persequi
1261 3063 1376 3124 autem
1398 3058 1588 3121 castitatem
1604 3063 1638 3120 et
1660 3057 1735 3120 hos·

186 3164 287 3248 σύνην
307 3167 362 3229 καί
384 3165 443 3249 την
459 3163 646 3248 φιλοξενίαν.
670 3163 761 3251 Πλην
784 3166 821 3230 οὐ
844 3167 939 3244 πᾶςὸ
984 3165 1196 3244 pitaiitatem.
1228 3166 1393 3227 Caeterum
1428 3178 1496 3224 non
1526 3162 1734 3242 quicumque

186 3269 233 3347 εἰς
248 3271 289 3334 τὰ
300 3268 399 3334 aaran
411 3269 695 3356 ἀποστρεφόμενος,
708 3271 832 3356 ψεκτῶς
847 3283 939 3337 τοῦτο
985 3276 1074 3331 retro
1092 3283 1283 3347 conversus
1308 3267 1342 3330 id
1365 3283 1468 3347 prave
1491 3267 1652 3345 sustinet3
1676 3264 1735 3327 sed

186 3370 374 3458 ὑφίσταται·
391 3372 453 3437 ἀλλ
468 3374 556 3452 εἴτις
572 3375 678 3460 φυγών
693 3376 734 3440 τὰ
749 3376 846 3459 κακὰ,
863 3378 941 3461 πρὸς
984 3374 1014 3436 si
1030 3373 1107 3452 quis
1130 3390 1235 3453 prava
1250 3372 1397 3451 fugiens,
1411 3371 1453 3433 ad
1469 3389 1508 3434 ea
1520 3370 1734 3452 postmodum

186 3479 271 3542 αὐτὰ
292 3476 386 3544 πάλιν
409 3477 614 3564 ὑποστρέφειν
629 3477 742 3562 ἐθέλοι,
766 3477 807 3557 ώς
836 3481 853 3544 ὁ
876 3481 939 3546 ἀπὸ
983 3477 1067 3539 velit
1083 3477 1216 3556 reverti,
1233 3477 1340 3540 veluti
1356 3477 1415 3558 qui
1432 3494 1473 3539 ex
1488 3477 1578 3555 Sion,
1596 3475 1630 3538 id
1646 3479 1697 3538 est
1712 3493 1733 3536 a

184 3591 245 3666 τῆς
271 3581 363 3665 Σιὼν,
390 3581 532 3647 τουτέστι
558 3591 614 3668 τῆς
642 3581 756 3670 ἀρετης
777 3585 856 3669 πρὸς
881 3586 940 3670 την
984 3580 1110 3643 virtute
1126 3581 1169 3644 ad
1180 3581 1356 3660 maiitiam,
1370 3597 1446 3661 quaa
1457 3580 1607 3661 Babylon
1619 3581 1732 3660 appel-

184 3683 313 3768 κακίαν,
328 3685 504 3752 Bottiaia
518 3686 729 3774 καλουμένην,
742 3686 937 3773 ἀποστρεφθ-
987 3682 1087 3764 181111,
1111 3686 1175 3747 iter
1190 3703 1308 3748 rursus
1324 3682 1438 3746 flectit.

186 3809 288 3874 μενος.
342 3855 346 3861 ,

231 3913 260 3957 v.
280 3895 330 3958 16.
346 3889 448 3979 Ὅλην
470 3897 529 3980 τὴν
543 3893 701 3980 ημέρανη
723 3895 857 3982 ἐκτροπή
875 3917 934 3982 μου
1026 3913 1056 3956 v.
1077 3896 1127 3956 16.
1146 3895 1225 3956 Poto
1246 3891 1298 3956 dte
1319 3890 1510 3956 reremedio
1531 3909 1601 3956 οιοο
1614 3896 1733 3970 ,οοοίαο

183 3993 387 4061 κατεναντίον
410 3998 469 4082 μού
491 3997 566 4080 ἐστι,
590 3996 687 4083 καὶὴ
716 4000 851 4086 αἰσχύνη
879 4009 933 4065 τοῦ
978 3995 1397 4078 αισισίαοοοιιμίανίοίοοίεέ
1407 3997 1727 4076 αιοαοουυριναίίαιε.

183 4097 354 4182 προσώπου
370 4121 429 4185 μου
444 4100 585 4186 sttruos
601 4123 650 4188 με.

229 4201 355 4288 Merope,
373 4207 478 4288 φησίν,
494 4209 548 4271 καί
564 4207 711 4292 διηνεκὴς
726 4207 748 4292 ἡ
764 4208 835 4274 καθ’
850 4209 935 4294 ἡμᾶς
1030 4210 1175 4288 Prolixa,
1192 4209 1313 4289 inquit,
1326 4213 1360 4271 et
1371 4207 1534 4270 diuturna
1545 4206 1736 4283 ignominia

187 4305 299 4391 γέγονε
315 4308 460 4394 αίσχυνη.
985 4317 1099 4376 nostra
1114 4313 1204 4376 faeta
1219 4317 1279 4375 est.

219 4487 268 4542 Ps.
282 4505 368 4559 xn111,
387 4507 413 4545 v.
434 4489 457 4544 1.
472 4489 538 4546 Vat.
557 4492 582 4560 2,
601 4492 626 4546 6.
645 4491 758 4548 Rarum
776 4500 822 4549 ost
840 4493 931 4550 histo·
978 4491 1106 4560 alesiam,
1128 4494 1227 4562 spreto
1246 4487 1394 4562 spirituali
1412 4504 1500 4543 sensu
1519 4485 1731 4543 Alexandrino-

184 4573 277 4628 rioum
289 4572 456 4645 hujusmodi
468 4581 674 4646 argumentum
686 4578 763 4650 apud
776 4579 935 4650 Origenam
977 4595 1051 4647 rum,
1073 4575 1184 4632 retulit.
1206 4574 1321 4630 Partim
1341 4573 1443 4630 eadem
1465 4573 1575 4630 habent
1594 4573 1666 4640 edd„
1679 4571 1736 4628 aad

184 4665 237 4715 aut
253 4665 382 4717 veteres:
402 4678 436 4716 ao
453 4661 616 4718 timendum
633 4677 670 4720 ns
688 4664 798 4720 similia
812 4665 933 4737 januam
981 4667 1210 4732 μεταφραστικώς.

183 4746 352 4818 aperuerint
364 4747 580 4820 Mopsuestano‚
594 4749 644 4821 qui
660 4749 723 4807 fere
742 4768 841 4808 omnes
859 4753 935 4825 psal·
1015 4769 1043 4805 v.
1056 4751 1081 4804 9.
1095 4749 1162 4804 Vat.
1177 4749 1218 4816 14,
1233 4749 1275 4802 16.

184 4848 248 4887 mos
259 4833 358 4906 potius
370 4833 408 4890 ad
426 4835 607 4908 Babylonica
623 4837 714 4894 exilia
732 4844 784 4894 aut
802 4839 935 4896 Maccha-
1015 4855 1043 4894 v.
1058 4837 1099 4891 11.
1113 4835 1180 4890 Vnt.
1194 4836 1219 4906 6,
1234 4836 1275 4889 14.

183 4918 315 4976 baeorum
325 4919 493 4991 tragaedias,
510 4939 597 4995 quam
615 4923 652 4980 ad
665 4923 815 4982 Christum
833 4931 864 4982 et
882 4926 936 4981 Ee-
1016 4941 1044 4981 v.
1059 4923 1100 4978 16.
1114 4921 1208 4978 iidem
1221 4920 1303 4976 codd.
