3966 6108
857 432 1060 495 EUSECIUS

795 659 961 736 Psaemus
986 657 1115 736 LXX.

224 906 394 984 Ὑπόθεσις.
418 905 534 992 Σχοῐεν
558 904 626 971 δ’ἀν
712 915 927 993 μακαρισμῶν.
972 906 1104 991 νοητέον
1118 909 1154 972 τό
1166 909 1204 973 ἐκ
1213 907 1361 994 γαστρός·
1378 910 1415 974 οὐ
1425 911 1486 994 γὰρ
1501 911 1569 997 ἀμα
1584 921 1627 997 τῷ
1639 912 1722 996 τόκῳ

180 1017 288 1096 θαρσῶ
303 1031 334 1096 p.
351 1015 403 1078 89.
419 1009 484 1076 Καὶ
506 1010 611 1094 ὥσπερ
631 1011 682 1076 ἐπ’
692 1008 819 1077 ἐκείνων
842 1011 928 1095 (υἱῶν
973 1014 1008 1076 τό
1019 1011 1147 1096 λογικόν
1158 1012 1287 1097 ἐνεργεῖ.
1300 1010 1403 1078 Ἀλλὰ
1417 1015 1454 1078 τό
1465 1014 1504 1080 ἐκ
1513 1018 1659 1100 γαστρός,
1671 1015 1724 1083 ἀν-

180 1112 468 1199 Ἰωναδόιό)πρῶι·η
481 1122 538 1200 της
548 1113 759 1200 Ἰερουσαλὴμ
771 1115 831 1179 ont
839 1114 929 1180 Χαλ-
971 1117 1090 1204 onos
1106 1113 1180 1201 Ἀφ’
1196 1117 1292 1201 οὗπερ
1315 1117 1462 1205 ἠρξάμην
1484 1119 1617 1205 λογικῶς
1640 1120 1724 1207 ἐνερ-

180 1220 275 1288 δαέων
298 1217 501 1306 αἰχμαλωσία
524 1217 663 1304 γέγονεν,
688 1220 785 1296 οὕτως
807 1219 862 1283 καὶ
877 1219 929 1284 ἐπὶ
971 1227 1038 1304 γαῖν
1052 1222 1111 1307 τὴν
1133 1221 1238 1307 ἀρχὴν
1261 1232 1317 1287 τοῦ
1340 1223 1487 1308 ἐνεργεῖν,
1511 1223 1653 1310 ἀνέθηκά
1668 1248 1719 1291 σοι

178 1329 241 1394 τῶν
263 1324 448 1392 ἀποστόλων
470 1324 530 1390 ὑπό
553 1321 748 1411 Ῥωμαίων...
775 1323 928 1412 Εἶσόγον-
972 1322 1117 1408 ἐμαυτόν,
1134 1323 1194 1389 ὑπό
1210 1344 1266 1388 σου
1289 1325 1513 1411 οτηριζόμενος
1531 1331 1587 1393 καὶ
1607 1328 1722 1394 σκεπό-

179 1451 262 1497 ται...
281 1429 438 1496 διέσωσεν.
973 1448 1075 1513 μενος.
1096 1425 1252 1515 Ἀρμοσυι
1274 1429 1303 1495 δ’
1317 1431 1356 1496 ἂν
1379 1439 1471 1497 τοῦτο
1495 1429 1641 1517 λέγειν...
1664 1431 1721 1498 Δό-

222 1555 254 1600 ν.
272 1536 302 1600 3.
319 1533 420 1610 Εἰδὼς
431 1531 466 1596 δέ
482 1529 786 1610 καλόάποστολικδς
798 1536 926 1619 χορός...
971 1553 1063 1598 ναται
1085 1533 1120 1596 δέ
1141 1531 1280 1599 νοεῖσθαι
1301 1536 1356 1600 καὶ
1378 1534 1428 1600 ἐπὶ
1451 1533 1586 1621 πάντων,
1617 1536 1646 1602 εἰ
1676 1539 1719 1623 μη

178 1637 371 1724 Ἐπιδρομης
385 1643 503 1703 κακῶν.
524 1636 599 1704 Vide
613 1636 770 1703 Aetam.
786 1640 824 1704 τίι
839 1639 928 1721 psal.
972 1637 1033 1722 γόιρ
1059 1634 1187 1723 δύναμις
1214 1635 1297 1705 Θεοῦ
1320 1639 1444 1723 ἐνεργεῖ
1464 1639 1506 1704 τὰ
1521 1641 1617 1706 ,κατόι
1642 1662 1720 1727 γασ-

178 1747 241 1809 ool.
258 1745 323 1812 316,
339 1747 373 1808 C.
388 1740 454 1806 Καὶ
476 1740 582 1825 ὥσπερ
596 1743 698 1827 τροφὴ
720 1750 764 1827 τῷ
786 1751 928 1809 πεινῶντι
973 1742 1054 1825 τρός,
1085 1740 1144 1806 οὐκ
1172 1743 1212 1807 ἐν
1242 1741 1398 1828 συνέστη,
1430 1743 1489 1808 οὐκ
1515 1745 1555 1810 ἀν
1585 1744 1721 1831 μετέσχε

176 1847 306 1932 γίνεται,
322 1845 419 1911 πότον
433 1845 469 1911 δέ
483 1852 527 1929 τῷ
542 1844 678 1929 διψῶντι,
695 1847 792 1924 οὕτως
813 1855 858 1933 τῷ
872 1869 928 1912 πο-
972 1844 1066 1928 ζωης.
1090 1845 1146 1910 Ἐν
1169 1846 1253 1932 μόνῳ
1273 1846 1308 1911 δέ
1330 1855 1423 1912 τοῦτο
1447 1847 1568 1934 μᾶλλον
1589 1849 1721 1937 ἁρμόζει

177 1953 322 2040 λεμοῦντι
337 1951 394 2039 μέν
407 1949 506 2015 όπλον
521 1947 699 2034 εὑρίσκεται
712 1952 769 2015 καὶ
784 1951 876 2029 ἀσπὶς
895 1953 927 2017 ό·
971 1949 1108 2036 Χριστῷ,
1134 1950 1293 2017 ἀθόλωτον
1323 1952 1475 2038 ἐσχηκότι
1502 1957 1557 2020 τόν
1582 1967 1655 2022 νοῦν
1684 1957 1730 2022 ἐκ

178 2057 404 2142 περασπιστης,
414 2063 460 2141 τῷ
470 2053 505 2118 δέ
516 2053 695 2140 διωκομένῳ
707 2053 860 2141 ὀχύρωμα
871 2057 926 2120 καὶ
970 2057 1116 2139 γαστρός,
1132 2058 1187 2121 καὶ
1201 2053 1295 2140 τέρας
1317 2055 1440 2137 δόξαντι
1454 2058 1595 2142 πολλοῖς,
1618 2060 1670 2125 διά
1684 2063 1720 2125 τό

179 2159 370 2246 προπύργιον
383 2160 439 2224 καὶ
453 2159 635 2244 καταφυγὴ,
652 2156 805 2244 στέριγμα
822 2159 859 2225 δέ
872 2161 927 2224 καὶ
973 2159 1030 2244 μέν
1045 2157 1175 2246 δοκήσει
1197 2157 1302 2246 λέγειν
1317 2163 1375 2247 τὴν
1390 2161 1583 2248 ἐπιφάνειαν,
1598 2166 1671 2242 τοὺς
1687 2163 1722 2230 δέ

178 2263 366 2350 κραταίωμα
380 2263 424 2348 τῷ
438 2259 650 2348 σαλευομένην.
972 2263 1063 2348 ψιλόν
1078 2263 1251 2349 ἄνθρωπον.
1268 2263 1371 2349 Τέρας
1393 2265 1428 2330 δέ
1444 2266 1542 2334 αὐτοῦ
1556 2269 1611 2333 καὶ
1626 2268 1644 2334 ό
1658 2267 1719 2335 θά-

222 2389 255 2433 ν.
271 2371 301 2433 5.
316 2364 382 2431 Καὶ
392 2365 422 2431 οἱ
435 2364 616 2430 ἀπόστολοι·
631 2364 741 2431 Ῥῦσαέ
760 2386 808 2453 με,
821 2368 925 2451 φασὶν,
971 2385 1065 2443 νατος
1086 2367 1142 2431 καὶ
1156 2365 1178 2451 ἡ
1201 2365 1356 2453 γέννησις,
1372 2369 1425 2434 διόι
1446 2372 1483 2435 τό
1499 2371 1543 2456 μὴ
1566 2373 1652 2439 κατά
1666 2373 1723 2457 φό-

179 2473 242 2540 ἀπό
257 2481 313 2536 τοῦ
324 2468 507 2555 παρανόμου
519 2467 611 2535 λαοῦ·
622 2470 744 2549 ἐδωκας
758 2471 864 2548 αὐτοῖς
877 2468 926 2535 τέ-
970 2491 1028 2552 σιν,
1044 2470 1087 2549 ὡς
1101 2469 1175 2556 έξης
1190 2468 1294 2556 λέγει·
1309 2473 1343 2538 ἐν
1358 2473 1444 2559 σοὶη
1461 2478 1591 2562 ῦμνησις
1606 2474 1676 2542 κτλ.

176 2599 239 2644 κνα
252 2576 335 2645 Θεοῦ
354 2572 510 2661 γενέσθαι,
526 2583 592 2653 τοῖς
606 2574 802 2640 πιστεύουσιν
825 2576 869 2652 εἰς
890 2575 926 2638 τό
1013 2575 1177 2658 Εὐοεόὶου,
1193 2577 1410 2664 Θεοδωρητου.
1427 2580 1471 2646 tt
1483 2582 1586 2668 ὑμνῶν
1600 2584 1655 2647 καὶ
1669 2582 1719 2647 δο-

177 2683 277 2768 όνομα
292 2681 398 2745 αὐτοῦ.
415 2681 462 2746 Oi.
477 2680 634 2746 Athenas.
650 2682 672 2744 l.
689 2682 711 2745 l.
724 2684 786 2746 ool.
803 2683 867 2746 317
882 2686 921 2747 Α.
968 2676 1071 2760 ξάζων
1086 2681 1229 2747 διατελῶ.
1243 2676 1290 2748 Ἢ
1306 2686 1342 2749 τό
1357 2683 1391 2748 ἐν
1405 2685 1464 2766 σοὶ,
1481 2684 1549 2750 ἀντὶ
1564 2695 1629 2750 τοῦ·
1646 2683 1717 2751 Οὐκ

176 2783 265 2852 Ὦσεὶ
279 2782 373 2868 τέρας
395 2781 549 2869 ἐγενηθην
571 2783 635 2860 τοῖς
653 2781 790 2867 πολλοῖς,
813 2786 869 2849 καὶ
884 2787 923 2850 σὺ
968 2783 1002 2850 ἐν
1016 2783 1187 2872 ἰσχύῦέμῇ,
1203 2785 1237 2852 ἐν
1259 2785 1295 2851 δέ
1310 2795 1349 2873 τῇ
1374 2796 1414 2872 σῇ
1430 2787 1567 2875 δυνάμει,
1591 2790 1646 2855 καὶ
1667 2789 1721 2855 διόι

179 2889 294 2977 βοηθός
308 2887 467 2974 κραταιός.
968 2884 1062 2970 σοῦὴ
1085 2893 1142 2971 της
1164 2886 1311 2966 αἰνέσεως
1332 2887 1432 2955 θυσία
1453 2889 1642 2958 ἐπιτελεῖται
1663 2895 1718 2958 καὶ

222 3015 253 3060 v.
271 2997 301 3075 θ,
319 2996 349 3059 1.
365 2991 438 3059 'Eut
461 2993 497 3057 σέ
512 2990 755 3078 ἐπεστηρέχθην,
771 2994 833 3060 ἀπὸ
848 3015 926 3080 γασ-
969 2990 1151 3077 ἐνεργεῖται.
1174 2991 1234 3057 Ἐκ
1256 2992 1290 3057 δέ
1313 3000 1374 3058 τῶν
1401 2993 1586 3059 ἀποστόλων
1608 2995 1718 3081 ἐπειδὴ

178 3103 260 3185 τρδς,
276 3101 315 3166 ἐκ
328 3096 450 3177 κοιλίας
465 3098 583 3182 μητρός
606 3118 666 3181 μου
681 3097 721 3162 σύ
736 3119 796 3183 μου
811 3099 840 3163 εἰ
852 3120 927 3163 σκε-
971 3093 1060 3172 οῦτός
1083 3115 1196 3181 φησιν·
1219 3095 1256 3164 Ὁ
1273 3097 1399 3183 Κύριος,
1423 3100 1478 3164 καὶ
1500 3100 1533 3166 ἐν
1549 3110 1589 3186 τῇ
1612 3099 1718 3186 κοιλίᾳ

179 3203 320 3288 παστης·
346 3203 381 3268 ἐν
395 3203 445 3268 σοὶ
465 3199 487 3285 ἡ
511 3199 641 3287 ῦμνησίς
665 3222 724 3286 μου
746 3201 925 3280 διαπαντός.
969 3209 1026 3284 της
1042 3199 1158 3285 μητρός
1180 3222 1240 3286 μου
1256 3203 1302 3266 ἐτι
1324 3203 1432 3268 ὄντα...
1449 3202 1628 3292 ἀναπέμπει
1650 3205 1717 3290 διη-

222 3305 262 3374 01
273 3302 490 3373 δέἀιτόστολοέ
501 3325 605 3391 φασιν,
618 3303 659 3384 ὡς
671 3304 689 3370 ό
700 3304 869 3390 Χριστός...
882 3306 926 3385 εἰς
969 3313 1077 3382 νεκῶς.
1093 3305 1140 3371 Cf.
1157 3306 1313 3372 Atlanteo.
1331 3309 1352 3371 l.
1369 3309 1390 3371 l.
1408 3309 1472 3372 317
1492 3311 1527 3372 Β.

178 3419 253 3495 φῶς.
276 3412 361 3478 stit.
389 3409 454 3477 Καὶ
480 3409 585 3487 ἄλλως
607 3409 653 3492 δέ,
676 3410 714 3476 οῦ
741 3419 925 3496 σωματικῶς

212 3585 263 3640 Pe.
276 3601 347 3655 uxx,
363 3602 392 3642 v.
411 3585 466 3640 et.
480 3582 633 3640 ExVutio.
648 3585 690 3654 15,
703 3584 734 3640 in
747 3599 805 3656 quo
823 3601 925 3657 excep·
971 3582 1416 3655 videturmngienpurium,niei
1425 3583 1518 3638 multo
1530 3583 1722 3640 minuetnnto
1857 3579 1861 3595 “

176 3673 217 3727 tie
226 3688 292 3743 qnae
301 3687 398 3744 supro,
407 3669 471 3727 iere
481 3669 578 3726 omnio
586 3669 927 3744 reperiunturinvulgn·
970 3670 1088 3726 nomine
1105 3669 1197 3740 digne
1214 3669 1275 3724 eiut
1293 3669 1435 3725 echoliolo
1452 3669 1555 3727 Romoe
1574 3671 1662 3742 edito,
1675 3687 1723 3726 εσ-

177 3758 372 3816 toAthnnueii
381 3757 927 3830 oommentorioinpsnhnoe,quonihil
971 3761 1056 3812 route
1068 3754 1246 3812 Antonellio.

773 3973 942 4051 Ρεσθκιιε
966 3970 1121 4051 LXXI.

343 4218 403 4286 ΕΚ
419 4217 499 4286 ΤΟΥ
514 4217 752 4286 ΠΑΜΦΙΛΟΥ.
859 4269 867 4282 .
1130 4223 1183 4284 Ex
1200 4225 1373 4286 Ptuuuno
1389 4240 1556 4288 utunuun.

218 4449 296 4510 Post
311 4465 342 4509 v.
363 4449 402 4511 19
422 4446 597 4510 ultimum:
613 4441 777 4523 Ἐξέλιπον
792 4443 821 4508 οἱ
836 4445 925 4530 ῦμνοι
1014 4447 1210 4528 Defecerant
1224 4444 1337 4528 Ιιμιιιιιι·
1352 4445 1539 4529 Dneidfilie'
1553 4449 1653 4513 Iesse.

173 4546 268 4613 Δαυέδ
284 4557 340 4614 τοῦ
355 4547 423 4614 υἱοῦ
438 4545 567 4617 Ἰεσσαί.
1723 4549 1725 4555 ’

218 4649 336 4716 Ἰστέον
359 4651 406 4716 ότι
427 4651 458 4716 οἱ
473 4651 597 4734 ἀπειροι
618 4659 677 4737 τῆς
698 4649 861 4736 ἀκριόεέας
882 4654 924 4718 τὰ
1012 4652 1359 4718 Animadvertendum
1376 4671 1432 4719 eos
1449 4657 1507 4737 qui
1531 4657 1720 4735 diligentie

209 4825 259 4880 Pe.
272 4841 356 4886 υκαι.
369 4825 465 4883 Votio.
479 4826 521 4896 12,
535 4825 578 4881 14.
597 4825 715 4882 Etenim
727 4830 827 4882 exntnt
846 4827 925 4883 olun-
969 4832 1018 4882 tur
1025 4824 1141 4882 nononis
1150 4825 1289 4898 imponito
1295 4825 1371 4882 libro
1382 4842 1405 4884 11
1412 4827 1546 4900 psalterii
1555 4827 1634 4901 qnod
1642 4829 1720 4902 opud

173 4912 239 4968 euin
250 4911 356 4984 peulmi
367 4912 446 4986 opud
457 4917 573 4970 veteres
585 4912 761 4986 interpretes
778 4912 925 4985 Aquilam,
969 4913 1111 4971 Hebraeos
1126 4912 1300 4985 quintuplex
1313 4919 1384 4970 οεοῦ.
1402 4915 1504 4986 Neque
1517 4914 1598 4972 uliud
1615 4915 1720 4988 opinor

174 4999 388 5074 Symmnohum,
400 4999 640 5070 Theodotionem,
651 4999 741 5072 Syros
753 5005 784 5056 et
797 5016 869 5072 uxx,
878 4999 926 5072 ju·
969 5015 1122 5073 superenne
1135 4997 1333 5070 fragmentum
1352 5015 1389 5055 ex
1400 4998 1517 5058 biblioie
1533 4999 1562 5056 S.
1577 4999 1720 5074 Martyris

172 5091 226 5143 xtn
234 5087 372 5143 hebreico
380 5105 447 5160 ηοω
457 5092 571 5144 nonunt:
582 5087 780 5144 Oomummotoe
787 5094 852 5144 ειιιιι
860 5103 924 5143 ora-
969 5084 1195 5152 oommentoriie‚
1208 5101 1302 5157 neque
1311 5083 1348 5140 ob
1358 5084 1512 5159 alioqunm
1519 5085 1647 5144 Eusebio
1657 5087 1720 5144 haeo

174 5173 391 5230 evenenandis
403 5175 454 5246 fita·
467 5172 534 5229 Ιεαί.
547 5171 585 5228 of.
597 5171 690 5228 Field.
709 5187 740 5229 ιι.
753 5171 814 5228 312.
836 5171 924 5230 Vide·
969 5189 1063 5245 panon
1073 5171 1158 5228 nobie
1170 5170 1263 5226 suisne
1276 5171 1393 5228 “editu
