3966 6108
671 476 714 540 m
737 476 917 538 onumen
941 477 1210 542 onnmoonun
1271 461 1273 466 ’
1646 485 1706 546 531

168 613 288 682 κάτυδ
308 611 580 700 ἐπαγγελλόμενος
597 611 730 697 Κύριος·
753 612 805 678 διὰ
821 622 914 678 τοῦτο
958 617 1712 700 maulia,exspectabaturannuntiatusDomi·

167 721 223 784 καί
234 719 345 785 πολλοί
357 717 571 806 ἀπήγγελλον,
584 718 638 782 καί
651 716 693 794 ὡς
703 716 914 802 ἠλθεν,έπαύ-
958 737 1032 782 nus.
1049 720 1126 784 Ideo
1138 723 1239 785 multi
1254 721 1349 786 tuere
1361 742 1540 806 praecones,
1557 731 1591 789 et
1602 745 1707 808 quan·

167 843 263 889 σαντο
274 824 303 887 oi
314 823 574 909 προφητεύοντες,
583 823 638 886 καί
649 823 717 886 ἔστι
727 831 829 886 ταῦτα
839 821 915 888 πάν
957 823 999 886 do
1014 824 1161 905 advenit,
1177 844 1197 888 a
1212 827 1388 909 prophetia
1403 834 1588 910 cessarunt,
1604 835 1706 913 atque

165 929 351 1015 redonata
365 929 483 1014 ᾅδοντα
505 929 575 1012 περί
590 934 647 992 τού
667 923 839 1012 ἐρχομένου
856 946 915 990 συ)-
957 929 1039 991 talia
1056 927 1196 993 inerunt
1213 932 1327 995 omnia
1342 934 1485 1012 oantioa,
1502 951 1578 1015 quae
1594 935 1634 998 de
1651 937 1710 998 ad-

164 1039 270 1116 τηρος.
957 1032 1114 1096 veniente
1126 1033 1298 1096 salvatore
1310 1039 1447 1099 canunt.

210 1135 256 1200 Τὸ
272 1135 307 1199 δέ
321 1134 409 1220 ᾆσμα
420 1141 482 1199 τῶν
499 1131 648 1220 ᾀσμάτων
663 1133 723 1218 οίνχ
739 1131 780 1210 ὡς
792 1153 915 1218 προφη-
1001 1135 1090 1198 Ιίίυιί
1106 1152 1187 1198 vero
1209 1138 1386 1200 Canticum
1409 1140 1622 1203 cantieorum
1638 1158 1707 1204 non

165 1236 256 1304 τεύόν
271 1237 364 1323 ἐστιν,
381 1237 447 1303 οὐδ’
459 1237 501 1316 ὡς
516 1246 742 1322 προσημαίνον,
754 1236 826 1301 ἀλλ’
836 1238 870 1302 δν
886 1237 915 1302 οί
956 1243 1009 1302 est
1018 1239 1202 1320 prophetia,
1212 1257 1321 1322 neque
1329 1242 1435 1306 veluti
1448 1244 1612 1323 pravium
1622 1262 1706 1325 prae·

166 1342 259 1408 ἄλλοι
269 1341 544 1428 προαπηγγελλον,
554 1352 664 1407 τοῦτον
676 1341 717 1418 ὡς
729 1343 792 1428 ηδη
809 1339 915 1406 έλθόν-
956 1342 1703 1427 nonium:sedquemoaeteripraenuntiabant,

165 1468 207 1512 τα
230 1445 368 1513 δείκνυσι
389 1449 444 1511 καί
465 1447 529 1532 ηδη
552 1443 691 1512 λαύόντα
717 1447 776 1530 την
798 1445 913 1530 σάρκα,
956 1445 1112 1509 eumdem
1127 1446 1190 1508 hoo
1211 1448 1319 1510 veluti
1330 1446 1402 1527 jam
1418 1450 1632 1514 accedentem
1649 1449 1704 1514 da·

164 1549 292 1630 δικαίως
308 1547 336 1637 ⁵)
359 1551 410 1617 ἐπὶ
433 1550 565 1636 συζυγίᾳ
582 1548 758 1636 τοῦλόγου
780 1551 914 1636 κοίτης
955 1553 1136 1629 monstrat3
1160 1554 1194 1613 et
1213 1567 1320 1631 quum
1338 1551 1410 1630 iam
1431 1570 1568 1616 earnem
1592 1571 1704 1616 susee-

164 1658 282 1742 σαρκός
298 1655 510 1750 ἐπιθαλάμιον
525 1655 603 1741 ᾄδει.
957 1653 1054 1734 perit,
1066 1653 1159 1733 juste
1176 1656 1213 1718 in
1236 1655 1397 1736 conjugio
1411 1658 1514 1721 Verbi
1536 1663 1571 1722 et
1591 1661 1706 1724 oannis

956 1757 1110 1838 nuptiale
1125 1775 1262 1822 carmen
1278 1761 1381 1823 canit.
1401 1819 1404 1834 ,

209 1864 276 1931 Καί
291 1863 323 1930 αἱ
340 1865 398 1952 μέν
420 1864 516 1930 ἄλλοι
536 1865 657 1950 γραφαὶ
678 1861 828 1948 λέγουσαι
842 1863 913 1946 περὶ
1000 1861 1137 1923 catere
1151 1866 1266 1924 autem
1281 1862 1474 1943 Scriptura,
1491 1879 1567 1944 quae
1579 1863 1620 1928 de
1636 1864 1706 1930 Sal·

166 1979 222 2034 τού
237 1978 388 2054 συτηρος,
403 1967 519 2055 μεταξύ
542 1969 597 2032 καί
618 1968 689 2051 περὶ
704 1966 810 2031 ἄλλων
824 1985 914 2030 τινων
956 1967 1108 2027 vatorem
1142 1964 1309 2046 effantur,
1344 1965 1520 2047 interjecta
1553 1968 1594 2032 de
1627 1970 1705 2034 aliis

166 2071 431 2159 ἀπαγγέλλουσιν.
448 2071 493 2137 Τό
516 2072 551 2136 δέ
566 2068 684 2156 βιδλίον
707 2078 799 2133 τούτο
815 2067 913 2155 μόνην
954 2071 1130 2134 nonnullis
1145 2071 1310 2134 inserunt.
1328 2074 1391 2136 Hie
1406 2089 1487 2137 vero
1502 2073 1639 2138 libellus
1655 2091 1707 2138 so·

165 2179 224 2262 την
238 2175 411 2264 τοῦλόγου
427 2173 578 2260 συζυγίαν
590 2174 668 2257 πρὸς
681 2174 717 2236 τὸ
729 2181 821 2258 σῶμα
832 2170 911 2256 ᾄδει.
956 2173 1024 2236 lam
1039 2174 1233 2237 Verbinum
1249 2190 1386 2255 corpore
1399 2177 1593 2240 societatem
1605 2179 1707 2242 canit.

164 2279 230 2345 Καί
246 2279 349 2365 οἱμὲν
364 2279 600 2363 ἄλλαιγραφαὶ,
614 2273 846 2361 διόιτόιμεταξύ
861 2294 913 2338 τε·
955 2275 1069 2339 Etiam
1099 2282 1222 2340 oaetera
1242 2278 1378 2359 aoripta,
1401 2284 1524 2360 prater
1546 2281 1707 2362 adiuncta

165 2383 312 2470 λούμενα,
329 2385 387 2449 ιίοί
402 2385 457 2449 καί
468 2383 566 2468 δργης
578 2383 633 2446 καί
644 2381 748 2467 θυμοῦ
760 2378 915 2464 λόγοικοιί
956 2395 1032 2459 quae
1047 2380 1269 2462 complentur,
1285 2381 1344 2444 irae
1359 2388 1441 2447 sunt
1456 2387 1489 2446 et
1503 2383 1626 2448 furoris
1642 2386 1709 2449 elo-

163 2487 268 2572 φόύυν
283 2485 419 2573 ἀπειλή·
441 2489 477 2552 τό
493 2487 528 2552 δέ
545 2483 663 2572 βιύλίον
682 2491 786 2564 τούτο,
802 2482 911 2568 ἐπειδὴ
956 2484 1038 2564 quia
1059 2487 1094 2547 et
1119 2484 1340 2548 formidinum
1358 2487 1585 2550 comminatio.
1608 2491 1653 2552 At
1678 2489 1708 2553 is

162 2591 256 2657 οὐδέν
277 2591 386 2676 ἕτερον
407 2593 429 2678 ῆ
453 2591 512 2677 τὴν
537 2587 713 2674 παρουσίαν
736 2587 834 2674 μόνην
857 2595 914 2652 τού
955 2587 1102 2667 libellus,
1124 2591 1350 2670 praeterquam
1369 2590 1459 2671 quod
1477 2591 1527 2654 nil
1546 2591 1641 2655 aliud
1656 2593 1706 2657 in-

162 2693 269 2782 Λύγου
291 2692 447 2782 σημαίνει,
462 2692 641 2780 δυμηδείας
661 2694 717 2758 καί
733 2701 837 2780 χαρᾶς
858 2691 914 2757 καί
955 2691 1065 2755 tendit
1087 2709 1190 2774 quam
1207 2693 1310 2757 Verbi
1332 2696 1556 2784 praeentiam,
1577 2695 1708 2760 dumta-

161 2799 355 2886 εὐφροσύνης
373 2798 485 2886 μόνους
500 2800 567 2886 ἔχει
582 2797 705 2885 λόγους.
956 2800 1016 2859 xat
1032 2795 1136 2861 habet
1146 2796 1286 2862 refertos
1299 2800 1474 2880 voluptate
1485 2801 1592 2864 animi
1601 2806 1635 2866 et
1647 2803 1705 2866 lae-

955 2901 1033 2964 titia
1048 2905 1083 2964 et
1096 2901 1247 2983 tripudio
1262 2919 1443 2967 sermones.

204 3004 350 3093 Νυμφίου
363 3004 517 3091 παρόντος
525 2999 564 3090 ⁰),
576 3004 696 3082 πόιντας
708 3003 829 3092 χαίρειν
836 3027 911 3091 προ·
1001 3007 1180 3087 «Sponsus
1196 3006 1255 3070 ubi
1273 3006 1378 3087 adest,
1395 3024 1511 3072 omnes
1526 3009 1635 3073 laetari
1650 3011 1705 3074 de·

163 3109 255 3196 σηκει
266 3114 322 3176 καί
331 3109 452 3195 μηδένα
463 3109 596 3192 πενθεῖν,
605 3109 647 3186 ὡς
660 3111 753 3188 αύτδς
765 3109 783 3175 δ
796 3109 911 3196 Κύριος
955 3112 1055 3172 σείου
1067 3111 1187 3188 lugere
1198 3111 1398 3192 neminem»
1413 3103 1502 3177 siout
1514 3115 1584 3197 ipse
1593 3114 1705 3178 Domi-

164 3217 283 3300 είρηκε.
297 3214 399 3292 Amor
414 3215 475 3300 γόιρ
491 3213 609 3298 παρὼν,
626 3215 682 3291 τὰς
698 3212 860 3290 ἀσθενείας
874 3210 912 3296 ἡ·
954 3215 1365 3296 nusaeseruit.1psoenim
1378 3217 1562 3283 adveniens
1574 3224 1705 3284 nostras

165 3329 230 3406 μῶν
253 3318 438 3402 έόύστασεν,
454 3319 509 3383 καί
522 3319 579 3395 τὰς
601 3317 701 3395 λύπας
720 3315 911 3402 ἐπέστρεψεν
953 3317 1035 3380 ίυίίί
1046 3315 1484 3398 infirmitates‚aotrietitiae
1494 3323 1663 3386 convertit
1672 3324 1708 3386 in

163 3425 207 3501 είς
222 3424 337 3511 χαράν.
354 3418 477 3507 ΙὨσπερ
492 3424 547 3488 ούν
564 3423 643 3508 μετὰ
657 3422 716 3508 τὴν
731 3420 912 3508 οἰκονομίαν
953 3421 1129 3498 gaudium.
1146 3423 1436 3496 Quemadmodum
1448 3425 1557 3503 igitur
1567 3431 1643 3508 post
1653 3426 1703 3491 di-

165 3537 222 3592 τού
248 3536 391 3613 σωτῆρος
414 3525 518 3592 ούκέτι
542 3524 709 3611 προφήτην
731 3525 911 3610 προσδοκῶ-
951 3526 1704 3610 sponsationemSalvatoris,nullatenuspro·

159 3653 225 3719 μεν,
241 3635 323 3696 ούτιυ
339 3634 419 3717 μετὰ
434 3633 474 3696 τὰ
489 3633 522 3697 έν
537 3639 582 3717 τῷ
597 3632 715 3716 ᾄσματι
725 3639 786 3696 τῶν
803 3629 909 3716 ᾀσμίι-
951 3629 1089 3709 phetam
1104 3635 1349 3709 exspectamus,
1367 3631 1414 3693 ita
1428 3635 1504 3712 post
1520 3648 1559 3694 ea
1574 3649 1651 3714 quae
1667 3635 1702 3696 in

158 3757 220 3801 τυν
243 3734 468 3823 σημαινόμενα,
484 3738 543 3802 οὐκ
558 3737 642 3801 ἔστιν
658 3734 739 3801 όλλο
754 3756 784 3799 τι
802 3734 907 3801 καινδ-
951 3732 1089 3795 Cantioo
1109 3733 1319 3796 cantieorum
1335 3733 1583 3815 describuntur,
1608 3739 1704 3800 nulia

158 3861 249 3925 τερον
271 3839 440 3926 μελετᾱνῆ
463 3841 645 3925 προσδοκᾶν
665 3838 905 3926 σημαινόμενον.
952 3841 1004 3899 eet
1017 3838 1182 3900 recentior
1198 3837 1630 3903 novitasadmeditandum
1642 3847 1704 3905 aut

159 3945 224 4010 Καὶ
239 3947 301 4032 γὰρ
317 3948 359 4011 τὰ
369 3947 403 4012 έν
416 3954 458 4029 τῷ
470 3947 586 4031 ᾄσματι
598 3943 824 4031 σημαινόμενα,
836 3953 910 4008 ταύ-
951 3941 1213 4023 prestolandum
1242 3960 1411 4024 expressa.
1439 3945 1521 4018 Qua
1550 3946 1702 4010 enimin

157 4071 199 4115 τοι
213 4053 268 4116 καί
283 4051 317 4116 ίν
331 4059 396 4128 τοῖς
412 4047 588 4135 προφήταις
604 4050 659 4113 καί
671 4048 704 4112 έν
716 4056 784 4124 ταῖς
797 4047 909 4126 ἄλλοις
952 4044 1089 4107 cantico
1112 4049 1355 4125 proponuntur,
1372 4045 1490 4112 eadem
1505 4065 1641 4131 quoque
1666 4051 1704 4113 in

156 4163 293 4240 γραφαῖς
307 4157 346 4221 έκ
360 4153 572 4240 διαστήματος
597 4152 755 4239 λεγόμενα
769 4149 911 4236 εὐρίσκε-
950 4149 1123 4231 prophetis
1134 4153 1279 4232 aliisque
1288 4153 1469 4234 scripturis
1479 4155 1703 4220 inveniuntur

156 4281 218 4325 ται.
235 4257 337 4325 Πάλιν
359 4281 404 4342 τε,
420 4259 525 4344 ὥσπερ
541 4258 719 4334 δεικνύντος
734 4265 789 4320 τού
803 4254 909 4320 Ἰιυάν-
951 4271 1030 4318 oum
1046 4256 1207 4336 temporis
1230 4256 1410 4321 intervallo
1425 4255 1594 4338 proediota.
1619 4263 1703 4324 Rur-

157 4383 211 4428 νου
227 4364 281 4427 τδν
296 4361 404 4447 ἀμνόν,
420 4361 479 4440 έυς
494 4361 675 4427 Ἰιούννουδ
695 4358 789 4445 νόμος
809 4358 909 4424 καλοί
951 4378 1026 4440 eus,
1055 4361 1194 4443 perinde
1220 4379 1259 4425 ao
1284 4364 1416 4426 Joanne
1439 4368 1647 4427 monstrante
1670 4383 1704 4428 a·

157 4475 318 4552 προφηται
331 4463 455 4551 είσίνί),
469 4467 550 4530 ούτιυ
562 4467 604 4530 τότ
615 4465 649 4530 έν
660 4473 704 4550 τῷ
719 4465 836 4549 ᾄσματι
848 4472 909 4529 τῶν
951 4481 1070 4545 gnum,
1096 4482 1235 4546 «usque
1257 4466 1299 4529 ad
1317 4469 1483 4530 Joannem
1500 4469 1556 4531 lex
1571 4474 1607 4532 et
1627 4487 1703 4551 pro-

160 4569 310 4657 ᾀσμάτιιν
331 4571 557 4656 σημαινόμινα,
580 4567 672 4645 τέλος
695 4568 763 4633 ἐστι
785 4566 909 4632 πάντων
952 4570 1181 4651 phetaeaunt,»
1196 4571 1244 4634 ita
1255 4573 1332 4635 etin
1345 4573 1482 4636 cantion
1493 4574 1703 4638 cantieorum

160 4681 221 4739 τῶν
234 4672 317 4758 ἔντη
328 4671 404 4757 δείφι
413 4682 521 4758 γραφη
533 4669 780 4758 σημαινομένων.
798 4668 837 4734 Τί
845 4669 908 4754 γὰρ
952 4674 1090 4736 oracula
1103 4672 1182 4737 finis
1197 4678 1279 4738 aunt
1290 4676 1443 4739 omnium
1456 4675 1579 4740 divina
1594 4678 1704 4758 Sonip-

157 4775 237 4843 όλλο
255 4779 334 4864 μετὰ
353 4777 407 4843 τόν
430 4785 560 4862 σωτῆρα
575 4774 752 4861 προςδοκᾱν
771 4773 856 4860 δοίη
873 4771 909 4838 ἀ·
953 4783 1039 4842 turae
1057 4779 1281 4842 oraculorum.
1306 4778 1393 4856 Quid
1408 4780 1499 4842 enim
1523 4781 1615 4844 ultra
1628 4785 1705 4864 post

190 5121 219 5194 5)
232 5125 324 5192 δικαίῳ
336 5124 491 5192 ίπιουζυγίφ
503 5120 546 5177 aio
558 5118 623 5176 ood.
953 5119 1538 5195 κύριοςιίρηιιο,αύτοδγίιρπιιρόντος,φαοό
1544 5119 1707 5180 Koureour

191 5207 220 5282 6)
232 5207 340 5268 Μοίίίι.
352 5221 396 5281 1¹,
410 5209 452 5266 15.
464 5207 523 5266 Hie
539 5207 617 5267 male
628 5205 692 5290 nod
704 5205 877 5282 interpolat:
892 5210 908 5263 ό
988 5208 1017 5280 7)
1030 5207 1138 5265 Mattio
1151 5224 1193 5278 ιιι,
1208 5205 1250 5262 13.
