4008 6094
312 403 333 466 4
976 404 1185 469 ORIGENES

356 540 558 630 Πνευματικὴ
582 542 617 608 δὲ
640 542 783 629 εὐθηνία,
807 544 882 608 ὅταν
905 543 923 606 ὸ
946 540 1060 626 σπόρος
1149 543 1341 623 spiritualis
1383 547 1497 606 autem
1540 543 1753 610 abundantia
1795 551 1856 626 est,

310 655 366 710 τοῦ
380 644 488 731 Ἰησοῦ
514 646 800 724 ἑκατονταπλάσιος
826 644 959 733 γίνηται,
984 646 1060 730 ἐνῇ
1105 647 1239 729 quando
1262 665 1376 712 semen
1395 648 1520 714 Christi
1535 653 1802 734 centuplicatur:
1819 654 1855 716 in

310 771 356 828 τις
373 749 474 836 μένων
497 750 638 837 βεδαίως,
662 761 762 816 ταῦτα
777 750 815 816 δι’
830 753 930 836 ἔργων
955 748 1059 835 φησίν.
1104 768 1172 832 qua
1184 751 1393 816 abundantia
1403 754 1432 816 si
1444 754 1521 834 quis
1533 755 1666 820 stabilis
1677 759 1851 836 manserit,

309 853 458 941 Στιχθεὶη
473 854 577 920 δὲκαὶ
594 858 637 933 εἰς
652 853 687 920 τὸ
702 877 710 893 ·
725 854 819 921 Eleo.
845 855 883 920 Tr
904 854 940 918 δὲ
965 855 1059 937 εἶπας
1103 855 1174 917 haec
1185 855 1221 917 in
1237 856 1395 936 operibus
1410 855 1566 920 ostendit.
1583 861 1690 922 Porro
1709 866 1856 942 ponatur

311 959 359 1022 δτι
370 959 398 1023 εἰ
409 958 443 1024 ἐν
458 960 586 1044 τοιαύτη
601 959 726 1044 γίνομαι
741 957 878 1043 εὐθηνίρι,
895 960 931 1024 οὐ
948 959 991 1043 μὴ
1003 979 1059 1022 σα-
1104 958 1331 1039 interpunctio
1347 958 1389 1022 ad
1404 959 1467 1022 hoc
1482 961 1625 1025 verbum
1653 963 1745 1027 Dici.
1769 965 1857 1040 Quid

310 1059 420 1127 λευθῦ.
433 1059 520 1151 ιΟδὲ
532 1062 704 1150 Σύμμαχος
719 1065 828 1140 οὕτως·
839 1061 979 1147 Ἠρημίρ
990 1081 1059 1146 μου,
1102 1067 1217 1125 autem
1232 1063 1337 1126 Dici?
1352 1065 1445 1139 Quod
1460 1065 1490 1129 si
1505 1067 1540 1130 in
1557 1069 1617 1131 tali
1641 1068 1854 1134 abundantia

309 1167 414 1250 φησὶν,
429 1168 466 1231 τὸ
479 1166 618 1252 γαληνὸν
644 1169 698 1232 καὶ
719 1166 880 1252 ἀτάραχον
903 1165 1060 1251 ἐμραάνων
1102 1184 1189 1245 sum,
1205 1183 1272 1230 non
1284 1168 1443 1231 movebor
1455 1187 1616 1250 usquam.
1630 1173 1855 1254 Symmachus

313 1278 371 1354 της
387 1270 621 1348 καταστάσεως.
1103 1287 1182 1333 vero
1205 1271 1328 1336 aitzIa
1341 1271 1514 1338 solitudine
1528 1291 1612 1354 meo,
1631 1279 1853 1358 tranquillam

1106 1378 1141 1437 et
1157 1391 1311 1438 serenam
1333 1375 1536 1453 significans
1557 1395 1672 1442 rerum
1692 1382 1857 1446 constitu·

1106 1478 1243 1540 tionem.

354 1600 387 1645 ν.
404 1582 434 1646 8.
456 1579 563 1666 Κύριε,
587 1582 620 1649 ἐν
642 1589 686 1667 τῷ
708 1579 868 1667 θελήματι
883 1600 939 1644 σου
965 1577 1060 1664 παρέ·
1147 1598 1180 1644 ν.
1203 1583 1234 1644 8.
1258 1582 1402 1662 Pontiae,
1427 1581 1466 1646 ιἰι
1478 1583 1648 1650 volontate
1662 1589 1719 1652 toa
1726 1587 1857 1669 practi-

313 1705 394 1770 σχου
420 1693 464 1772 τῷ
489 1685 602 1752 κάλλει
618 1707 677 1772 μου
699 1685 836 1770 δύναμιν,
854 1682 1060 1768 άπέστρεψας
1104 1684 1177 1749 θεῖτ’
1190 1684 1296 1750 decori
1309 1703 1375 1750 meo
1389 1686 1552 1751 virtutem.
1568 1689 1734 1754 Acarna·
1750 1695 1857 1755 oolam

309 1787 345 1853 δὲ
360 1790 396 1853 τὸ
411 1789 577 1874 πρὸσωπὸν
589 1812 657 1873 σου,
670 1791 724 1860 καὶ
739 1785 893 1875 ἐγενήθην
907 1808 1060 1873 τεταραχ-
1094 1787 1221 1870 sociem
1243 1793 1342 1868 tuom,
1369 1793 1401 1854 et
1412 1788 1529 1871 sortus
1551 1809 1624 1857 som
1640 1794 1855 1860 ιοιιίιινὸιιίκν.

312 1890 414 1978 μένος.

354 1993 542 2080 Ὠριγένους,
552 1993 729 2060 Βασιλείου.
742 1993 837 2060 Κατὸι
848 1997 905 2081 μὲν
916 1997 971 2060 οὖν
982 2016 1058 2081 συμ-
1148 1997 1320 2076 Omonrus,
1334 1999 1470 2062 annu.
1488 2000 1526 2061 Iu
1539 2001 1660 2081 aequali
1673 2001 1810 2082 quidem
1822 2007 1858 2067 et

314 2097 441 2185 μετρίαν
454 2101 508 2164 καὶ
519 2098 670 2185 ἁρμονίαν
678 2107 803 2183 τῦντης
816 2100 921 2184 ψυχῆς
935 2098 1059 2184 θεωρη-
1103 2099 1299 2163 harmonica
1311 2119 1471 2166 mensura
1485 2120 1524 2166 oo
1533 2106 1858 2186 ntemplationuma·

312 2203 429 2289 μάτων,
446 2205 520 2286 ἔνιοι
535 2212 596 2268 τῶν
612 2207 717 2288 σορῦν
729 2204 764 2266 τὸ
779 2202 897 2278 κάλλος
914 2201 1060 2287 ἐνόησαν·
1102 2203 1204 2265 nimae
1219 2206 1375 2269 nonnulli
1388 2208 1556 2288 sapientes
1572 2207 1755 2288 pulchrum
1768 2211 1857 2276 ines-

308 2307 394 2372 κατὸ
409 2307 444 2372 δὲ
459 2310 494 2372 τὸ
519 2305 761 2371 ἀποτελεστικὸν
783 2315 844 2372 τῶν
868 2303 1060 2390 θπερδαλλο-
1103 2324 1139 2370 se
1162 2307 1420 2390 intellexerunt3
1452 2311 1517 2374 alii
1544 2328 1624 2373 vero
1650 2313 1858 2378 inefficacia

309 2409 411 2497 μένων
435 2411 474 2476 ἐκ
495 2410 699 2495 θεωρητικῶν
725 2410 861 2494 άρετῦν,
883 2411 943 2504 τὴν
967 2410 1058 2495 ἰσχὺν
1101 2411 1278 2491 virtutum,
1302 2429 1378 2492 quae
1400 2431 1442 2475 ex
1460 2417 1734 2495 contemplativis
1748 2435 1852 2499 praee·

309 2514 489 2601 νενοήκασι.
501 2513 593 2600 Πλὴν
608 2515 660 2578 ἵνα
675 2515 730 2578 καὶ
745 2513 863 2590 κάλλος
878 2511 1060 2598 ἐπιγένηται
1103 2516 1244 2595 minent,
1260 2515 1363 2579 robur
1386 2534 1458 2580 esse
1482 2519 1778 2584 existimaverunt.
1792 2524 1856 2585 Ve-

310 2628 350 2704 τῇ
367 2619 465 2704 ψυχῇ,
480 2619 537 2684 καὶ
551 2618 678 2705 δύναμις
693 2627 754 2683 τῶν
769 2617 901 2684 δεόντων
923 2605 1060 2684 ἐπιτελε-
1102 2623 1294 2681 rumtamen
1319 2623 1357 2683 ut
1380 2625 1413 2683 et
1429 2619 1529 2684 decor
1551 2623 1680 2686 animae
1701 2623 1856 2704 addatur,

312 2725 417 2810 στικὴ,
432 2723 523 2801 θείας
535 2725 579 2801 εἰς
590 2731 682 2788 τοῦτο
693 2722 822 2808 χάριτος
836 2722 1058 2809 χρῄζομεν-
1103 2725 1137 2784 et
1158 2721 1247 2786 adsit
1269 2723 1322 2785 vis
1344 2741 1420 2803 quae
1443 2723 1597 2805 perficiat
1631 2744 1671 2790 ea
1700 2744 1776 2808 quar
1799 2727 1855 2792 de·

314 2821 531 2913 Ἀποστρέφει
551 2828 636 2892 δὲτὸ
655 2827 822 2912 πρόσωπον
838 2828 855 2892 ὸ
870 2825 960 2912 Θεὸς,
977 2828 1058 2893 ἐκδι-
1102 2829 1189 2902 cent,
1207 2826 1304 2890 nobis
1327 2826 1448 2890 adhoc
1467 2828 1582 2892 divina
1602 2847 1688 2912 opus
1706 2836 1757 2896 est
1774 2849 1852 2910 gra·

309 2930 383 3008 δοὺς
404 2935 607 3018 πειρασμοὺς,
631 2929 681 2996 ἐπὶ
702 2935 739 2997 τὸ
753 2932 930 3018 γνωσθῆναι
951 2935 1010 3018 τὴν
1025 2933 1059 2998 ἐν
1100 2929 1158 2992 tia.
1174 2963 1212 2972 -
1225 2931 1358 2992 Avertit
1372 2935 1487 2994 autem
1503 2933 1594 2997 Deus
1605 2934 1726 2998 faciem
1738 2955 1848 3018 Silam,

309 3037 415 3112 αὐτοῖς
437 3035 605 3121 καρτερίαν
618 3056 627 3072 ·
640 3035 706 3101 Ιθπὸ
721 3036 756 3100 δὲ
770 3044 828 3121 της
842 3037 1059 3122 ὑπερεχούσης
1104 3031 1242 3112 quando
1265 3033 1371 3097 mittit
1393 3036 1606 3116 tentationes,
1626 3043 1665 3100 ut
1687 3039 1722 3102 in
1739 3041 1787 3104 eis
1802 3044 1851 3104 to-

308 3139 413 3204 πάντα
435 3148 507 3203 νοῦν
530 3137 656 3224 εἰρήνης
672 3140 905 3226 φρουρούμενοι,
926 3151 1058 3227 νικῶμεν
1101 3137 1247 3199 lerantia
1268 3143 1483 3214 agnoscatur.
1507 3141 1571 3204 Sed
1589 3145 1789 3208 communiti
1811 3145 1848 3207 in

308 3245 367 3327 τὴν
378 3245 522 3329 ταραχὴν
533 3245 588 3307 καὶ
600 3243 753 3330 σύγχυσιν
764 3253 825 3309 τῶν
836 3245 953 3310 παθῶν.
969 3245 1059 3311 Ἐπεὶ
1103 3258 1185 3323 pace
1197 3258 1273 3322 quae
1285 3247 1466 3323 exsuperat
1477 3261 1610 3308 omnem
1622 3264 1770 3326 sensum,
1778 3248 1851 3310 vin·

310 3349 365 3411 οῦν
389 3346 567 3430 ἀντίκειται,
591 3355 634 3432 τῷ
651 3349 706 3432 μὲν
729 3345 888 3432 θελήματι
903 3358 958 3413 τοῦ
974 3348 1058 3415 Θεοῦ
1101 3346 1211 3408 cimus
1233 3348 1421 3409 tumultum
1444 3352 1479 3410 et
1502 3348 1620 3412 turbas
1642 3350 1848 3430 passionum.

307 3449 543 3536 ἡάποστρορὴ,
566 3459 609 3536 τῷ
630 3449 665 3514 δὲ
679 3449 792 3515 κάλλει
806 3453 860 3514 καὶ
875 3461 913 3536 τῇ
930 3451 1059 3538 δυνάμει
1102 3451 1213 3525 Quum
1240 3450 1350 3528 igitur
1375 3452 1436 3514 Dei
1463 3453 1632 3515 voluntati
1659 3459 1849 3536 opponatur

308 3553 330 3638 ἡ
356 3555 504 3639 ταραχὴ,
536 3555 585 3638 εἴη
609 3554 650 3618 ὸν
671 3553 693 3638 ἡ
717 3557 843 3640 ταραχὴ
871 3556 982 3642 αἶσχος
1004 3558 1059 3621 καὶ
1101 3555 1241 3632 aversio
1264 3554 1511 3634 pulchritudini
1534 3561 1648 3620 autem
1665 3562 1699 3620 et
1713 3558 1847 3622 fortitu-

308 3657 454 3724 άσθὲνεια
470 3660 576 3745 ψυχῆς
591 3657 628 3723 ἐκ
643 3666 700 3743 τῆς
715 3659 777 3722 άπὸ
789 3658 873 3725 Θεοῦ
888 3658 1056 3744 άλλοτριὼ-
1101 3659 1172 3722 dini
1187 3659 1406 3739 perturbatio,
1420 3662 1535 3738 utpote
1547 3678 1625 3722 cum
1637 3662 1846 3740 perturbatio

308 3783 397 3846 σεως,
414 3763 463 3828 δεῖ
476 3765 530 3828 οὸν
552 3763 677 3848 ἕτοιμον
699 3763 787 3846 εἶναι,
808 3764 862 3827 καὶ
878 3765 921 3848 μὴ
937 3777 1056 3846 ταραχ-
1100 3765 1145 3827 sit
1172 3764 1282 3843 turpis
1313 3764 1415 3825 etiam
1444 3763 1627 3827 infirmitas
1654 3767 1776 3829 nnimae
1805 3786 1847 3831 ex

307 3867 428 3951 θῆναι·
449 3866 570 3950 εἴρηται
591 3865 671 3951 γάρ·
687 3860 907 3951 Ἑτοιμάσθην,
928 3867 984 3930 καὶ
997 3866 1056 3930 οὐκ
1099 3868 1274 3931 aversione
1281 3868 1352 3946 Dei,
1366 3871 1496 3946 oportet
1503 3873 1751 3948 ergoparatum
1763 3887 1848 3951 asse,

310 3969 501 4056 ἐταράχθην.
1099 3977 1133 4035 et
1154 3987 1331 4051 nunquam
1353 3970 1495 4033 turbari.
1517 3971 1656 4033 Dictum
1680 3976 1731 4035 est
1745 3975 1846 4038 enim:

1099 4097 1119 4135 ιι
1132 4077 1274 4138 Paratus
1287 4091 1375 4152 sum,
1392 4090 1502 4153 neque
1521 4073 1572 4136 fui
1588 4075 1845 4140 conturbatus.»

350 4200 382 4245 v.
403 4183 453 4246 10.
476 4178 530 4257 Τίς
545 4177 682 4263 ὠφέλεια
698 4177 790 4263 ἐντῷ
815 4175 1005 4263 αι’ροιτῑμου,
1021 4174 1057 4240 ἐν
1142 4196 1175 4241 ν.
1194 4181 1244 4242 10.
1265 4179 1338 4254 Quo
1362 4177 1494 4242 utilitas
1518 4177 1556 4240 ιἰι
1587 4180 1745 4260 sarmatae
1769 4197 1847 4262 κιοο,

307 4293 352 4370 τῷ
366 4281 546 4369 καταβηναί
560 4303 598 4370 με
614 4283 657 4359 εἰς
671 4281 842 4368 διαφθοράν
854 4305 863 4367 ;
1100 4281 1176 4346 ιίιιικ
1191 4280 1339 4347 dcccmo
1361 4281 1397 4345 ιἰι
1412 4282 1671 4362 emptorem?

341 4460 369 4498 v.
387 4441 414 4497 8.
431 4441 506 4496 Ibid.
524 4440 678 4496 Monemnr
695 4439 752 4495 huc
769 4455 941 4494 connumera
965 4435 1060 4505 simul,
1105 4435 1199 4492 Robur
1216 4451 1283 4490 vero
1300 4433 1448 4490 secundum
1463 4438 1654 4506 praestantiam
1671 4436 1851 4506 nth'aclorum

308 4527 355 4583 uti
368 4545 454 4601 saepe,
468 4528 626 4600 Origenem
638 4533 668 4583 et
679 4527 834 4596 Basilium;
847 4525 931 4597 cujus
944 4524 1062 4596 quidem
1105 4523 1140 4578 de
1161 4521 1308 4578 υἰνιυιίὸεα
1331 4537 1393 4592 pua
1417 4523 1448 4576 in
1471 4523 1694 4592 σοπιοιπρὶαιίοπε
1718 4524 1849 4580 esistunt.

308 4619 408 4670 exstat
419 4614 450 4668 in
462 4613 539 4669 huna
552 4613 696 4686 psalmum
715 4609 948 4679 commentarius,
968 4607 1061 4664 maxi·
1104 4609 1232 4666 Macrini
1250 4613 1361 4664 autem:
1381 4608 1414 4664 lt
1430 4623 1496 4664 vero
1514 4623 1550 4662 es
1568 4610 1598 4663 vi
1611 4607 1738 4678 efficiente
1755 4626 1850 4666 eorum

305 4719 352 4756 me
364 4719 402 4757 ax
411 4700 542 4756 (larderii
551 4706 655 4756 catena
664 4697 742 4771 apud
751 4697 809 4752 BB.
820 4702 964 4770 receptus,
975 4695 1055 4752 haud
1097 4716 1157 4774 ηκοι
1179 4715 1199 4753 α
1222 4696 1371 4753 virtutibus
1395 4694 1618 4768 spealaatcibtoe
1640 4702 1845 4767 proponuntur,

306 4789 369 4844 sine
388 4787 481 4842 multa
497 4787 653 4844 verbormn
674 4789 704 4840 at
725 4801 824 4839 rerum
844 4783 875 4838 in
893 4783 949 4839 hoo
966 4799 1055 4840 versu
1099 4790 1182 4845 robur
1202 4785 1343 4840 commenti
1361 4788 1432 4838 ruat.
1451 4781 1527 4838 Vide
1545 4787 1686 4851 quantum
1703 4781 1781 4838 desit
1798 4783 1848 4839 val

306 4873 492 4930 obscuritate.
504 4872 666 4944 Caiiginam
675 4869 815 4927 (tordaria
824 4877 855 4927 et
864 4871 922 4926 BB.
930 4869 1055 4940 induxit,
1099 4872 1177 4946 apud
1186 4868 1324 4926 classicos
1333 4869 1457 4923 Petrum
1467 4866 1759 4924 editoreslnfinecf.
1769 4869 1847 4942 Phil,

306 4979 344 5016 ne
357 4959 415 5015 alia
427 4959 598 5028 notaverim,
616 4958 756 5014 mendosa
767 4956 869 5013 lectio:
887 4961 960 5011 κατὰ
978 4961 1006 5012 ct
1024 4959 1056 5010 τὸ
1101 4957 1242 5028 1v‚7.Ps.
1257 4954 1420 5023 cxr111,60.

306 5049 511 5101 ἀποτελεστικὸν
526 5051 579 5100 των
597 5048 818 5112 ῦποδαλλομὸνων
837 5047 870 5097 ἐκ
887 5050 939 5098 τῶν
960 5048 1056 5110 θεωρη-
1135 5062 1162 5100 v.
1184 5043 1224 5098 10.
1244 5040 1310 5096 Vat.
1331 5041 1372 5095 10.
1391 5040 1460 5096 Jam
1478 5039 1566 5096 oditis
1584 5039 1615 5095 in
1636 5041 1664 5096 b
1686 5059 1714 5099 ν.
1737 5047 1767 5098 at
1784 5041 1849 5099 hac

304 5139 384 5188 ταῶν
394 5137 494 5201 ιἰρετῦν
504 5135 551 5200 την
562 5134 634 5198 ισχῦν
646 5135 809 5200 νενοηκασιν.
821 5131 880 5188 Ubi
890 5130 1055 5187 Gordarius
1102 5131 1176 5187 adda
1195 5129 1314 5202 egregia
1327 5128 1510 5201 superiorum
1520 5126 1658 5187 coctana
