3966 6108
282 433 346 498 tio
674 491 677 496 .
952 441 1163 508 ORIGENES

282 595 360 661 105·
374 574 552 659 Ὗπαδείξόν
572 601 633 666 μοι,
645 577 754 666 Κύριε,
766 579 980 663 existumet,
992 580 1035 659 ὡς
1074 581 1112 647 de
1125 579 1218 660 miii,
1244 579 1401 657 Domine,¹
1418 597 1459 644 sc
1471 579 1502 642 si
1525 578 1621 642 nulio
1636 579 1702 642 aiio
1727 577 1826 642 modo

282 679 326 764 μη
343 678 447 758 ἄλλος
469 681 646 768 δυναμένης
667 683 846 770 γνιυσθηναι
867 692 925 769 της
948 681 1032 767 ὁδοῦ,
1075 690 1179 768 queat
1193 687 1249 748 vie
1264 685 1434 764 cognosci,
1446 685 1513 747 nisi
1526 685 1598 765 ipse
1611 682 1779 746 Dominus
1790 683 1828 746 ii-

282 781 311 846 εί
325 783 369 868 μη
387 785 481 863 αυτὸς
500 785 649 914 δΚδρας
674 785 793 916 purior]
809 791 882 866 τοὺς
903 796 962 873 της
977 789 1034 874 ψυ-
1075 789 1298 854 luminoverit
1311 789 1434 852 enimse
1450 789 1574 852 oculos.

281 887 663 1081 χηῗξξῗὲιιλιιοτιδςατριψον
683 998 757 1076 τοὺς
776 995 958 1082 ὀφθαλμούς
973 1016 1033 1081 μου
1118 1016 1150 1060 v.
1167 999 1219 1062 37.
1234 995 1351 1062 Averso
1361 995 1468 1060 melos
1477 1011 1562 1058 meos
1573 1011 1613 1058 κα
1628 990 1762 1058 videant
1774 1007 1829 1056 oa·

280 1103 338 1262 {23
353 1096 402 1264 μη
413 1096 488 1164 ίδείν
504 1098 711 1185 ματαιότητα,
725 1099 760 1165 ἐν
776 1109 815 1186 τη
831 1098 893 1186 ὁδῷ
904 1121 961 1166 σου
977 1099 1033 1184 §ii-
1072 1102 1218 1182 ιιίίαίτοι,
1237 1101 1275 1166 ic
1287 1102 1344 1166 οἱα
1359 1104 1417 1165 tuo
1430 1099 1560 1182 cioq‘flco
1573 1114 1633 1162 τινα.

324 1220 487 1370 Eiectos.
496 1302 535 1371 Οί
546 1305 580 1370 έν
592 1305 780 1392 ματαιότητι
788 1308 921 1383 τοῠνσδς
929 1303 1032 1372 atros
1118 1307 1269 1372 Eusssn.
1293 1308 1357 1384 Qui
1373 1308 1409 1371 in
1432 1306 1557 1370 mentis
1579 1324 1650 1370 sure
1675 1307 1829 1370 venitote

282 1403 507 1493 intercepisti,
519 1417 559 1496 τῇ
571 1407 694 1496 διανοίᾳ
700 1407 813 1496 ὁρῶσιν
826 1409 1031 1496 ματαιότητα.
1073 1413 1244 1477 obscurati
1260 1417 1351 1491 sunt,
1370 1411 1579 1490 cogitatione
1596 1407 1715 1472 vident
1730 1410 1831 1472 veni-

325 1633 358 1679 v.
375 1617 427 1680 43.
443 1614 510 1682 Καί
524 1618 567 1703 μη
590 1615 738 1703 περιέλῃς
752 1573 863 1683 ἐκτοῠ
877 1616 1032 1702 στόματὸς
1073 1521 1218 1683 stiffi&
1234 1621 1279 1685 Et
1292 1636 1332 1684 ια
1345 1618 1483 1702 etseras
1497 1616 1536 1682 de
1550 1631 1684 1681 cremet
1697 1615 1830 1681 certem

283 1739 343 1816 μου
357 1717 454 1808 λόγον
469 1717 620 1805 ἀληθείας
631 1722 691 1798 έιυς
703 1719 835 1806 σφόδρα,
847 1721 1031 1798 δτιέπίτοίς
1071 1723 1223 1788 cecitate
1243 1737 1479 1806 usquequaque,
1505 1721 1584 1804 quia
1597 1719 1741 1802 jndicio
1759 1721 1829 1787 tce

280 1819 411 1909 αρίμασί
424 1845 481 1889 σου
496 1822 669 1909 ἐπήλπισα.
1071 1825 1307 1909 οκρονορακαοί.

325 1922 507 2014 Ὡριγένους
518 1931 574 1994 καί
585 1926 749 1995 scaettae.
761 1925 1030 2014 Ἀφαιρεῐταιγίιρ
1117 1932 1278 1994 Omenrus
1293 1933 1328 1993 et
1341 1928 1491 1994 susten.
1506 1929 1597 1993 Deus
1609 1929 1701 1992 euim
1711 1927 1828 1991 suiert

282 2029 377 2116 λέγυς
389 2030 427 2095 ἐκ
437 2041 493 2097 τοῦ
505 2031 718 2116 διδάσκοντος,
731 2033 810 2098 ἐπὰν
822 2030 949 2111 ἀνάξιον
960 2030 1031 2096 ico-
1071 2049 1261 2098 sermonem
1283 2033 1475 2113 edocente,
1499 2033 1559 2096 ubi
1580 2050 1617 2097 se
1639 2031 1826 2112 indignum

282 2136 337 2199 τὸν
358 2133 477 2220 ποιήσῃ
493 2145 549 2200 τοῦ
571 2135 677 2223 λόγου,
693 2134 901 2223 διὸλέγεται·
922 2135 977 2223 Μὴ
993 2135 1032 2200 ἀ·
1071 2149 1225 2201 sermone
1241 2137 1374 2217 fecerit3
1391 2137 1466 2200 ideo
1484 2136 1695 2201 dictumest:
1718 2136 1826 2200 «Noli

281 2237 370 2325 μέλει
383 2249 440 2305 τοῦ
454 2239 489 2304 ἐν
505 2241 555 2304 σοί
575 2239 781 2327 χαρίσματος.
796 2239 930 2327 Ἀμελεί
942 2241 978 2306 δὲ
993 2241 1030 2305 οὐ
1071 2243 1250 2321 negligere
1266 2259 1342 2323 quae
1365 2243 1401 2305 in
1423 2247 1458 2304 te
1476 2246 1529 2305 est
1549 2241 1709 2320 grstiem
1720 2260 1740 2300 ιν
1764 2241 1827 2303 Nc-
1941 2329 1943 2338 Ι

281 2343 375 2430 μόνον
401 2342 421 2409 δ
448 2343 491 2429 μὴ
524 2343 666 2424 αίιξάνοιν
692 2347 770 2411 αὐτὸ
792 2345 844 2410 διὰ
864 2343 1030 2431 γεωργίας,
1071 2349 1178 2428 gligit
1189 2351 1304 2411 sutem
1317 2364 1402 2427 eem,
1414 2363 1482 2410 non
1493 2347 1603 2410 solum
1616 2346 1676 2427 qui
1689 2345 1827 2408 cultura
1942 2361 1943 2366 ¹

283 2448 437 2515 ἀλλὰκαὶ
459 2452 477 2515 t
497 2452 541 2536 μη
566 2447 640 2536 βιῶν
661 2449 734 2515 κατ’
745 2450 831 2514 etti.
855 2447 938 2515 Ἀπὸ
960 2447 1031 2514 cri·
1071 2469 1139 2514 non
1159 2457 1265 2531 suget
1280 2453 1386 2532 illem,
1401 2451 1461 2516 sed
1476 2451 1537 2534 qui
1555 2449 1656 2531 juxte
1668 2467 1745 2514 eum
1757 2465 1826 2512 non
1942 2489 1943 2504 ι

281 2577 379 2643 ματος
394 2555 439 2638 δὲ,
463 2555 534 2620 ἀλλ’
545 2555 605 2621 οὐκ
619 2553 682 2620 ἀπὸ
692 2553 824 2639 καρδίας
840 2553 1029 2640 ἀφαιρεῖται,
1070 2558 1167 2621 vivit.
1183 2556 1231 2622 Ab
1245 2558 1308 2638 ore,
1324 2573 1392 2620 non
1408 2574 1428 2619 s
1444 2557 1543 2620 eorde
1565 2555 1686 2635 aufert,
1702 2558 1745 2617 ut
1759 2553 1824 2616 ior-

278 2660 322 2739 ὡς
334 2661 373 2728 ἂν
381 2661 529 2748 ἀφορμὴν
541 2661 602 2748 ἔχη
614 2669 671 2746 της
679 2658 714 2739 ἒξ
724 2655 879 2745 ἁμαρτίας
889 2658 1031 2742 ἐπιστρο-
1069 2666 1104 2726 ts
1119 2664 1329 2726 occasionem
1341 2659 1825 2742 hobestopcccetorevcrteu·

279 2773 354 2852 ρης.
371 2765 424 2852 Τῷ
439 2767 501 2852 γὰρ
519 2754 701 2851 ἁμαρτωλοί
712 2763 797 2829 εἶπεν
812 2763 830 2826 δ
845 2761 944 2840 Θεὸς·
959 2757 1030 2827 Ἴνα
1070 2767 1116 2831 di.
1140 2767 1341 2831 «Peccatori
1357 2767 1449 2829 enim
1471 2765 1562 2829 Deus
1584 2763 1687 2827 dixit:
1702 2763 1824 2844 ,Quare

281 2869 312 2934 τί
324 2873 365 2934 σὺ
388 2866 522 2955 έκδιηγῇ
538 2869 591 2953 [τα
607 2867 803 2954 δικαιώματά
819 2867 902 2954 μου],
918 2867 974 2932 καί
995 2867 1031 2932 ἀ·
1070 2876 1109 2938 tu
1125 2887 1268 2934 enarres
1278 2869 1436 2951 iustitias
1447 2887 1549 2950 mens,
1565 2873 1600 2933 et
1613 2868 1764 2932 assumis
1779 2873 1826 2930 te·

280 2971 493 3060 ναλαμδάνεις
507 2974 567 3058 τὴν
589 2971 745 3058 διαθήκην
767 2991 826 3059 μου
848 2971 901 3037 διὰ
914 2970 1030 3057 στόμα
1069 2977 1276 3038 stomentum
1298 2991 1413 3038 meum
1429 2975 1465 3037 in
1480 2990 1537 3036 ore
1551 2973 1664 3036 tuot»
1687 2973 1765 3034 Non
1777 2969 1825 3034 di-

279 3075 333 3156 τός
347 3097 422 3160 ooo,
438 3077 517 3163 οὐχ·
539 3075 611 3140 Ἰνα
625 3073 657 3142 τί
677 3079 717 3141 σὺ
732 3085 856 3162 φρονεῖς
869 3077 912 3140 τὰ
929 3075 1028 3140 δικαι-
1069 3079 1138 3141 xit:
1153 3093 1259 3160 quere
1270 3081 1309 3141 tu
1320 3079 1452 3156 cogites
1463 3075 1617 3156 Justitiss
1630 3077 1750 3140 mess?
1760 3072 1824 3138 scd

277 3180 390 3268 ὠματά
413 3201 490 3267 μου,
518 3179 559 3246 Ἣ
580 3179 742 3247 ἐπίπλεον
764 3181 800 3246 ts
819 3176 960 3267 ἁμαρτία
972 3180 1029 3244 καί
1070 3183 1211 3259 gravius
1222 3199 1375 3246 crescens
1386 3186 1562 3262 peccatum
1574 3181 1677 3244 etism
1691 3178 1824 3244 ccorde

276 3285 339 3351 ἀπὸ
361 3283 495 3370 καρδίας
508 3284 649 3370 περιελεί
667 3283 780 3371 λόγον·
803 3284 849 3349 διὸ
876 3278 1027 3369 περὶτῶν
1069 3287 1205 3367 penitus
1217 3285 1335 3348 avellit
1345 3284 1504 3349 verbum:
1521 3301 1626 3365 quere
1640 3283 1682 3348 de
1698 3283 1823 3364 impro-

277 3389 405 3476 φαύλων
417 3389 540 3474 εἴρηται
552 3388 607 3454 τί·
622 3387 902 3474 Ἀποτττὺρλωσεν
914 3389 1027 3466 αὐτοὺς
1068 3388 1122 3452 bis
1137 3388 1266 3452 dictum
1282 3391 1349 3452 est:
1368 3389 1594 3452 «Excoecevit
1611 3405 1669 3452 eos
1684 3389 1822 3450 illorum

277 3491 416 3577 ἡκακία
435 3492 548 3560 αὐτῶν.
565 3491 611 3561 Τὸ
626 3493 678 3559 δέ·
701 3495 760 3572 ἕως
774 3493 907 3580 σφόδρα,
924 3494 1026 3560 eicco
1068 3493 1237 3556 melitio.»
1261 3493 1332 3555 Hoc
1346 3507 1426 3556 vero
1441 3507 1678 3576 usquequaque,
1693 3495 1765 3554 est:
1780 3505 1821 3552 ne

278 3596 449 3684 ἀναρέλης,
475 3599 519 3684 μη
542 3597 704 3677 παντελῶς
724 3597 882 3684 περιέλῃς.
904 3591 951 3664 Ἤ
976 3599 1027 3664 lc·
1068 3595 1822 3678 omuinoavellas,etiamsiebstuieris.Velest

274 3721 339 3767 τιν·
354 3701 389 3767 ἒν
404 3711 469 3780 τοῖς
483 3699 614 3788 κρίμασί
628 3723 684 3768 σου
699 3703 757 3779 τὰς
779 3701 909 3781 ἐλπίδας
931 3704 1025 3789 ἔχων,
1068 3703 1170 3767 illud:
1187 3704 1223 3766 in
1241 3701 1381 3784 judiciis
1396 3703 1465 3766 tuis
1487 3719 1564 3784 spes
1586 3717 1724 3783 ponens,
1747 3697 1820 3779 spei

275 3803 477 3891 προσετίθουν
500 3806 550 3872 ἀτί
570 3815 610 3892 τη
633 3805 734 3872 ἐλπίδι
748 3815 788 3892 τη
812 3809 871 3883 ἕως
893 3806 1025 3892 σφόδρα,
1068 3805 1278 3887 superadjeci
1293 3823 1425 3888 semper
1445 3819 1681 3887 usquequaque,
1706 3801 1751 3866 sd
1766 3817 1819 3865 me

273 3909 477 3998 ἐγγινομένου
493 3932 546 3998 μοι
559 3911 655 3997 λόγου
676 3919 734 3996 της
749 3908 908 3996 ἀληθείας,
924 3908 1025 3977 αίτίου
1067 3910 1171 3975 verbo
1196 3911 1350 3975 veritatis
1375 3910 1565 3990 secedente,
1589 3909 1678 3993 quod
1700 3911 1819 3972 auctor

273 4014 443 4102 γενομένου
457 4026 514 4082 τοῦ
529 4016 666 4096 ἐλπίζειν
681 4024 745 4093 τοῖς
760 4013 898 4102 κρίμασι.
1069 4020 1121 4080 est
1134 4015 1293 4097 sperandi
1308 4015 1345 4077 in
1355 4013 1506 4093 judiciis.

323 4141 355 4186 v.
372 4124 426 4204 49,
441 4124 493 4186 50.
510 4119 676 4206 liticines
697 4129 759 4186 τῶν
781 4116 885 4206 λέγων
901 4141 958 4185 σου
979 4129 1024 4206 τῷ
1111 4137 1143 4182 v.
1155 4121 1208 4200 49,
1223 4119 1276 4182 50.
1288 4119 1413 4184 Memor
1427 4122 1493 4184 esto
1506 4117 1673 4184 otrbmm
1687 4120 1817 4182 tumn

305 4421 333 4461 v.
346 4403 391 4459 87.
404 4402 499 4461 Vetic.
512 4403 555 4459 14.
1067 4399 1121 4456 sub
1139 4398 1242 4456 eodem
1265 4400 1383 4457 nomine
1400 4397 1559 4456 Athonesii
1583 4397 1696 4455 editum
1712 4397 1744 4454 in
1762 4397 1816 4453 Ps-

306 4507 335 4548 κ.
353 4489 397 4546 49.
415 4488 511 4546 Vstic.
529 4489 555 4558 5,
573 4488 679 4546 1401.
702 4490 727 4546 1.
749 4487 824 4546 Tim.
847 4505 888 4561 xv,
908 4491 950 4546 14.
972 4490 1022 4547 Ps.
1066 4487 1135 4542 trol.
1146 4501 1234 4548 xxvn
1243 4487 1298 4542 col.
1306 4487 1369 4543 487.
1383 4485 1455 4556 Quos
1467 4485 1585 4560 quidem
1593 4485 1714 4558 ferrsgo
1724 4485 1815 4541 Athe-

273 4589 356 4645 κιαι,
370 4575 412 4631 16.
425 4573 494 4648 Sep.
507 4590 540 4644 τι,
558 4575 602 4631 91.
615 4573 798 4632 Inemoenum
814 4593 874 4632 non
886 4577 927 4633 sit
943 4593 1024 4634 reoc-
1066 4573 1201 4644 nesiene,
1214 4573 1304 4631 etism
1315 4579 1385 4648 post
1395 4590 1535 4647 megum
1546 4570 1815 4639 Monteiolconium‚

271 4662 332 4718 lere
345 4659 454 4717 similis
471 4660 549 4734 opud
567 4660 719 4733 Originum
736 4679 826 4735 snpra
842 4679 871 4735 p.
887 4664 949 4732 209,
961 4663 1023 4733 210,
1065 4658 1193 4716 cribrum
1206 4665 1368 4733 exspectet.

272 4747 378 4819 quibus
389 4745 577 4820 perspicuum
594 4747 629 4802 iit
641 4764 699 4820 que
716 4747 1021 4820 erte,qns1ivciicen·
1100 4763 1129 4803 v.
1140 4745 1185 4815 49,
1202 4744 1353 4801 συνοικία.
1372 4745 1397 4816 6,
1416 4743 1467 4818 qui
1484 4744 1565 4801 solus
1580 4745 1673 4802 hebet
1688 4745 1813 4801 Anests·

270 4835 315 4890 tis
325 4831 417 4891 verbe
434 4834 571 4906 magistri
589 4831 750 4907 discipulus
762 4835 916 4908 occeperit,
934 4851 1022 4892 euxe-
1065 4830 1142 4887 sium
1153 4830 1202 4886 hic
1218 4829 1447 4903 memorandum,
1467 4831 1578 4904 opinor,
1591 4830 1710 4888 etiamsi
1727 4829 1812 4886 new

271 4919 319 4992 rit,
337 4919 556 4994 perstrinxerit.
573 4919 658 4976 Idem
675 4919 769 4978 Veiic.
789 4921 824 4977 14
840 4921 969 4978 Eusebio
990 4941 1020 4979 c.-
1064 4917 1127 4973 rius
1138 4916 1306 4973 consulum
1320 4917 1412 4975 breve
1423 4917 1551 4973 nominis
1568 4917 1772 4992 compendium
1784 4931 1813 4970 o·

269 5005 372 5062 scribit
382 5011 446 5062 tum
457 5006 547 5064 breve
560 5005 704 5062 scholium
720 5005 753 5063 in
765 5025 793 5065 v.
805 5007 842 5064 44
859 5007 936 5081 quod
948 5008 1021 5080 legi·
1064 5001 1187 5076 miserit,
1204 5001 1258 5060 sed
1274 5002 1436 5063 adduxerit
1456 5001 1625 5059 Eusebium.
1645 5003 1727 5060 Idem
1744 5017 1813 5058 sene

270 5097 320 5145 tur
342 5089 421 5162 opud
442 5091 595 5164 vulgatum
614 5091 809 5149 Athanasium
830 5093 863 5150 in
882 5095 1021 5168 psalmos,
1064 5089 1104 5147 ed
1115 5087 1580 5164 sequentiemimedrcrteudum,
1592 5088 1652 5147 nisi
1668 5088 1735 5162 quic
1746 5103 1812 5144 euo-

272 5193 321 5233 nm
333 5175 415 5233 eliud
432 5193 501 5236 vere
520 5179 672 5250 egregium
691 5178 729 5234 ed
741 5197 769 5236 v.
790 5180 833 5251 46,
849 5179 911 5251 jem
931 5183 1022 5250 ῥητῶς
1065 5194 1171 5251 nymus
1184 5175 1224 5232 sit
1235 5175 1429 5233 Antiochense
1441 5175 1557 5234 schole.
