4020 6098
299 416 363 480 eos
823 381 825 384 ’
959 419 1168 482 carcanus

299 553 418 641 Ἰωσὴφ
433 559 469 620 τὸ
494 555 600 641 λόγιον
618 553 736 640 Κυρίου
756 555 924 640 ἔπύρωσεν,
941 558 1000 622 οὐκ
1012 558 1051 643 ἡ·
1094 580 1217 626 carnea
1240 563 1466 644 concupiscat.
1501 562 1642 626 Interim
1665 563 1782 626 statim
1806 568 1845 626 ut

301 656 420 744 δυνίρθη
445 659 539 725 αὐτὸν
565 658 582 724 ἔ
605 659 741 746 πονηρὸς
764 658 815 724 us
838 668 877 745 τῇ
899 657 1049 746 δεσποίνῃ
1094 665 1280 748 Josephum
1292 683 1429 748 quoque
1440 667 1576 731 Domini
1588 667 1762 748 eloquium
1771 685 1845 729 suc·

301 771 454 849 πυρῶσαι.
1093 770 1266 849 censisset,
1282 767 1409 834 frustra
1423 770 1489 834 fuit
1505 771 1684 848 malignus
1696 785 1775 832 eum
1790 768 1845 832 ad·

887 927 893 946 ,
1093 872 1216 936 ducere
1232 879 1271 936 ut
1285 873 1457 936 dominam
1473 873 1615 937 arderet.

344 991 377 1037 v.
400 974 454 1038 20.
477 970 662 1039 Ἀπέστειλε
685 973 835 1060 βασιλεὺς
856 976 911 1040 καί
937 973 1049 1044 ἔλυσεν
1093 980 1097 988 ’
1137 995 1169 1041 v.
1185 979 1238 1042 20.
1253 978 1351 1043 Misit
1371 994 1439 1057 rec,
1466 981 1499 1041 ct
1518 977 1617 1041 solvit
1637 993 1732 1055 αντη
1747 976 1843 1057 pritt-

304 1078 411 1160 αὐτον,
428 1077 535 1162 ἅρχων
550 1078 636 1146 λαῶν
651 1080 706 1143 καί
720 1078 844 1164 ἀφῆκεν
859 1077 986 1144 αὐτόν...
1093 1098 1165 1164 σερε
1172 1083 1298 1162 populi,
1317 1086 1349 1146 σί
1363 1081 1491 1146 dimisit
1505 1097 1586 1152 cum.

346 1180 416 1247 Οὔκ
424 1181 716 1269 ἄλλοςὀβασιλεὺς,
726 1184 780 1247 καί
792 1182 1049 1269 ἄλλοςθᾶρχων·
1138 1189 1211 1250 Non
1235 1188 1324 1251 alius
1347 1190 1398 1250 est
1420 1203 1490 1266 rex,
1506 1203 1616 1267 neque
1638 1187 1727 1249 alius
1748 1186 1840 1266 prin·

192 1335 194 1342 ι
302 1283 594 1352 ἀλλ’ἀναδιπλθσει
615 1295 733 1372 χρῆται
750 1296 895 1373 γραρικῷ
917 1285 990 1370 ἔθει,
1007 1285 1049 1364 ὡς
1093 1309 1182 1373 ceps,
1197 1291 1256 1356 sed
1278 1293 1510 1370 geminatione
1533 1292 1705 1374 reciproca
1722 1293 1840 1372 utitur,

300 1388 352 1455 τό·
368 1388 571 1476 πορευόμενοι
586 1390 792 1475 ἐπορεύοντο·
807 1393 861 1457 τὸν
876 1389 998 1475 Φαραὼ
1013 1390 1049 1454 δέ
1093 1413 1187 1459 more
1210 1397 1405 1478 Scriptura,
1429 1394 1531 1476 juxta
1553 1396 1654 1460 illud:
1685 1417 1702 1456 «
1714 1397 1843 1460 Euntes

176 1517 179 1524 ¹
301 1493 387 1581 λέγει
409 1495 460 1560 ἐπί
482 1497 541 1581 τὴν
562 1503 624 1560 τῶν
639 1494 807 1580 ὀνειράτων
829 1492 973 1579 ἀπορίαν,
996 1494 1050 1560 ὅτε
1093 1499 1198 1562 ibant.
1211 1519 1229 1559 »
1247 1501 1418 1579 intelligit
1433 1505 1548 1563 autern
1563 1499 1784 1578 Pharaonem,
1800 1500 1842 1564 oh

296 1602 359 1666 Ικαί
372 1598 490 1683 λύεται,
513 1601 568 1664 καί
598 1599 784 1665 καθίσταται
806 1599 824 1664 ὁ
846 1599 969 1685 κύριος·
991 1600 1050 1684 τὴν
1093 1603 1301 1667 somniorum
1312 1603 1584 1683 ambiguitatem,
1597 1603 1732 1684 quando
1744 1603 1843 1666 nimi-

302 1705 338 1770 δέ
353 1704 416 1768 ἀπὸ
431 1705 489 1789 τὴς
511 1701 691 1790 οἰκονομίας
707 1705 805 1770 αὐτοῦ
823 1705 945 1781 δεικνὺς
968 1701 1049 1789 θρέ-
1093 1723 1171 1768 rum
1185 1707 1311 1788 Joseph
1326 1709 1471 1771 solvitur
1492 1713 1526 1770 et
1548 1707 1704 1772 dominus
1720 1707 1842 1771 consti·

300 1807 398 1890 λείαν,
414 1805 545 1893 ἔπάγει·
1093 1810 1212 1873 tuitur.
1229 1813 1394 1874 Craterum
1410 1810 1672 1892 dispensationis
1687 1809 1789 1891 hujus
1805 1829 1843 1874 u·
1982 1796 1987 1805 '

1093 1914 1252 1978 tilitatem
1268 1913 1457 1994 ostendens,
1472 1914 1603 1978 subdit:
1622 1971 1625 1976 .

347 2039 379 2084 v.
396 2020 450 2084 22.
467 2018 533 2085 Τοῦ
547 2017 715 2083 παιδεῦσαι
735 2020 808 2096 τοὺς
823 2019 982 2105 ἄρχοντας
996 2017 1051 2083 αθ-
1137 2037 1169 2083 u.
1186 2020 1239 2083 22.
1261 2021 1302 2085 Ut
1314 2019 1460 2084 madiret
1472 2020 1652 2100 pampas,
1670 2017 1757 2084 reu
1782 2017 1843 2081 aci·

303 2132 360 2189 τοῦ
376 2120 419 2200 ίις
434 2121 555 2205 ἑαυτὸν,
566 2123 622 2186 καί
632 2124 705 2199 τοὺς
715 2119 943 2208 πρεσθυτέρους
955 2124 1051 2188 αὐτοῦ
1086 2141 1197 2206 psum,
1215 2126 1247 2188 et
1259 2125 1400 2189 εοκίσνσε
1411 2125 1482 2204 οράε
1490 2121 1699 2204 mnam
1711 2119 1841 2186 doceret.

304 2224 443 2314 συρίσαι.
1138 2233 1222 2294 Cum
1245 2229 1336 2292 eninr
1359 2227 1401 2290 ob
1424 2226 1633 2290 somniorum
1655 2225 1841 2288 solutiones

347 2328 522 2415 Ἐπίσημος
536 2331 598 2415 γὰρ
614 2329 666 2395 διὰ
681 2337 739 2416 τῆς
752 2325 892 2397 ἐπίλυσιν
903 2339 964 2397 τῶν
975 2331 1052 2397 ἔνει-
1095 2333 1243 2412 insignis
1266 2333 1302 2395 in
1323 2333 1499 2395 intellectu
1522 2330 1627 2409 fieret,
1651 2328 1842 2392 instruebat

302 2433 405 2518 ράτιον
427 2432 594 2521 γενόμενος
623 2434 667 2510 εἰς
690 2433 821 2517 σύνεσιν,
843 2432 1051 2520 έπαιδοτρίθει
1096 2438 1223 2518 eosqui
1239 2437 1351 2517 ipsum
1363 2435 1517 2498 aenrulari
1533 2432 1646 2497 eonati
1660 2435 1751 2496 sunt.
1768 2433 1840 2510 Illa,

302 2541 376 2618 τοὺς
390 2537 641 2625 έγχειρισθέντας
652 2547 707 2604 τοῦ
719 2538 862 2624 ζηλῶσαι
874 2537 980 2604 αθτόν·
996 2541 1070 2618 σθ,
1096 2543 1338 2623 περιτίθεσθαι
1359 2541 1427 2603 fuit
1448 2541 1625 2619 ingressus
1647 2539 1783 2602 Israelis
1806 2538 1842 2600 in

302 2665 353 2730 τη,
369 2646 487 2730 poche,
498 2644 520 2729 ἡ
533 2640 618 2708 αἰτία
628 2652 683 2709 τοῦ
695 2642 844 2710 είσελθείν
858 2640 991 2728 Ἰσραὴλ
1007 2643 1051 2721 τίς
1096 2649 1292 2728 AEgyptum.
1308 2643 1371 2709 Hic
1386 2662 1467 2708 vero
1490 2645 1593 2708 otiam
1611 2645 1720 2706 utitur
1739 2643 1847 2720 gemi-

302 2745 474 2834 Αίγυπτον,
496 2746 659 2814 κάνταῦθα
679 2747 715 2812 δέ
736 2745 947 2814 ἔναδιπλίισει
972 2755 1052 2833 χρῆ·
1098 2751 1245 2814 natione.

302 2872 365 2918 ται

345 2977 377 3022 ν.
393 2959 445 3024 23.
468 2955 534 3021 Καί
557 2955 700 3043 εἰσῆλθεν
719 2954 854 3042 Ἰσραὴλ
872 2955 917 3035 είς
932 2953 1051 3042 Alpon-
1140 2978 1171 3023 v.
1188 2961 1240 3023 23.
1256 2961 1301 3025 Et
1314 2959 1454 3022 intrauit
1474 2955 1583 3021 Israel
1602 2957 1639 3020 ίκ
1653 2956 1841 3036 AEpyptcm,

302 3081 368 3144 τον,
384 3063 441 3125 παί
454 3059 570 3127 ’raus
586 3061 777 3148 παρῴκησεν
791 3061 825 3126 ἔν
839 3070 881 3146 γῇ
896 3060 985 3147 Χίιμ.
1096 3065 1128 3128 et
1140 3063 1235 3128 Jacob
1249 3063 1356 3128 accolo
1362 3059 1439 3144 fuit
1451 3062 1490 3124 in
1504 3064 1593 3124 terro
1611 3057 1718 3126 Clam.

345 3164 424 3249 Χίιμ
445 3165 481 3230 δὲ
495 3167 553 3250 τὴν
574 3165 736 3251 Αἴγυπτον
757 3162 862 3250 λέγει·
885 3164 964 3251 Χίιρ
985 3167 1048 3252 γὰρ
1140 3166 1244 3229 σίτοιο
1267 3167 1358 3229 enim
1380 3167 1566 3246 AEgyptum
1588 3163 1744 3244 appellat,
1761 3161 1845 3240 quia

302 3265 937 3354 έγέννησετονΧαναίιν,ὁδέΜεστραίμ,
953 3270 987 3346 θς
1003 3269 1052 3354 ἔρ-
1096 3270 1201 3334 cham
1227 3271 1350 3348 genuit
1377 3270 1554 3354 chanaam
1585 3266 1641 3330 hic
1673 3282 1753 3330 vero
1780 3259 1847 3328 Me·

302 3373 471 3458 μηνειίεται
481 3372 651 3459 Αἴγυπτος·
662 3375 748 3452 εἰκὸς
759 3375 822 3460 γὰρ
832 3373 961 3440 πάππον
977 3375 1052 3439 ὄντα
1096 3375 1226 3454 straim,
1242 3391 1344 3454 quern
1361 3374 1627 3453 interpretantur
1645 3373 1843 3450 AEgyptum.

299 3487 356 3543 τοῦ
379 3474 543 3564 Μεστραίμ
565 3481 618 3545 τὸν
633 3479 720 3565 Χὰμ,
737 3479 771 3544 έν
788 3477 939 3564 Αἰγύπτῳ
962 3479 1049 3563 olet]-
1096 3479 1289 3541 Verisimile
1305 3477 1396 3540 enim
1413 3479 1465 3538 est
1480 3475 1654 3551 Ohamum,
1670 3488 1777 3552 quum
1794 3487 1845 3534 es-

299 3594 363 3666 σαι,
378 3591 434 3646 τοῦ
449 3583 585 3649 Χαναὰν
596 3584 629 3649 έν
641 3579 836 3667 Παλαιστίνῃ
849 3580 1048 3666 οἰκήσαντος.
1095 3586 1147 3646 set
1160 3600 1244 3646 avus
1259 3581 1441 3658 Mestraim,
1458 3579 1628 3642 habitasse
1644 3577 1679 3640 in
1696 3579 1843 3658 AEgypto

298 3683 525 3752 Κατελθόντων
541 3686 576 3751 δὲ
592 3689 650 3752 οὐκ
671 3686 827 3773 ἠμέλησε,
844 3687 950 3772 φησίν,
967 3685 1051 3750 ἔλλίι
1095 3703 1203 3766 quum
1228 3687 1388 3749 chanaan
1420 3683 1637 3746 Palestinam
1670 3681 1843 3744 incoleret.

299 3789 394 3856 κάκεί
409 3791 523 3869 αὐτοὺς
538 3790 669 3876 ηὔξησε,
684 3793 811 3877 καὶτῆς
827 3788 945 3868 οἰκείας
961 3789 1052 3854 εὐλο-
1098 3791 1173 3854 Huc
1195 3796 1311 3854 autem
1334 3787 1574 3853 descendentes
1600 3785 1769 3864 Hebraeos,
1795 3786 1848 3848 in-

299 3893 371 3980 γίας
388 3893 554 3981 μετέδωκε.
572 3932 613 3943 -
629 3893 671 3959 ut
690 3893 737 3972 τίς
756 3895 840 3959 ἔστιν
862 3892 905 3970 ὡς
927 3891 1051 3978 ἀληθής
1095 3895 1180 3976 quit,
1205 3895 1347 3958 minime
1369 3893 1535 3972 neglexit,
1562 3889 1621 3954 sed
1644 3891 1715 3953 illic
1741 3890 1846 3952 etiam

299 3996 425 4082 Ἰακίιθ,
452 3999 489 4063 σύ
514 4008 660 4064 κατοικεῖ
682 3998 717 4064 ἐν
743 4008 785 4084 γε]
816 3997 895 4084 Χίιμ
920 3997 1049 4080 ἐκεῖνος,
1094 3999 1184 4079 ipsos
1197 3999 1304 4077 auxit,
1317 4001 1351 4060 et
1361 3994 1756 4078 propriaebenedictionis
1767 4011 1843 4076 par-

302 4101 373 4167 ἀλλ’
384 4104 417 4170 έν
433 4103 513 4190 αὐτῇ
529 4103 682 4188 παροικεῖ.
1094 4104 1214 4186 ticipes
1230 4101 1349 4166 effecit.
1366 4103 1453 4165 -Si
1469 4102 1546 4182 quis
1562 4116 1642 4164 vere
1658 4103 1710 4162 est
1725 4098 1778 4162 uti
1789 4101 1847 4162 Ja-

1095 4207 1167 4287 cob,
1179 4225 1248 4271 non
1258 4206 1390 4270 habitat
1401 4207 1458 4269 ille
1471 4206 1506 4268 in
1518 4209 1644 4269 terram
1656 4204 1771 4283 Cham3
1784 4203 1845 4266 sed

777 4329 780 4343 ’
1095 4312 1132 4375 in
1149 4329 1189 4375 ea
1204 4310 1456 4393 peregrinatur.

345 4434 377 4480 v.
394 4418 447 4481 24.
461 4413 528 4481 Καί
549 4415 671 4501 ηὔξησε
692 4417 747 4481 τὸν
762 4415 841 4483 λαὸν
863 4417 961 4482 αὐτοῦ
976 4415 1051 4503 στρό-
1137 4433 1169 4479 v.
1192 4416 1245 4480 24.
1269 4415 1315 4479 ut
1338 4413 1433 4478 aurit
1453 4411 1612 4494 populum
1635 4427 1731 4475 suum
1757 4409 1848 4476 τεθο-

301 4519 371 4605 δρα,
394 4521 450 4584 καί
471 4519 685 4606 ἔκραταίωσεν
701 4521 796 4587 αὐτὸν
811 4522 890 4606 ὑπὲρ
909 4523 982 4599 τοὺς
998 4521 1051 4607 ἐχ·
1093 4522 1227 4598 menter,
1254 4521 1286 4583 et
1303 4517 1459 4601 strumii
1478 4533 1551 4582 mm
1576 4531 1675 4597 super
1698 4514 1848 4580 insanos

302 4624 394 4711 θροὺς
409 4625 516 4690 αὐτοῦ.
1094 4623 1175 4705 ejus.

344 4723 443 4796 Ὥστε
458 4727 562 4815 λέγειν
577 4731 631 4795 τὸν
645 4729 777 4814 Φαραί),
794 4730 899 4809 θςοίικ
914 4731 1050 4817 ἠδειτθν
1138 4726 1234 4791 Adeo
1258 4731 1297 4791 ut
1319 4724 1445 4790 dixerit
1474 4723 1626 4803 Pharao,
1647 4726 1764 4803 utpote
1787 4724 1847 4804 qui

300 4832 439 4920 Ἱωσίρ·
454 4833 521 4899 ἰδοὺ
544 4833 741 4919 πολυπληθεί
758 4845 812 4901 νῦν
830 4839 867 4901 τὸ
882 4834 980 4921 ἔθνος,
996 4839 1051 4902 καί
1094 4832 1281 4914 Josephum
1312 4846 1381 4894 non
1413 4832 1572 4892 noverat:
1609 4828 1726 4891 «Ecce
1752 4845 1846 4891 nunc

302 4937 405 5024 ἰσχύει
419 4938 497 5021 ὑπὲρ
513 4936 609 5024 ἡμᾶς,
625 4938 685 5002 οὐκ
706 4937 745 5004 ἂν
760 4937 796 5002 δέ
818 4936 1006 5023 αὐξηθέντες
1021 4940 1051 5004 t·
1094 4935 1323 5017 multiplicata
1339 4936 1395 5022 'est
1419 4934 1486 4997 ista
1509 4948 1606 5011 gens,
1630 4935 1664 4994 et
1685 4930 1847 5012 praevalet

336 5087 364 5126 v.
376 5069 421 5126 20.
434 5070 502 5126 Vct.
514 5070 540 5125 4.
557 5069 625 5126 Huc
642 5070 750 5128 iterum
761 5075 793 5129 et
811 5071 843 5129 in
854 5071 987 5146 proxime
1005 5089 1049 5130 se·
1129 5087 1158 5126 v.
1169 5067 1213 5123 23.
1225 5064 1293 5123 Vat.
1305 5066 1332 5120 4.

301 5153 423 5230 quantia
433 5155 538 5213 incidit
549 5155 734 5214 Heracleote.
896 5231 899 5238 Ι
1131 5174 1159 5216 v.
1172 5155 1215 5212 24.
1228 5155 1296 5213 Vat.
1308 5153 1334 5224 4,
1348 5152 1390 5208 16.
