4008 6094
300 437 341 496 64
967 434 1175 499 ORIGENES

296 579 373 660 κρὺς
387 575 439 640 διὰ
460 575 576 640 τούτων
599 575 658 660 ὀψε
681 595 758 640 ποτε
780 576 865 639 κατὰ
880 576 953 652 τοὺς
968 572 1042 658 χρθ
1086 570 1320 656 afferebantur,
1350 581 1389 641 ct
1416 593 1518 644 coms.
1543 577 1749 644 Theodotion
1772 599 1831 645 au-

297 700 369 758 νους
383 687 441 764 τής
462 688 518 744 τοῦ
536 687 677 764 σωτῆρος
691 677 782 765 ήμών
797 677 940 764 ἀφίξεως,
957 675 1041 763 δμοί-
1086 682 1172 740 tem:
1195 679 1385 760 Latrodmrt,
1411 686 1449 746 ut
1473 683 1573 747 conis.
1597 685 1691 760 Quod
1715 691 1830 767 aperte

298 805 340 862 ως
365 793 409 870 τῷ
426 781 498 848 τότε
520 783 637 864 Σαοὺλ,
653 787 707 849 τὸν
728 783 866 849 ἀναίτιον
888 781 1041 864 διώξαντι,
1087 783 1197 845 serius
1212 781 1272 847 fiet
1290 784 1470 866 quondam,
1493 787 1584 850 circa
1602 793 1754 870 tempore
1777 789 1832 853 ad-

297 885 465 973 μέλλονται
476 889 531 952 καὶ
542 889 655 966 αὐτοὺς
667 891 721 953 τὸν
733 887 869 972 Χριστὸν
884 886 1041 971 πολεμεῖν,
1087 888 1209 950 ventus
1226 885 1419 952 Salvatoris.
1433 891 1596 954 Similiter
1606 911 1646 956 ec
1658 894 1693 956 in
1705 898 1831 975 tempe·

296 992 393 1070 κύνας
408 990 588 1077 ὠνόμασεν·
603 991 671 1057 ἐπεὶ
681 992 736 1055 καὶ
746 991 798 1056 διὰ
809 1000 864 1055 τοῦ
879 987 1042 1075 προφήτου
1086 993 1173 1053 state
1189 983 1310 1071 Sutilis,
1327 993 1541 1057 innocentem
1557 996 1639 1058 olim
1651 999 1829 1077 persecuti,

295 1095 427 1162 Ἡσαΐου
442 1100 478 1162 τὸ
493 1097 570 1160 αὐτὸ
585 1096 675 1180 ἅγιον
687 1094 817 1180 Πνεῦμα
827 1095 898 1179 περὶ
912 1101 974 1159 τών
986 1094 1041 1157 αύ-
1088 1093 1138 1156 ita
1166 1111 1223 1157 eos
1254 1097 1434 1176 quierant
1460 1097 1631 1161 Christum
1658 1115 1833 1180 oppugna-

295 1209 357 1266 τών
371 1199 511 1279 ἐδίδαξε·
533 1198 655 1276 Πάντες
670 1198 761 1276 κύνες
776 1198 866 1280 ἐνεολ,
886 1198 945 1262 οὐκ
960 1195 1039 1262 etat·
1087 1199 1167 1277 turi,
1199 1215 1293 1264 cortes
1315 1201 1514 1281 appellavit:
1546 1204 1719 1282 eomagis
1743 1204 1833 1285 quod

294 1324 346 1382 τες
361 1304 516 1369 ὑλακτεῖν.
529 1302 594 1368 Καὶ
605 1303 639 1367 ἐν
650 1311 694 1388 τῷ
706 1300 758 1367 κα’
771 1302 887 1389 ψαλμῷ
902 1301 1040 1387 τὰπάθη
1089 1305 1234 1386 Spiritus
1245 1309 1382 1368 sanctus
1393 1321 1435 1367 ex
1446 1307 1785 1388 oreIsaiaeprophetae
1795 1307 1830 1372 id

295 1416 351 1474 τού
366 1415 506 1492 σωτήρος
521 1406 733 1492 διαγράφοντι,
753 1406 910 1491 μετὰτῶν
926 1405 1041 1486 ἄλλων,
1090 1409 1201 1488 ipsum
1220 1406 1351 1471 docuit:
1376 1430 1393 1469 κ
1406 1412 1529 1473 Omnes
1547 1411 1635 1473 muti
1650 1429 1760 1491 canes,
1774 1415 1834 1495 qui

296 1513 330 1594 ἐξ
344 1516 440 1579 αὐτού
454 1511 622 1597 προσώπου
636 1509 784 1577 λέλεκται
802 1521 857 1577 τοῦ
883 1520 1043 1597 σωτῆρος·
1090 1514 1215 1576 latrare
1231 1513 1427 1576 nesciunt.»
1443 1514 1486 1576 Et
1498 1513 1533 1575 in
1546 1530 1610 1576 xxr
1623 1515 1762 1594 psalm0,
1775 1517 1835 1580 ubi

297 1616 559 1703 Περιεκύκλωσύιν
582 1637 621 1702 με
636 1616 728 1692 κύνες
749 1612 871 1680 πολλοί.
888 1653 929 1664 -
949 1613 1045 1680 Ούτσι
1089 1615 1271 1678 Salvatoris
1288 1615 1399 1694 passio
1422 1615 1634 1696 describitur,
1658 1618 1747 1681 inter
1765 1621 1834 1684 elia

296 1720 720 1808 δήούνλιμώξουσι,τσῦτής
733 1719 1043 1805 ζωήςᾰρτονοτερη-
1089 1719 1125 1781 in
1148 1719 1222 1799 ipsa
1244 1718 1426 1781 salvatoris
1450 1735 1594 1798 persona
1612 1720 1740 1784 dictum
1763 1727 1831 1787 est:

295 1821 411 1908 θέντες,
434 1823 503 1889 ἐπεὶ
518 1825 562 1910 μή
585 1822 797 1908 παρεδέξαντο
819 1827 873 1889 τὸν
896 1824 1039 1908 οὐράνιον
1091 1823 1336 1886 «circuierunt
1350 1840 1404 1885 me
1427 1840 1527 1886 canes
1549 1826 1658 1888 multi.
1677 1846 1695 1884 κ
1720 1829 1834 1905 Igitur

300 1930 394 2013 ἄρτον
416 1929 472 1993 καὶ
493 1929 613 2013 τροφήν
636 1929 694 2012 τήν
717 1925 880 2011 σωτήριον.
908 1928 988 1993 Εἶτα
1010 1929 1046 1994 δέ
1089 1925 1192 1990 iidem
1209 1943 1308 2007 porro
1330 1926 1454 1989 famem
1474 1929 1656 2009 patientur,
1679 1929 1833 1996 destituti

298 2035 353 2097 καὶ
368 2040 426 2116 τῆς
441 2034 543 2097 αὐτῶν
561 2030 696 2112 πόλεως,
711 2029 752 2115 ἣν
770 2039 878 2109 κακῶς
900 2032 1042 2117 ᾤκησαν,
1089 2049 1176 2113 pane
1192 2031 1251 2094 illo
1266 2031 1354 2110 vitae,
1371 2031 1495 2112 quippe
1507 2049 1614 2113 quum
1626 2034 1766 2097 minime
1782 2053 1832 2098 re-

296 2134 561 2221 ἀπελαθήσονται,
585 2133 626 2212 ώς
650 2132 763 2220 μηκέτι
784 2134 902 2218 ταύτης
924 2135 1040 2203 ἐπιδαί-
1089 2136 1241 2216 ceperint
1255 2135 1426 2198 coelestem
1441 2151 1564 2215 panem
1580 2136 1760 2218 cibumque
1783 2155 1834 2202 sa·

296 2260 359 2306 νειν
374 2239 503 2325 τολμᾶν,
519 2237 688 2323 ἐπειδήπερ
711 2238 740 2302 οἱ
761 2239 919 2317 οἰκοῦντες
942 2243 1041 2329 αὐτήν
1092 2237 1247 2300 luterem.
1275 2239 1442 2300 Praeterea
1464 2240 1582 2318 procul
1609 2240 1651 2303 ab
1683 2242 1833 2322 ipsorum

296 2342 437 2429 αἱμάτων
452 2344 551 2428 αὐτήν
567 2339 734 2426 ἐπλήρουν.
746 2339 800 2406 Διὸ
813 2344 868 2407 καὶ
880 2342 973 2429 μέχρι
984 2355 1042 2431 της
1091 2341 1240 2420 civitate,
1266 2357 1369 2421 quam
1395 2342 1556 2406 scelerate
1578 2343 1829 2425 habitaverunt,

296 2445 435 2532 σήμερον
450 2446 582 2531 ὁρῶντες
596 2447 670 2524 τοὺς
692 2447 783 2530 ὅρους
798 2448 852 2510 καὶ
868 2447 976 2533 κύκλῳ
992 2471 1046 2514 πε-
1092 2447 1140 2508 ita
1155 2444 1235 2508 facti
1251 2449 1332 2509 sunt
1347 2447 1507 2524 extorres,
1524 2451 1562 2510 ut
1576 2447 1619 2510 ad
1630 2464 1704 2511 eam
1720 2466 1763 2511 ne
1779 2467 1832 2512 ao·

297 2549 434 2636 ριιθντες,
447 2549 605 2636 πόρρωθεν
620 2551 771 2614 ἵστανται·
786 2549 899 2629 ἔξωθεν
915 2552 951 2616 δὲ
967 2575 1043 2619 κυκ·
1090 2549 1208 2614 cedere
1223 2549 1360 2630 quidem
1373 2550 1537 2613 audeant:
1550 2551 1684 2631 quando
1696 2551 1832 2634 quidem

297 2652 551 2732 λοῦντες,πύστιν
567 2651 719 2737 ἐπάγουσι
731 2661 769 2736 τη
782 2654 862 2738 μετὰ
872 2658 1045 2742 χεῖραςλε-
1089 2655 1207 2718 incolae
1232 2655 1460 2733 sanguinibus
1488 2671 1563 2717 eam
1593 2656 1830 2737 impleverunt.

297 2756 399 2843 γούση
420 2765 539 2842 γραφῇ·
558 2752 797 2839 Ἐπιστρέψουσι
819 2757 874 2821 καὶ
895 2757 1045 2844 λιμώξου-
1089 2758 1217 2823 Idcirco
1232 2759 1334 2822 etiam
1347 2775 1455 2856 usque
1472 2759 1507 2820 in
1518 2757 1607 2822 hanc
1618 2759 1707 2822 diem
1719 2759 1835 2824 viden-

299 2882 348 2928 σιν
362 2859 404 2939 ώς
418 2861 511 2944 κύων,
527 2862 583 2926 καὶ
600 2857 797 2926 κυκλώσουσι
811 2859 910 2928 πόλιν.
1089 2867 1141 2926 tes
1150 2864 1301 2941 regionis
1309 2863 1446 2940 limites,
1459 2864 1494 2923 et
1505 2861 1541 2924 in
1553 2862 1698 2925 circuitu
1709 2879 1837 2941 vagan-

1089 2970 1150 3046 tes,
1166 2967 1299 3030 eminus
1314 2946 1514 3028 consistunt.
1539 2965 1628 3028 Dum
1645 2969 1760 3027 autem
1782 2965 1837 3028 de·

1089 3070 1171 3135 foris
1186 3072 1409 3149 circumeunt,
1425 3067 1526 3132 fidem
1549 3074 1712 3147 arrogent
1727 3071 1835 3152 Scrip

1089 3177 1185 3254 turae,
1215 3191 1290 3256 quae
1316 3190 1386 3253 prta
1411 3172 1570 3237 manibus
1600 3176 1661 3253 est,
1688 3173 1831 3237 dicenti:

1093 3277 1330 3357 Oeacertectcr,
1356 3281 1389 3341 ct
1399 3273 1527 3359 fortem
1545 3278 1718 3358 potientur
1732 3281 1770 3341 ct
1784 3293 1834 3343 co-

1091 3383 1153 3462 nis,
1172 3381 1399 3448 etcirccibcct
1413 3382 1583 3446 civitatem.
1824 3445 1828 3460 ,

338 3501 369 3547 ν.
386 3483 417 3565 θ,
440 3483 490 3548 12.
514 3481 579 3550 Καὶ
601 3486 650 3566 σὺ,
673 3482 780 3572 Κύριε,
804 3485 964 3573 ἐκγελάση
987 3489 1042 3553 αθ
1132 3503 1164 3547 v.
1183 3489 1212 3548 9.
1230 3487 1280 3549 12.
1297 3487 1342 3550 Ει
1356 3489 1402 3566 tc,
1427 3487 1571 3565 Domine,
1589 3485 1749 3552 deridebis
1767 3503 1831 3566 cos,

294 3588 377 3670 τούς,
401 3585 617 3666 ἐξουδενώσεις
632 3587 736 3654 πάντα
751 3590 791 3654 τὰ
806 3590 891 3676 ἔθνη.
908 3589 946 3656 ‘0
962 3589 1043 3669 Θεὸς
1093 3589 1136 3654 dd
1149 3588 1291 3654 nibilum
1304 3589 1437 3655 deduces
1451 3607 1558 3655 oratores
1569 3595 1695 3672 pentes.
1706 3638 1731 3653 ..
1750 3592 1839 3655 Deus

294 3710 354 3775 μου
370 3687 462 3770 δείξει
485 3711 536 3776 μοι
559 3691 592 3756 ἐν
614 3699 679 3784 τοῖς
701 3692 825 3779 ἐχθροῖς
849 3716 918 3780 μου.
934 3693 989 3782 Μή
1006 3695 1040 3760 ἀ·
1089 3711 1179 3759 meets
1195 3694 1335 3759 ostendet
1348 3693 1431 3758 midi
1445 3695 1593 3758 inimicos
1606 3710 1706 3758 meos:
1729 3711 1768 3758 ιιο
1790 3711 1838 3758 oc·

293 3793 461 3880 ποκτεύνης
476 3796 600 3880 αὐτούς,
618 3795 740 3882 μήποτε
756 3797 964 3865 ἐπιλάθωνται
986 3809 1042 3864 τού
1091 3798 1181 3865 anas
1206 3815 1268 3878 eos,
1298 3797 1462 3880 reparando
1495 3797 1726 3862 obliviscamur
1755 3797 1838 3878 lepis

291 3893 387 3984 νόμου
403 3921 470 3965 σου.
490 3897 718 3984 Διασκόρπισον
734 3903 847 3980 αὐτοὺς
870 3904 905 3968 ἐν
927 3912 966 3988 τῇ
989 3903 1040 3968 δυ·
1088 3909 1160 3969 tcoe.
1178 3905 1334 3986 Dirpcrpe
1349 3903 1426 3967 illos
1437 3904 1474 3966 in
1484 3902 1605 3966 virtute
1616 3905 1683 3979 tac,
1701 3905 1733 3965 ct
1742 3899 1836 3996 'depo

291 4000 384 4087 νάμει
405 4023 472 4086 σου,
495 4005 549 4068 καὶ
574 4005 739 4092 κατάγαγε
755 4007 877 4091 αύτούς,
894 4007 1041 4092 ὁύπερα-
1088 4025 1127 4072 nc
1142 4023 1203 4087 coa,
1217 4011 1380 4087 protector
1393 4023 1492 4085 ηεσιοδ,
1511 4004 1657 4069 Domine.
1775 4009 1779 4017 ’

294 4102 428 4188 σπιστής
444 4126 513 4190 μου,
529 4104 638 4190 Κύριε.

340 4205 444 4272 Ἀλλὰ
457 4209 519 4292 γὰρ
535 4210 589 4272 καὶ
605 4213 756 4275 ταῦτατὸ
779 4222 903 4299 πνεῦμα
918 4218 953 4280 τὸ
969 4236 1043 4300 προ-
1133 4218 1297 4280 Caeterum
1313 4215 1385 4278 haec
1401 4215 1502 4277 etiam
1524 4213 1670 4294 Spiritus
1692 4212 1832 4294 prophe·

288 4311 430 4394 ρητικδν
445 4310 484 4375 ἐκ
496 4310 665 4396 προσώπου
680 4323 736 4378 τοῦ
750 4313 898 4401 Σωτῆρος
913 4317 1038 4404 ἀναρω-
1089 4321 1177 4384 ticos
1189 4337 1231 4382 ex
1243 4335 1387 4401 persona
1399 4318 1582 4382 salvatoris
1598 4317 1718 4380 recitat
1732 4316 1774 4380 de
1789 4318 1831 4380 iis

293 4421 342 4477 νεῖ
353 4413 425 4498 περὶ
446 4422 507 4480 τών
529 4414 773 4482 ἐπαναστάντων
795 4421 889 4505 αὐτῷ,
905 4423 976 4506 περὶ
998 4424 1042 4487 ών
1088 4425 1148 4506 ηυί
1164 4423 1326 4488 adversus
1343 4424 1454 4503 ipsum
1478 4423 1747 4500 insurrexerunt,
1770 4439 1831 4503 pro

293 4515 439 4604 ἐλέγετο·
460 4517 526 4584 Καὶ
556 4519 628 4586 λαοὶ
656 4519 851 4609 ἐμελέτησαν
874 4527 962 4609 κενὰ,
981 4527 1040 4591 καὶ
1089 4528 1213 4610 quibus
1229 4527 1357 4591 dictum
1373 4532 1441 4590 est:
1460 4528 1535 4590 «Et
1549 4528 1665 4608 populi
1680 4527 1835 4590 meditati

293 4623 334 4687 τὰ
355 4621 438 4708 ἐξής.
462 4622 599 4703 Τούτους
622 4627 686 4709 ούν,
710 4628 783 4705 τούς
804 4628 849 4704 εἰς
871 4633 963 4694 κενὸν
985 4632 1042 4708 τὰς
1088 4635 1169 4697 sunt
1184 4632 1336 4711 inania»
1354 4637 1389 4694 et
1404 4649 1480 4712 quae
1494 4627 1694 4712 se‘quuntur.
1718 4631 1783 4706 Qui
1806 4631 1831 4693 i-

292 4728 364 4812 περὶ
378 4727 475 4792 αὐτοῦ
496 4727 688 4814 προφητείας
705 4728 950 4815 μελετήσαντες,
966 4732 1038 4811 τούς
1089 4737 1185 4815 gitur
1208 4736 1243 4799 in
1258 4753 1385 4799 vanum
1407 4735 1513 4798 factas
1536 4735 1577 4798 de
1596 4736 1667 4816 ipso
1690 4732 1830 4814 prophe·

293 4850 329 4895 τε
344 4830 503 4914 ἄρχοντας
525 4832 628 4897 αύτών
643 4834 698 4896 καὶ
718 4831 974 4920 καθηγουμένους
997 4837 1041 4922 μή
1088 4841 1153 4904 tias
1165 4839 1320 4902 meditati
1330 4842 1420 4919 sunt,
1429 4857 1472 4903 ne
1484 4857 1551 4918 eos,
1564 4839 1686 4920 inquit,
1699 4842 1733 4901 ct
1744 4837 1834 4919 prin-

294 4932 492 5018 ἀποκτείνης,
513 4937 617 5020 φησὶν,
634 4936 960 5023 &deorsumperant
980 4939 1041 5006 Eb-
1086 4945 1177 5024 cipes
1189 4960 1316 5023 eorum,
1331 4961 1371 5007 ac
1383 4948 1602 5026 praeceptores
1618 4939 1759 5018 occidas,
1774 4938 1832 5003 sed

294 5059 386 5123 χεται
400 5037 435 5104 δέ
450 5041 563 5118 αὐτούς
577 5043 632 5106 καὶ
646 5042 869 5130 καθαιρεθῆναι
884 5053 941 5110 τοῦ
952 5043 1041 5124 ἀξιώ·
1089 5048 1225 5130 dissipo.
1243 5049 1343 5128 Optat
1357 5053 1471 5112 autem
1487 5066 1543 5111 eos
1559 5061 1693 5128 quoque
1708 5044 1836 5125 privari

296 5163 403 5228 ματος,
426 5143 445 5207 θ
467 5143 572 5208 δὲκαὶ
593 5143 741 5232 γέγονεν·
757 5145 863 5213 ούκέτι
885 5147 1040 5236 νύνβασι-
1087 5151 1254 5232 dignitate
1286 5170 1365 5216 sua:
1397 5151 1486 5234 quod
1512 5154 1546 5216 et
1576 5149 1731 5228 contigit.
1761 5149 1834 5213 Non
