4036 6090
297 421 360 484 172
961 421 1172 486 ORIGENES
1256 439 1259 446 ·

294 557 420 647 ποίηιιε,
436 558 561 626 πολλῶν
583 559 619 626 δὲ
638 549 844 646 φαυλοτάτων
866 567 958 626 τοῦτο
973 581 1041 628 ποι·
1087 563 1144 627 iile
1159 561 1219 644 qui
1234 565 1368 627 tantum
1380 560 1424 626 ad
1435 561 1570 627 aurium
1587 576 1707 626 sensns
1719 575 1835 624 vocem

295 665 423 730 σάντων.
1087 664 1244 746 deflectit,
1267 665 1352 730 bene
1374 666 1461 730 solet
1483 663 1605 730 facere.
1628 665 1673 728 Et
1701 665 1764 728 hoc
1787 667 1839 727 est

1089 769 1275 832 multorum
1290 772 1538 850 protervorum,
1551 768 1615 833 hoc
1626 784 1719 830 more
1734 784 1839 847 agen·

1089 872 1188 936 tium.

339 995 371 1040 v.
387 975 418 1039 4.
433 972 490 1040 Ἐν
504 965 689 1062 δειιαχάρδιρ
704 973 869 1062 ψαλτήρίιμ
882 975 948 1064 μετ’
959 975 1043 1064 ι’μδής
1133 993 1166 1038 ν.
1182 976 1214 1039 4.
1230 977 1274 1040 Io
1287 973 1475 1043 decachordo
1490 973 1662 1058 psalterio,
1681 990 1753 1042 οιιιιι
1768 989 1841 1040 cau·

294 1079 329 1146 ἐν
345 1078 470 1165 κιθάρᾳ.
1090 1078 1355 1146 ticoiaoittoro.

338 1181 540 1268 Δεκάχορδον
569 1180 744 1268 ψαλτήριον
768 1186 805 1249 τδ
834 1184 927 1272 σῶμά
952 1205 1041 1271 φησι.
1136 1184 1390 1248 Decachordum
1401 1185 1602 1266 psalterium
1614 1183 1697 1247 dicit
1706 1200 1838 1265 corpus,

295 1285 455 1364 Τοιούτοις
471 1286 615 1372 ὀργάνοις
637 1286 780 1354 εἰώθασιν
798 1289 852 1354 τὸν
875 1288 957 1357 Θεδν
972 1288 1043 1355 άνυ
1089 1289 1189 1353 Hisce
1210 1290 1451 1354 instrumentis
1471 1292 1581 1354 Deum
1603 1289 1742 1354 laudare
1764 1305 1841 1354 con·

295 1400 399 1477 μνείν·
413 1389 500 1476 λέγει
517 1389 620 1458 τοίνυν
639 1393 686 1457 ὅτι
707 1393 842 1472 καὶτοῖς
864 1392 1043 1481 νενομισμέ-
1088 1398 1287 1458 sueverunt.
1303 1395 1361 1458 Ait
1376 1397 1507 1458 autem:
1528 1395 1603 1472 Ego
1621 1391 1675 1456 his
1694 1410 1777 1456 usus
1792 1392 1843 1454 in-

294 1517 358 1574 νοις
372 1496 617 1584 ἰναιιρουόμενος
631 1499 785 1584 ὀργάνοις,
800 1502 856 1566 καί
868 1509 926 1586 της
940 1500 1040 1588 γλώσ·
1091 1499 1302 1578 strumentis,
1325 1515 1401 1580 quae
1422 1514 1505 1562 sono
1523 1497 1746 1577 celebrantur,
1762 1512 1843 1560 oon·

294 1622 353 1686 της
369 1599 533 1687 μελῳδίαις
548 1602 719 1689 χρώμενος,
742 1605 793 1670 σοί
807 1603 974 1690 προσφέρω
988 1607 1043 1671 τὸν
1088 1604 1225 1664 centum
1237 1603 1341 1665 etiam
1353 1619 1437 1665 meae
1449 1602 1579 1680 linguae
1586 1617 1766 1682 usurpans,
1778 1598 1843 1662 tibi

210 1785 215 1806 1
295 1705 499 1792 χαριστήριον
521 1708 626 1793 ὕμνον.
643 1705 744 1792 Ὁρῶν
758 1707 821 1793 γάρ
844 1729 901 1772 σου
916 1710 973 1786 τὰς
989 1708 1043 1793 δη·
1089 1705 1192 1770 offero
1207 1705 1378 1789 hymnum
1396 1705 1669 1769 eucharisticum.
1682 1694 1845 1767 'conside-

295 1809 457 1898 μιουργίας
478 1813 533 1876 καὶ
554 1812 611 1890 τάς
631 1810 786 1898 ἀρρήτους
801 1812 989 1900 οἰκονομίας,
1007 1813 1043 1880 ά·
1088 1827 1167 1874 rans
1183 1811 1275 1872 enim
1298 1813 1359 1873 tua
1378 1810 1415 1872 in
1430 1809 1601 1872 creatione
1623 1823 1734 1888 opera,
1753 1808 1845 1869 tuas·

294 1914 455 2002 γάλλομαι
468 1918 523 1981 καί
544 1915 708 2002 γάννυμοιι,
731 1919 786 1982 καί
800 1927 840 2003 τῇ
862 1926 920 2003 τῆς
936 1919 1042 2006 ψυχῆς
1088 1931 1155 1997 qne
1166 1913 1355 1979 ineffabiles
1367 1913 1573 1995 providendi
1584 1913 1742 1992 rationes,
1750 1911 1845 1975 exul·

293 2020 392 2107 ήδόνή
408 2023 467 2108 τήν
477 2020 621 2108 γλῶτταν
632 2024 675 2100 εἰς
687 2021 842 2110 ὑμνῳδίαν
856 2034 941 2092 aroc.
954 2024 1039 2111 Ἐγὼ
1087 2023 1165 2082 toet
1175 2018 1398 2099 exhilaror,et
1409 2018 1452 2082 in
1464 2020 1636 2099 voluptate
1649 2017 1771 2080 animae
1781 2016 1846 2079 lin·

295 2130 439 2214 μὲνγὰρ,
456 2129 543 2212 φησι,
565 2129 607 2193 τά
621 2130 663 2193 σά
678 2131 758 2214 ἔργα
779 2129 914 2216 ἀνυμνῶ,
929 2132 985 2194 καί
998 2139 1043 2216 tt)
1089 2138 1194 2200 guam
1222 2121 1265 2185 ad
1290 2121 1510 2206 hymnodiam
1534 2121 1617 2184 cieo.
1644 2121 1719 2199 Ego
1742 2120 1843 2198 enim,

296 2231 384 2318 βάθει
402 2233 469 2296 τῶν
487 2241 550 2298 σῶν
572 2231 729 2318 λογισμῶν
751 2232 978 2318 ἰκπλήττομσιι,
1001 2235 1044 2300 ῶν
1089 2228 1211 2308 inquit,
1227 2232 1405 2308 operutna
1426 2226 1546 2290 faustis
1561 2226 1679 2289 attollo
1694 2224 1845 2302 vocibus,
1889 2241 1902 2264 ·

295 2338 331 2402 ἐν
346 2345 385 2422 τῇ
406 2334 569 2422 οἰκονομίᾳ
590 2336 735 2422 εἰργάσω.
759 2337 849 2402 Ἀλλ’
859 2336 889 2402 σί
910 2339 1044 2423 ἄφρονες
1089 2337 1124 2394 et
1140 2333 1176 2394 in
1191 2329 1357 2413 profunda
1381 2335 1519 2394 tuorum
1538 2329 1758 2394 consiliorum
1771 2327 1846 2390 alti·

296 2440 334 2504 οἰι
349 2439 490 2508 συνίασιν
504 2451 559 2506 τοῦ
577 2439 747 2528 μυστηρίου
761 2442 797 2505 τὸ
812 2439 918 2528 βάθος.
1094 2435 1213 2500 tudine
1229 2435 1439 2517 obstupesco
1451 2451 1528 2515 quae
1540 2434 1648 2496 intua
1660 2431 1846 2496 oeconomia

1090 2543 1249 2620 operatus
1266 2555 1316 2602 es.
1332 2537 1397 2602 Sed
1419 2537 1619 2618 insipientes
1638 2553 1707 2599 non
1722 2533 1846 2598 intelli·

1089 2646 1180 2722 gunt
1194 2641 1406 2724 profundum
1423 2640 1577 2723 mysterii
1592 2657 1766 2703 arcanum.

340 2773 372 2819 ν.
390 2756 419 2818 θ.
431 2752 493 2818 ’Ἐν
507 2762 551 2839 τῷ
566 2753 729 2820 ἀνατεῖλαι
750 2756 823 2832 τοὺς
838 2752 1044 2840 ἁμαρτωλοὺς
1132 2764 1165 2809 ν.
1180 2748 1211 2810 8.
1231 2745 1311 2812 Oura
1334 2745 1442 2810 coorti
1453 2743 1593 2827 stertat
1605 2746 1788 2827 peccatores
1800 2741 1845 2809 ai·

295 2854 370 2921 ὡσεὶ
384 2855 509 2943 χόρτον.
1089 2849 1286 2932 cutsmmn.

340 2959 385 3026 Τὸ
400 2971 472 3045 πῦρ,
487 2963 505 3026 δ
520 2961 616 3046 ήλθεν
631 2959 759 3047 βάλλειν
780 2962 798 3027 δ
820 2961 935 3048 Κύριος
950 2961 1041 3050 ήμῶν
1134 2954 1240 3034 Ignis,
1255 2969 1361 3035 quem
1372 2953 1470 3017 venit
1481 2952 1646 3017 Dominus
1657 2952 1792 3014 mittere
1804 2949 1842 3014 in

295 3067 340 3144 εἰς
353 3067 413 3152 τήν
427 3075 498 3152 γῆν,
514 3065 683 3131 κατακαίει
696 3065 784 3149 ξῶλσ,
800 3066 924 3153 χόρτον,
943 3067 1044 3133 κάλα.
1089 3061 1224 3138 terram,
1240 3057 1395 3121 incendit
1418 3058 1565 3137 lignum,
1586 3055 1714 3136 fenum,
1736 3055 1843 3136 stipu-

297 3191 365 3258 μον.
1092 3163 1170 3225 lam.

342 3295 372 3340 ν.
399 3275 449 3337 12.
473 3272 539 3337 Καὶ
560 3271 683 3340 ἐπεῖδεν
705 3273 722 3338 ὁ
745 3271 904 3360 ὀφθαλμός
927 3294 987 3359 μου
1009 3273 1044 3338 ἰν
1132 3282 1165 3328 V·
1184 3265 1233 3328 12·
1249 3265 1295 3329 Εί
1307 3263 1452 3346 aspecit
1465 3263 1577 3329 oculus
1590 3279 1680 3327 ms
1692 3261 1842 3327 inimicos

295 3386 361 3455 τοῖς
382 3378 505 3464 ἐχθροῖς
529 3399 598 3464 μου,
625 3379 680 3442 καί
701 3377 815 3456 ἐντοῖς
837 3375 1053 3464 ἑποινισταμὲ-,
1088 3385 1183 3448 mos,
1201 3372 1233 3433 ct
1245 3369 1283 3432 ιἰι
1296 3365 1842 3451 ιἰιειινροαίίθαείιιιαειιιιιίίμιιαιι-

296 3505 360 3560 νοις
382 3482 432 3546 ἐπ’
454 3481 510 3569 ἐμὲ
532 3479 795 3568 πονηρευομθνσις
825 3482 1045 3547 είσαιιοθσεται
1089 3473 1176 3539 tillut
1190 3472 1339 3538 εαιιιαίίεί
1354 3473 1449 3539 atris
1463 3489 1543 3537 ntea.

296 3591 333 3654 τὸ
349 3590 403 3666 οὖς
419 3610 490 3674 μου.

340 3689 507 3778 Χρήσιμον
522 3692 559 3756 τὸ
574 3690 669 3777 ῥητὸν
687 3693 765 3776 πρὸς
787 3692 860 3769 τοὺς
874 3687 1043 3776 ἐμμανιζο-
1133 3682 1223 3746 Utile
1238 3680 1380 3744 verbum
1397 3678 1563 3743 adversus
1582 3678 1768 3757 Daemones,
1783 3693 1842 3740 nc-

297 3795 408 3884 μὲνους
435 3795 585 3882 δαίμονας
610 3793 685 3884 ήμίν
706 3795 987 3883 καθαιρομένους
1008 3793 1045 3880 ἡ.
1088 3785 1142 3850 bis
1156 3802 1193 3849 se
1209 3783 1466 3848 manifestantes
1479 3787 1656 3847 auterrere
1667 3785 1839 3846 conantes.

295 3911 359 3988 μᾶς
374 3899 531 3986 exactore.
554 3898 665 3969 Νσσῶν
681 3905 735 3966 καὶ
758 3899 913 3979 συνέσεως
927 3901 1044 3986 ἕρημος
1089 3892 1269 3968 mgrouns
1277 3894 1311 3952 et
1323 3889 1499 3952 intellectu
1512 3905 1640 3951 vacuus
1652 3887 1702 3950 nil
1717 3885 1840 3950 horum

295 4015 406 4072 τοῦτον
426 4005 517 4071 οὐδὲν
532 4005 686 4091 γενέσθαι.
1090 3994 1191 4075 θθθῑθ·
1705 4067 1707 4072 ,

340 4129 372 4174 ν.
402 4111 453 4174 15.
477 4108 557 4174 Τότε
587 4105 860 4194 πληθυνθήοονται
890 4109 923 4175 ἰν
952 4107 1045 4195 γήρει
1134 4114 1167 4158 V·
1182 4096 1233 4158 15·
1250 4097 1343 4161 PW
1356 4093 1661 4177 ίίίίίῖίθίῖίίθθίίθίίίί
1673 4094 1846 4158 11136ίίθίθί

296 4210 389 4295 πίονι,
411 4213 467 4277 καί
492 4199 700 4289 εὐπαθοῦντες
723 4214 849 4280 ἔσονται
869 4213 1045 4300 τοῦάναγ-
1090 4197 1191 4367 igi-5⁶7¹?
1216 4202 1249 4263 θί
1268 4197 1343 4264 tem
1357 4200 1522 4281 Μθθθίίθθί
1543 4203 1640 4265 mim
1659 4201 1699 4264 ¹⁴5
1719 4213 1845 4264 timim·

1109 4319 1185 4366 ιοιι.

296 4313 432 4485 γεῑθλαιθν
446 4417 533 4505 γήρᾳ
547 4419 635 4505 σίων,
650 4419 754 4486 πολλὰ
771 4421 877 4507 ἀγαθὰ
892 4420 1045 4507 πληθύος.
1135 4405 1199 4481 Qui
1214 4409 1389 4469 senectute
1406 4406 1547 4486 pinguis
1559 4409 1620 4485 est,
1635 4407 1745 4470 multa
1755 4403 1844 4468 bona

248 4564 254 4576 ,
297 4543 349 4587 ται
363 4521 397 4588 ὲν
410 4519 497 4608 γήρᾳ
510 4520 603 4606 πίονι,
624 4525 680 4588 καὶ
700 4524 906 4602 εὐπαθοῦντες
921 4525 955 4590 ἐν
977 4532 1045 4601 ταῖς
1092 4510 1298 4591 multiplicat
1322 4509 1357 4571 in
1380 4509 1478 4573 uberi
1505 4513 1695 4589 senectute3
1726 4507 1844 4589 hujus·

298 4623 511 4712 ιιαλουμέναις
533 4626 712 4706 εὐπαθείαις
734 4629 868 4711 ἔσονται,
895 4626 990 4692 οίονὲι
1011 4628 1046 4693 ἐν
1091 4613 1183 4678 mOdi
1207 4613 1274 4676 Viri
1299 4613 1385 4677 bene
1411 4614 1580 4693 patientes
1602 4617 1704 4677 erunt
1725 4612 1762 4676 5¹1
1787 4612 1842 4676 his

297 4741 337 4818 σή
353 4739 441 4817 χαρᾷ
454 4731 510 4796 καὶ
524 4731 673 4820 εὺλαεείᾳ
686 4735 760 4810 τοὺς
773 4741 831 4820 τῆς
845 4733 961 4820 &pgr-ng
975 4753 1046 4799 στρ.
1092 4735 1168 4801 quae
1187 4717 1349 4780 dicuntur
1363 4716 1460 4782 bonae
1477 4715 1687 4798 afflictiones,
1700 4735 1740 4780 ac
1750 4717 1845 4780 velu-

299 4841 416 4926 ράνους
431 4837 640 4926 κομιζόμενοι.
1091 4825 1120 4887 ti
1135 4821 1320 4886 letabundi
1344 4824 1378 4885 et
1402 4822 1471 4885 Deo
1487 4823 1591 4904 grati,
1602 4821 1741 4886 virtutis
1753 4835 1846 4884 corc-

1092 4945 1154 4994 naa
1169 4927 1235 4991 sibi
1250 4926 1444 5008 acquirunt.

334 5062 402 5118 πε
415 5061 483 5120 vat.
497 5063 541 5132 ιο,
554 5062 598 5118 ιι.
642 5069 647 5078 ’
755 5095 801 5113 .-
1127 5073 1157 5115 v.
1170 5055 1332 5126 raucas,
1346 5055 1389 5111 rs.

337 5163 365 5205 v.
377 5147 403 5205 θ
416 5146 483 5208 Vct.
495 5148 521 5220 d,
535 5147 578 5206 16.
589 5145 660 5208 Luc.
673 5162 728 5220 ιιι,
740 5147 784 5206 49.
797 5147 813 5205 1
826 5145 892 5206 Gor.
905 5161 950 5220 ιιι,
963 5147 1004 5206 12.
1129 5161 1158 5203 ν.
1172 5144 1214 5203 ld.
1227 5143 1295 5202 Vct.
1306 5142 1333 5214 t,
1347 5142 1389 5198 16.
