4008 6094
793 524 836 588 IN
859 527 1046 590 PSALMOS
1671 534 1691 596 5

190 649 236 723 Ἠ
256 657 311 722 καί
333 656 448 736 οὕτως·
471 658 576 723 τολλά
601 659 658 744 μέν
681 657 845 745 ὠφέλησεν
875 662 892 726 ό
981 666 1042 728 Vel
1056 667 1105 728 sio
1122 668 1292 747 intellige:
1310 669 1454 733 Multum
1470 689 1551 735 sane
1570 673 1683 736 Salva-

137 759 267 847 Σωτῆρ,
291 760 403 847 λύτρον
426 761 498 839 δοὺς
521 761 590 826 ἀντί
611 762 736 826 πολλῶν
757 765 816 849 τῆν
836 765 892 850 ψυ-
936 773 990 831 tor
1012 768 1149 849 profuit,
1172 770 1254 834 dum
1278 772 1313 834 in
1329 774 1477 854 pretium
1493 791 1553 855 pro
1569 777 1687 840 multis

136 863 217 951 χήν.
233 863 418 950 Ηύδόκησεν
441 867 505 950 γάρ
528 865 545 930 ό
567 864 680 952 Πατὴρ
702 876 741 952 τῇ
764 867 894 954 ἐκχύσει
938 872 1033 936 dedit
1043 875 1191 938 animem
1208 893 1316 939 suam.
1328 879 1509 958 Aoquievit
1521 881 1612 944 enim
1627 883 1687 944 Ρω

135 977 199 1034 τοῶ
214 971 346 1055 αίματος
361 979 416 1035 τοῦ
432 969 532 1056 ἀμνοῦ
556 971 662 1054 αὐτοῦ,
686 972 820 1057 ἀρθῆναι
835 974 893 1058 τῆν
936 983 998 1058 ter,
1028 982 1068 1040 ut
1096 975 1259 1041 effusione
1293 983 1474 1059 sanguinis
1497 984 1588 1062 ugni
1618 985 1685 1064 sui,

138 1073 299 1160 ἁμαρτίαν
320 1083 376 1138 τοῶ
398 1073 528 1160 κόσμου,
553 1074 717 1159 όυσθέντος
732 1076 770 1141 έκ
784 1085 843 1162 τῆς
857 1077 893 1142 ἀ·
936 1079 1127 1146 auferretur
1138 1083 1257 1146 mundi
1269 1084 1442 1166 iniquitas,
1452 1085 1534 1149 dum
1543 1087 1686 1152 redime·

141 1177 280 1263 μαρτίας
305 1186 363 1262 τῆς
379 1179 580 1264 ἀναστροφῆς
601 1180 892 1266 πατροπαραδότου.
936 1189 1032 1249 retur
1055 1203 1097 1249 ex
1111 1191 1248 1268 peceato
1263 1187 1306 1250 ab
1322 1189 1456 1267 origine
1471 1194 1618 1272 eccepto.
1634 1192 1687 1259 Ad

137 1281 228 1368 Πρὸς
243 1284 279 1348 δέ
293 1287 367 1362 τοὺς
382 1282 598 1371 ἐπιμείναντας
613 1283 777 1373 δυσσεόείφ
788 1287 843 1351 καί
853 1295 893 1372 τῆ
937 1306 993 1354 eos
1014 1307 1095 1353 vero
1118 1293 1177 1372 qui
1193 1296 1392 1373 permanent
1407 1293 1443 1356 in
1461 1294 1635 1374 impietate
1652 1301 1688 1359 et

135 1387 250 1474 κακίᾳ,
273 1389 295 1474 ἡ
318 1399 374 1455 τοῦ
396 1389 544 1475 Σωτῆρος
566 1389 729 1475 διαφθορὰ,
753 1389 894 1455 τουτέστι
938 1393 973 1455 in
985 1395 1126 1475 melitis,
1138 1395 1299 1476 correptio
1311 1397 1505 1477 salvatoris,
1518 1397 1553 1461 id
1564 1402 1616 1462 est
1627 1416 1686 1462 ne-

136 1500 198 1576 τῆς
213 1492 515 1580 σαρκὸςῆφόσις,ῆ
532 1494 567 1558 ὸν
582 1491 726 1580 ὑπέμεινε
741 1493 892 1576 θάνατος,
936 1500 1016 1560 ture
1038 1499 1159 1578 cornis,
1182 1500 1237 1561 vel
1263 1515 1353 1562 mors
1379 1516 1481 1580 quarn
1508 1502 1684 1582 sustinuit,

138 1594 296 1681 ἀνόνητος
311 1597 391 1663 είναι
406 1597 502 1664 δοκεῖ.
906 1635 911 1646 -
940 1600 1077 1664 videtur
1100 1619 1173 1666 esse
1196 1601 1396 1666 frustranes.

747 1791 919 1870 Psalmus
942 1792 1075 1870 XXX.

185 2035 220 2081 v.
239 2019 290 2082 13.
307 2013 509 2104 Ἐπελῆσθην
523 2015 717 2104 ῶσείνεκρὸς
733 2019 796 2083 ἀπὸ
813 2039 891 2103 καρ·
980 2036 1012 2082 v.
1038 2021 1087 2084 13.
1114 2020 1273 2086 Obltniorti
1298 2021 1404 2088 taur
1429 2039 1502 2088 sem
1528 2029 1691 2108 tamquam

56 2149 61 2158 ·
138 2118 221 2198 δίας.
247 2124 314 2189 Vot.
331 2123 406 2203 641,
425 2125 453 2187 1.
933 2124 1244 2190 meteororum.

181 2222 306 2309 Νεκρὸς
323 2225 379 2310 μέν
395 2225 457 2289 ἀπὸ
472 2224 604 2312 καρδίας
619 2224 733 2292 έστῐνὸ
756 2225 889 2312 έστηρη·
977 2226 1130 2292 Mortuus
1142 2228 1279 2308 quidem
1295 2228 1427 2293 noorde
1443 2231 1571 2311 estqui
1583 2232 1690 2294 soien-

136 2324 233 2412 μένος
248 2327 419 2413 Ιγνώσεως·
448 2333 557 2415 νεκρὸς
584 2329 619 2394 δὲ
646 2330 709 2395 ἀπὸ
737 2332 843 2417 ψυχῆς
873 2331 891 2396 ό
933 2331 983 2393 tie
1005 2330 1218 2412 destituitur;
1234 2335 1398 2398 mortuus
1411 2350 1492 2397 vero
1506 2333 1550 2397 ab
1564 2335 1690 2414 enims,

135 2429 354 2516 ἑστηρημένος
370 2431 498 2518 ἀρετῶν.
933 2434 1118 2500 destitutus
1140 2435 1336 2499 virtutibus.

181 2555 216 2600 ν.
236 2537 290 2619 24,
306 2539 358 2603 25.
375 2535 583 2623 Ἀγαπῆσατε
598 2541 652 2604 τὸν
667 2537 794 2624 Κύριον,
810 2537 888 2605 πάν-
976 2555 1008 2601 ν.
1032 2540 1085 2619 24,
1112 2541 1165 2604 25.
1194 2540 1335 2622 Diltpite
1369 2541 1552 2622 Dominum,
1583 2557 1690 2608 οιιιιιοε

134 2659 188 2716 τες
216 2639 245 2706 οἱ
268 2641 347 2706 όσιοι
377 2643 483 2727 αὐτοῦ,
511 2643 558 2708 ότι
587 2642 738 2728 ἀληθείας
760 2643 892 2728 έκζητεί
928 2641 1035 2707 tereti
1062 2642 1143 2722 ejus,
1179 2644 1331 2724 quereiam
1358 2644 1513 2710 omtettr
1540 2647 1684 2728 requirit

133 2742 265 2830 Κόριος,
294 2747 350 2810 καί
380 2746 607 2812 ἀνταποδίδωσι
636 2755 700 2825 τοῐς
733 2757 887 2833 περισσῶς
929 2747 1098 2826 Dominus,
1123 2749 1156 2810 et
1174 2747 1333 2812 retribuet
1349 2745 1684 2831 mammosam

133 2857 278 2913 ποιοῦσιν
289 2848 514 2936 ὑπερηφανίαν.
523 2850 734 2937 Ἀνδρίζεσθε,
742 2855 797 2917 καί
808 2874 886 2938 κρα-
930 2848 1015 2914 λίθου
1036 2849 1228 2932 supertiam.
1261 2851 1409 2918 Viriliter
1429 2853 1526 2934 rpite,
1551 2857 1584 2918 et
1608 2872 1679 2920 cort

21 2981 24 2996 ·
134 2950 293 3016 ταιούσθω
314 2952 337 3037 ῆ
359 2953 476 3039 καρδία
498 2955 592 3041 ὑμῶν,
616 2956 731 3033 πάντες
755 2955 784 3021 οἱ
801 2955 886 3022 έλτί-
920 2952 1071 3036 serretur
1092 2971 1146 3020 ror
1166 2959 1320 3035 οσσίιιωιι,
1346 2973 1453 3022 omme
1467 2959 1526 3039 qot
1539 2958 1681 3040 ιρονοιίε

136 3053 248 3134 ζοντες
263 3055 313 3121 ἐπί
327 3057 454 3143 Κύριον.
929 3061 967 3125 ιἰι
989 3059 1172 3123 Dominum.

181 3157 347 3246 Εὐσεβίου.
371 3161 427 3242 Ἐξ
449 3164 492 3228 ῶν
515 3163 608 3241 αὐτὸς
630 3164 743 3251 ἔτυχεν
764 3165 887 3250 εὐεργε-
973 3164 1121 3226 Eusnsn.
1133 3164 1247 3228 Motus
1262 3161 1438 3228 beneficiis
1454 3182 1530 3246 quae
1546 3167 1617 3247 ipse
1633 3186 1684 3233 re-

135 3272 224 3347 σιῶν,
251 3267 296 3352 μη
323 3265 415 3352 μόνος
442 3267 623 3333 ἀπολαῦσαι
643 3276 702 3352 τῆς
723 3269 811 3354 παρὰ
832 3276 887 3332 του
931 3269 1030 3349 oepit,
1045 3285 1108 3330 neo
1123 3271 1241 3332 volens
1256 3269 1349 3334 solus
1364 3267 1432 3331 frui
1447 3270 1559 3334 salute
1574 3289 1595 3335 ο
1610 3274 1680 3338 1)υο

136 3366 223 3434 Θεοῦ
247 3369 402 3456 σωτηρίας
433 3369 630 3458 βουλόμενος,
657 3371 737 3456 μετὰ
762 3370 889 3436 πολλῶν
931 3373 1062 3455 adepto,
1086 3371 1145 3435 sed
1167 3391 1246 3436 oum
1261 3374 1381 3436 multis
1396 3375 1508 3454 potius
1523 3374 1598 3439 fieri
1616 3378 1681 3442 sel·

136 3471 172 3537 δέ
189 3471 338 3558 σωθῆναι,
354 3474 571 3560 προτρέπεται,
583 3484 647 3553 τοῖς
662 3485 757 3541 πᾶσιν
772 3475 888 3561 έπιφω-
931 3497 1006 3558 vus,
1018 3478 1184 3557 hortetur,
1197 3493 1313 3540 omnes
1321 3477 1499 3557 allocutus,
1512 3478 1554 3540 ad
1565 3497 1680 3543 ameu-

137 3587 211 3661 νῶν,
235 3578 363 3670 ἀγαπᾶν
384 3582 438 3644 τὸν
461 3579 552 3664 Θεὸν,
574 3581 630 3644 καί
653 3579 751 3666 μηδὲν
781 3567 888 3663 ἕτερον
931 3585 1012 3647 dum
1021 3579 1679 3664 Deum‚adnihileliudagendumquam

137 3681 288 3767 πράττειν
307 3685 329 3770 η
352 3693 391 3769 τη
406 3684 517 3770 ἀγάπη
539 3694 594 3749 του
617 3683 734 3770 Κυρίου
757 3683 888 3762 ἑαυτοὺς
932 3689 968 3751 iu
983 3685 1148 3750 charitate
1160 3684 1296 3747 Domini
1308 3683 1475 3764 devoveri,
1491 3690 1679 3768 votumque

136 3785 326 3871 ἀνατιθέναι,
346 3789 400 3852 καί
422 3797 514 3853 τοῦτο
536 3787 683 3874 πράττειν
706 3790 786 3873 μετὰ
808 3787 887 3872 ἀλη·
931 3787 1017 3854 illud
1028 3785 1188 3870 perficere
1205 3788 1241 3849 iu
1253 3788 1397 3850 veritate
1408 3789 1541 3851 sincera
1553 3794 1587 3853 et
1601 3807 1678 3853 oon-

135 3889 239 3975 θείας,
255 3890 390 3977 γνησίως
405 3895 460 3958 καί
474 3892 629 3977 καθαρῶς,
646 3892 731 3956 ἀλλὸι
754 3893 797 3978 μὴ
821 3891 887 3956 ἐπι·
930 3892 1018 3972 dida,
1041 3891 1114 3954 sine
1138 3889 1284 3970 fictione,
1307 3894 1341 3953 et
1356 3890 1484 3971 absque
1499 3891 1686 3975 hypocrisi:

135 3995 296 4076 πλάστως,
314 3995 395 4080 μηδὲ
418 3994 486 4082 μεθ’
508 3994 708 4080 ὑποκρίσεως,
732 3994 819 4080 λέγει
840 3996 888 4059 δτι
931 3997 980 4060 sit
996 4011 1118 4074 nempe
1134 3993 1224 4074 quod
1237 3993 1390 4059 orrttuter
1411 3997 1555 4078 requirit
1574 3997 1684 4061 Domt·

136 4096 288 4183 ἀληθείας
304 4098 434 4184 έκζητεῖ
444 4099 572 4184 Κύριος·
583 4099 749 4165 πεπεῖσθαι
760 4099 795 4164 δὲ
812 4100 888 4185 χρῆ,
931 4119 1003 4166 που.
1023 4101 1169 4180 Oportet,
1185 4098 1311 4179 inquit,
1327 4115 1505 4180 persuasos
1519 4117 1581 4165 vos
1595 4117 1680 4179 esse,

136 4203 243 4286 φησὶν,
270 4201 350 4288 ὑμᾶς
372 4205 445 4281 τοὺς
466 4212 510 4289 τῷ
534 4203 604 4289 Θεῷ
620 4201 887 4288 καθωσιωμένους,
932 4205 992 4286 qui
1015 4205 1084 4267 Deo
1108 4202 1293 4267 consecrati
1314 4204 1406 4283 estis,
1433 4202 1589 4267 futurum
1613 4221 1685 4268 esse

136 4304 179 4383 ῶς
203 4307 292 4371 ἔσται
313 4326 358 4385 τις
380 4309 490 4392 καιρὸς
512 4315 569 4392 τῆς
586 4317 642 4372 τοῦ
665 4307 747 4374 Θεοῶ
771 4307 888 4371 δικαιο-
932 4314 1064 4373 eertum
1093 4315 1237 4388 tempus,
1272 4309 1308 4371 in
1335 4315 1404 4388 quo
1429 4308 1491 4371 Dei
1517 4305 1690 4387 judicium

136 4409 270 4496 κρισίας,
287 4410 320 4474 ἐν
334 4412 356 4494 ῆ
372 4411 530 4476 ἀποδῶσει
544 4409 712 4496 ταπίχειρα
727 4412 770 4475 ῶν
789 4409 887 4494 πράτ-
932 4414 1008 4492 erit,
1030 4414 1066 4476 iu
1082 4430 1149 4493 quo
1164 4413 1330 4476 retribuet
1344 4413 1482 4494 praemie
1497 4428 1557 4494 pro
1572 4413 1681 4490 gestis

137 4527 244 4580 τουσιν
255 4513 306 4579 ἐπὶ
317 4524 373 4580 τοῶ
384 4514 537 4600 παρόντος
549 4514 578 4578 οἱ
589 4515 642 4578 τὸν
657 4513 738 4580 Θεὸν
751 4515 794 4600 μὴ
811 4511 889 4579 είδό-
933 4519 969 4581 in
984 4517 1048 4580 hoo
1062 4533 1133 4581 aevo
1148 4517 1191 4580 ab
1207 4518 1249 4580 iis
1264 4517 1325 4598 qui
1340 4517 1450 4580 Deum
1471 4531 1539 4578 non
1554 4515 1682 4596 vident,

137 4639 200 4700 τες,
228 4617 257 4682 σί
284 4618 365 4704 μηδὲ
393 4617 531 4704 μετρίως,
559 4615 630 4682 ἀλλ’
645 4619 689 4695 εἰς
708 4617 889 4705 ’όπερβολῆν
933 4622 1084 4702 quinon
1107 4619 1286 4700 moderate,
1310 4618 1368 4683 sed
1386 4636 1519 4682 summo
1535 4637 1612 4682 oum
1628 4637 1681 4682 er·

136 4721 420 4808 ἀλαζονευόμενοι·
437 4724 490 4800 οὒς
506 4723 542 4788 οὐ
565 4725 629 4810 χρὴ
653 4719 826 4808 φοβεῖσθαι,
846 4724 889 4802 είς
934 4725 1091 4804 rogantis
1105 4724 1326 4805 superbiunt3
1349 4738 1433 4803 quos
1448 4723 1569 4786 timere
1587 4721 1682 4786 netes

135 4823 279 4903 τὸτέλος
294 4827 396 4893 αὐτῶν
416 4826 611 4912 ἀφορῶντας,
635 4825 706 4891 ἀλλ’
729 4825 888 4912 ἀνδρίζεσ·
934 4833 995 4909 est,
1007 4829 1037 4892 si
1048 4826 1091 4890 sd
1103 4827 1233 4890 exitum
1245 4827 1383 4891 illorum
1395 4826 1685 4908 respicieturrsed

170 5063 222 5118 Ps.
235 5081 311 5132 xxx,
324 5080 352 5121 v.
366 5063 408 5119 13.
421 5063 488 5121 Vst.
501 5064 527 5120 5.
931 5063 994 5120 lixo
1005 5060 1042 5118 ds
1050 5078 1132 5118 more
1142 5066 1174 5118 st
1192 5065 1328 5118 contorte
1338 5059 1486 5133 supplevit
1497 5057 1689 5134 pedissequus

171 5168 200 5208 ν.
222 5151 266 5222 24,
287 5151 331 5206 25.
354 5152 421 5208 Vat.
447 5151 488 5207 13.
511 5151 667 5210 Deficienti
689 5151 781 5209 ferme
802 5152 888 5210 nobis
932 5149 1085 5222 Eusebius,
1104 5148 1297 5221 Origenisque
1315 5145 1454 5219 frequens
1469 5147 1621 5223 expilator,
1634 5145 1684 5203 hio

138 5235 260 5310 Origoui
271 5236 304 5296 in
315 5237 371 5296 hoo
384 5238 505 5312 psalmo,
518 5239 604 5313 plura
616 5245 646 5297 et
658 5257 744 5312 nova,
758 5238 810 5299 sed
823 5257 889 5314 pro·
933 5256 1003 5300 vero
1018 5245 1049 5297 et
1060 5239 1139 5298 infre
1151 5254 1228 5296 nuno
1240 5237 1367 5312 primum
1379 5235 1484 5296 editus.
