<?xml version="1.0" encoding="UTF-8"?>
<!DOCTYPE html PUBLIC "-//W3C//DTD XHTML 1.0 Transitional//EN"
    "http://www.w3.org/TR/xhtml1/DTD/xhtml1-transitional.dtd">
<html xmlns="http://www.w3.org/1999/xhtml" xml:lang="en" lang="en">
 <head>
  <title>
</title>
<meta http-equiv="Content-Type" content="text/html;charset=utf-8" />
  <meta name='ocr-system' content='tesseract 3.04.00' />
  <meta name='ocr-capabilities' content='ocr_page ocr_carea ocr_par ocr_line ocrx_word'/>
</head>
<body>
  <div class='ocr_page' id='page_1' title='image "./analectasacrasp00pitrgoog_0054.png"; bbox 0 0 4008 6094; ppageno 0'>
   <div class='ocr_carea' id='block_1_1' title="bbox 813 447 1709 516">
    <p class='ocr_par' dir='ltr' id='par_1_1' title="bbox 813 447 1709 516">
     <span class='ocr_line' id='line_1_1' title="bbox 813 447 1709 516; baseline 0.007 -6"><span class='ocrx_word' id='word_1_1' title='bbox 813 447 856 510; x_wconf 69' lang='lat' dir='ltr'>lx</span> <span class='ocrx_word' id='word_1_2' title='bbox 879 447 1065 511; x_wconf 75' lang='lat' dir='ltr'><strong>Psnhllos</strong></span> <span class='ocrx_word' id='word_1_3' title='bbox 1668 455 1709 516; x_wconf 77' lang='lat'>35</span> 
     </span>
    </p>
   </div>
   <div class='ocr_carea' id='block_1_2' title="bbox 137 581 1715 4943">
    <p class='ocr_par' dir='ltr' id='par_1_2' title="bbox 150 581 1709 2218">
     <span class='ocr_line' id='line_1_2' title="bbox 151 581 1705 673; baseline 0.008 -28"><span class='ocrx_word' id='word_1_4' title='bbox 151 581 310 664; x_wconf 85' lang='grc' dir='ltr'>πράξεως,</span> <span class='ocrx_word' id='word_1_5' title='bbox 333 581 386 648; x_wconf 79' lang='grc' dir='ltr'>διὰ</span> <span class='ocrx_word' id='word_1_6' title='bbox 408 591 469 649; x_wconf 79' lang='grc' dir='ltr'>τῶν</span> <span class='ocrx_word' id='word_1_7' title='bbox 491 584 705 670; x_wconf 85' lang='grc' dir='ltr'>εύαγγελικῦν</span> <span class='ocrx_word' id='word_1_8' title='bbox 727 587 908 673; x_wconf 85' lang='grc' dir='ltr'>παραγγελ-</span> <span class='ocrx_word' id='word_1_9' title='bbox 953 607 1020 670; x_wconf 89' lang='lat' dir='ltr'>que</span> <span class='ocrx_word' id='word_1_10' title='bbox 1035 606 1137 670; x_wconf 82' lang='lat' dir='ltr'><strong>super</strong></span> <span class='ocrx_word' id='word_1_11' title='bbox 1152 589 1249 652; x_wconf 83' lang='lat' dir='ltr'><strong>bases</strong></span> <span class='ocrx_word' id='word_1_12' title='bbox 1266 591 1457 670; x_wconf 81' lang='lat' dir='ltr'><strong>purissima</strong></span> <span class='ocrx_word' id='word_1_13' title='bbox 1473 595 1606 658; x_wconf 79' lang='lat' dir='ltr'><strong>anima.</strong></span> <span class='ocrx_word' id='word_1_14' title='bbox 1619 597 1705 660; x_wconf 73' lang='lat' dir='ltr'>Tum</span> 
     </span>
     <span class='ocr_line' id='line_1_3' title="bbox 154 685 1702 776; baseline 0.008 -27"><span class='ocrx_word' id='word_1_15' title='bbox 154 685 268 770; x_wconf 81' lang='grc' dir='ltr'><strong>μάτων</strong></span> <span class='ocrx_word' id='word_1_16' title='bbox 279 686 466 771; x_wconf 86' lang='grc' dir='ltr'>κατηύθυνε,</span> <span class='ocrx_word' id='word_1_17' title='bbox 478 690 533 753; x_wconf 86' lang='grc' dir='ltr'>καὶ</span> <span class='ocrx_word' id='word_1_18' title='bbox 544 688 681 774; x_wconf 73' lang='grc' dir='ltr'>βαδίζειν</span> <span class='ocrx_word' id='word_1_19' title='bbox 696 690 833 768; x_wconf 77' lang='grc' dir='ltr'>εὐκόλως</span> <span class='ocrx_word' id='word_1_20' title='bbox 847 701 910 758; x_wconf 88' lang='grc' dir='ltr'>τῦν</span> <span class='ocrx_word' id='word_1_21' title='bbox 953 691 1074 756; x_wconf 90' lang='lat' dir='ltr'><strong>deinde</strong></span> <span class='ocrx_word' id='word_1_22' title='bbox 1089 691 1212 756; x_wconf 77' lang='lat' dir='ltr'><strong>direxit</strong></span> <span class='ocrx_word' id='word_1_23' title='bbox 1222 693 1323 774; x_wconf 73' lang='lat' dir='ltr'><strong>plara</strong></span> <span class='ocrx_word' id='word_1_24' title='bbox 1342 711 1475 776; x_wconf 76' lang='grc' dir='ltr'>ρταεαιε</span> <span class='ocrx_word' id='word_1_25' title='bbox 1489 701 1624 776; x_wconf 75' lang='grc' dir='ltr'>νοείτω,</span> <span class='ocrx_word' id='word_1_26' title='bbox 1644 715 1702 761; x_wconf 90' lang='lat' dir='ltr'>no-</span> 
     </span>
     <span class='ocr_line' id='line_1_4' title="bbox 155 788 1706 882; baseline 0.007 -30"><span class='ocrx_word' id='word_1_27' title='bbox 155 788 297 854; x_wconf 83' lang='grc' dir='ltr'>ένιολύν</span> <span class='ocrx_word' id='word_1_28' title='bbox 311 791 368 868; x_wconf 79' lang='grc' dir='ltr'>τὰς</span> <span class='ocrx_word' id='word_1_29' title='bbox 383 791 475 869; x_wconf 90' lang='grc' dir='ltr'>όδούς</span> <span class='ocrx_word' id='word_1_30' title='bbox 489 791 630 878; x_wconf 80' lang='grc' dir='ltr'>ἐποίησε,</span> <span class='ocrx_word' id='word_1_31' title='bbox 646 793 750 873; x_wconf 86' lang='grc' dir='ltr'>δείξας</span> <span class='ocrx_word' id='word_1_32' title='bbox 763 804 830 872; x_wconf 88' lang='grc' dir='ltr'>πῦς</span> <span class='ocrx_word' id='word_1_33' title='bbox 844 798 909 882; x_wconf 79' lang='grc' dir='ltr'>χρὴ</span> <span class='ocrx_word' id='word_1_34' title='bbox 953 801 1031 860; x_wconf 81' lang='lat' dir='ltr'><strong>strae</strong></span> <span class='ocrx_word' id='word_1_35' title='bbox 1064 796 1228 858; x_wconf 91' lang='lat' dir='ltr'><strong>nimirum</strong></span> <span class='ocrx_word' id='word_1_36' title='bbox 1268 797 1421 876; x_wconf 70' lang='lat' dir='ltr'><strong>actionia</strong></span> <span class='ocrx_word' id='word_1_37' title='bbox 1451 815 1511 879; x_wconf 87' lang='lat' dir='ltr'><strong>per</strong></span> <span class='ocrx_word' id='word_1_38' title='bbox 1546 799 1706 863; x_wconf 89' lang='lat' dir='ltr'><strong>mandata</strong></span> 
     </span>
     <span class='ocr_line' id='line_1_5' title="bbox 155 892 1706 985; baseline 0.006 -29"><span class='ocrx_word' id='word_1_39' title='bbox 155 894 221 976; x_wconf 81' lang='grc' dir='ltr'>τὴν</span> <span class='ocrx_word' id='word_1_40' title='bbox 236 892 323 978; x_wconf 76' lang='grc' dir='ltr'>ζωὴν</span> <span class='ocrx_word' id='word_1_41' title='bbox 337 894 466 977; x_wconf 81' lang='grc' dir='ltr'>ὁδεύειν,</span> <span class='ocrx_word' id='word_1_42' title='bbox 482 897 563 962; x_wconf 78' lang='grc' dir='ltr'>ὥστε</span> <span class='ocrx_word' id='word_1_43' title='bbox 579 899 614 961; x_wconf 91' lang='grc' dir='ltr'>τό</span> <span class='ocrx_word' id='word_1_44' title='bbox 627 899 683 983; x_wconf 88' lang='grc' dir='ltr'>μέν</span> <span class='ocrx_word' id='word_1_45' title='bbox 696 901 740 984; x_wconf 82' lang='grc' dir='ltr'>μὴ</span> <span class='ocrx_word' id='word_1_46' title='bbox 753 901 910 985; x_wconf 80' lang='grc' dir='ltr'>μοιχεύειν</span> <span class='ocrx_word' id='word_1_47' title='bbox 953 900 1163 978; x_wconf 81' lang='lat' dir='ltr'><strong>evangelica,</strong></span> <span class='ocrx_word' id='word_1_48' title='bbox 1176 901 1376 982; x_wconf 79' lang='lat' dir='ltr'>curavitque</span> <span class='ocrx_word' id='word_1_49' title='bbox 1388 901 1706 984; x_wconf 83' lang='lat' dir='ltr'><strong>terendasprompto</strong></span> 
     </span>
     <span class='ocr_line' id='line_1_6' title="bbox 150 997 1705 1090; baseline 0.006 -28"><span class='ocrx_word' id='word_1_50' title='bbox 150 997 331 1083; x_wconf 80' lang='grc' dir='ltr'>κατορθοῦν</span> <span class='ocrx_word' id='word_1_51' title='bbox 345 999 382 1064; x_wconf 87' lang='grc' dir='ltr'>έν</span> <span class='ocrx_word' id='word_1_52' title='bbox 395 1009 439 1086; x_wconf 82' lang='grc' dir='ltr'>τῷ</span> <span class='ocrx_word' id='word_1_53' title='bbox 455 1001 529 1088; x_wconf 88' lang='grc' dir='ltr'>μηδ’</span> <span class='ocrx_word' id='word_1_54' title='bbox 543 1003 623 1081; x_wconf 90' lang='grc' dir='ltr'>όλως</span> <span class='ocrx_word' id='word_1_55' title='bbox 638 1003 806 1090; x_wconf 82' lang='grc' dir='ltr'>ἐπιθυμεῖν,</span> <span class='ocrx_word' id='word_1_56' title='bbox 822 1009 858 1070; x_wconf 90' lang='grc' dir='ltr'>τό</span> <span class='ocrx_word' id='word_1_57' title='bbox 874 1006 909 1072; x_wconf 79' lang='grc' dir='ltr'>δὲ</span> <span class='ocrx_word' id='word_1_58' title='bbox 953 1003 1037 1086; x_wconf 87' lang='lat' dir='ltr'><strong>pede</strong></span> <span class='ocrx_word' id='word_1_59' title='bbox 1053 1005 1127 1068; x_wconf 81' lang='lat' dir='ltr'><strong>vias</strong></span> <span class='ocrx_word' id='word_1_60' title='bbox 1142 1011 1397 1086; x_wconf 77' lang='lat' dir='ltr'><strong>praceptorum,</strong></span> <span class='ocrx_word' id='word_1_61' title='bbox 1423 1005 1602 1070; x_wconf 81' lang='lat' dir='ltr'><strong>ostendens</strong></span> <span class='ocrx_word' id='word_1_62' title='bbox 1624 1025 1705 1088; x_wconf 90' lang='lat' dir='ltr'>quo-</span> 
     </span>
     <span class='ocr_line' id='line_1_7' title="bbox 153 1104 1709 1194; baseline 0.004 -27"><span class='ocrx_word' id='word_1_63' title='bbox 153 1105 204 1188; x_wconf 79' lang='grc' dir='ltr'><strong>μή</strong></span> <span class='ocrx_word' id='word_1_64' title='bbox 217 1104 358 1188; x_wconf 82' lang='grc' dir='ltr'>φονεύειν</span> <span class='ocrx_word' id='word_1_65' title='bbox 373 1104 408 1169; x_wconf 87' lang='grc' dir='ltr'>έν</span> <span class='ocrx_word' id='word_1_66' title='bbox 423 1115 467 1192; x_wconf 80' lang='grc' dir='ltr'>τῷ</span> <span class='ocrx_word' id='word_1_67' title='bbox 483 1106 563 1192; x_wconf 85' lang='grc' dir='ltr'>μηδὲ</span> <span class='ocrx_word' id='word_1_68' title='bbox 578 1109 638 1193; x_wconf 80' lang='grc' dir='ltr'>την</span> <span class='ocrx_word' id='word_1_69' title='bbox 653 1106 758 1194; x_wconf 80' lang='grc' dir='ltr'>ἀρχὴν</span> <span class='ocrx_word' id='word_1_70' title='bbox 769 1108 910 1194; x_wconf 83' lang='grc' dir='ltr'>δργίζεσ-</span> <span class='ocrx_word' id='word_1_71' title='bbox 954 1107 1054 1171; x_wconf 90' lang='lat' dir='ltr'><strong>modo</strong></span> <span class='ocrx_word' id='word_1_72' title='bbox 1069 1112 1223 1190; x_wconf 82' lang='lat' dir='ltr'>oporteat</span> <span class='ocrx_word' id='word_1_73' title='bbox 1243 1111 1350 1172; x_wconf 85' lang='lat' dir='ltr'><strong>vitam</strong></span> <span class='ocrx_word' id='word_1_74' title='bbox 1372 1109 1564 1172; x_wconf 90' lang='lat' dir='ltr'><strong>ambulare:</strong></span> <span class='ocrx_word' id='word_1_75' title='bbox 1584 1112 1631 1173; x_wconf 92' lang='lat' dir='ltr'><strong>ita</strong></span> <span class='ocrx_word' id='word_1_76' title='bbox 1646 1113 1709 1174; x_wconf 90' lang='lat' dir='ltr'><strong>sci·</strong></span> 
     </span>
     <span class='ocr_line' id='line_1_8' title="bbox 152 1204 1709 1300; baseline 0.006 -31"><span class='ocrx_word' id='word_1_77' title='bbox 152 1204 220 1288; x_wconf 87' lang='grc' dir='ltr'>θαι,</span> <span class='ocrx_word' id='word_1_78' title='bbox 237 1207 273 1270; x_wconf 89' lang='grc' dir='ltr'>τό</span> <span class='ocrx_word' id='word_1_79' title='bbox 287 1206 323 1270; x_wconf 88' lang='grc' dir='ltr'>δέ</span> <span class='ocrx_word' id='word_1_80' title='bbox 339 1209 383 1292; x_wconf 80' lang='grc' dir='ltr'>μὴ</span> <span class='ocrx_word' id='word_1_81' title='bbox 404 1207 595 1293; x_wconf 78' lang='grc' dir='ltr'>ἁμαρτάνειν</span> <span class='ocrx_word' id='word_1_82' title='bbox 616 1211 660 1288; x_wconf 89' lang='grc' dir='ltr'>εἰς</span> <span class='ocrx_word' id='word_1_83' title='bbox 675 1213 787 1296; x_wconf 88' lang='grc' dir='ltr'>όρκους</span> <span class='ocrx_word' id='word_1_84' title='bbox 809 1214 844 1279; x_wconf 81' lang='grc' dir='ltr'>έν</span> <span class='ocrx_word' id='word_1_85' title='bbox 865 1223 909 1300; x_wconf 80' lang='grc' dir='ltr'>τῷ</span> <span class='ocrx_word' id='word_1_86' title='bbox 957 1213 1037 1276; x_wconf 88' lang='lat' dir='ltr'><strong>lieet</strong></span> <span class='ocrx_word' id='word_1_87' title='bbox 1051 1217 1091 1275; x_wconf 91' lang='lat' dir='ltr'>ut</span> <span class='ocrx_word' id='word_1_88' title='bbox 1106 1213 1160 1276; x_wconf 81' lang='lat' dir='ltr'>lex</span> <span class='ocrx_word' id='word_1_89' title='bbox 1182 1217 1300 1276; x_wconf 88' lang='lat' dir='ltr'><strong>contra</strong></span> <span class='ocrx_word' id='word_1_90' title='bbox 1323 1213 1530 1277; x_wconf 81' lang='lat' dir='ltr'><strong>adulterium</strong></span> <span class='ocrx_word' id='word_1_91' title='bbox 1553 1213 1709 1278; x_wconf 84' lang='lat' dir='ltr'><strong>reforme-</strong></span> 
     </span>
     <span class='ocr_line' id='line_1_9' title="bbox 154 1311 1708 1400; baseline 0.005 -27"><span class='ocrx_word' id='word_1_92' title='bbox 154 1311 203 1394; x_wconf 80' lang='grc' dir='ltr'>μὴ</span> <span class='ocrx_word' id='word_1_93' title='bbox 221 1311 345 1396; x_wconf 82' lang='grc' dir='ltr'>ὀμνύειν</span> <span class='ocrx_word' id='word_1_94' title='bbox 361 1313 405 1396; x_wconf 80' lang='grc' dir='ltr'>μὴ</span> <span class='ocrx_word' id='word_1_95' title='bbox 422 1313 792 1400; x_wconf 83' lang='grc' dir='ltr'>μικρδνῆμέγανόρκον.</span> <span class='ocrx_word' id='word_1_96' title='bbox 807 1315 908 1382; x_wconf 86' lang='grc' dir='ltr'>Ἀντι-</span> <span class='ocrx_word' id='word_1_97' title='bbox 953 1321 1011 1380; x_wconf 88' lang='lat' dir='ltr'><strong>tur</strong></span> <span class='ocrx_word' id='word_1_98' title='bbox 1036 1318 1072 1379; x_wconf 93' lang='lat' dir='ltr'>in</span> <span class='ocrx_word' id='word_1_99' title='bbox 1098 1317 1253 1380; x_wconf 78' lang='lat' dir='ltr'><strong>illicitam</strong></span> <span class='ocrx_word' id='word_1_100' title='bbox 1277 1333 1528 1399; x_wconf 82' lang='lat' dir='ltr'>quamcumque</span> <span class='ocrx_word' id='word_1_101' title='bbox 1551 1317 1708 1398; x_wconf 86' lang='lat' dir='ltr'><strong>concupi·</strong></span> 
     </span>
     <span class='ocr_line' id='line_1_10' title="bbox 150 1411 1709 1508; baseline 0.006 -32"><span class='ocrx_word' id='word_1_102' title='bbox 150 1411 336 1478; x_wconf 86' lang='grc' dir='ltr'>διέσταλται</span> <span class='ocrx_word' id='word_1_103' title='bbox 350 1414 422 1500; x_wconf 77' lang='grc' dir='ltr'>δέη</span> <span class='ocrx_word' id='word_1_104' title='bbox 439 1414 540 1501; x_wconf 87' lang='grc' dir='ltr'>πέτρα</span> <span class='ocrx_word' id='word_1_105' title='bbox 557 1427 602 1503; x_wconf 82' lang='grc' dir='ltr'>τῷ</span> <span class='ocrx_word' id='word_1_106' title='bbox 623 1426 681 1502; x_wconf 80' lang='grc' dir='ltr'>της</span> <span class='ocrx_word' id='word_1_107' title='bbox 704 1419 789 1498; x_wconf 84' lang='grc' dir='ltr'>ἰλύος</span> <span class='ocrx_word' id='word_1_108' title='bbox 804 1421 907 1508; x_wconf 81' lang='grc' dir='ltr'>πηλῷ,</span> <span class='ocrx_word' id='word_1_109' title='bbox 954 1423 1135 1502; x_wconf 84' lang='lat' dir='ltr'><strong>scentiam3</strong></span> <span class='ocrx_word' id='word_1_110' title='bbox 1167 1429 1206 1486; x_wconf 90' lang='lat' dir='ltr'>ut</span> <span class='ocrx_word' id='word_1_111' title='bbox 1236 1423 1380 1486; x_wconf 81' lang='lat' dir='ltr'><strong>vetitum</strong></span> <span class='ocrx_word' id='word_1_112' title='bbox 1411 1422 1633 1486; x_wconf 78' lang='lat' dir='ltr'><strong>homicidium</strong></span> <span class='ocrx_word' id='word_1_113' title='bbox 1662 1423 1709 1486; x_wconf 90' lang='lat' dir='ltr'>sit</span> 
     </span>
     <span class='ocr_line' id='line_1_11' title="bbox 151 1519 1705 1610; baseline 0.006 -29"><span class='ocrx_word' id='word_1_114' title='bbox 151 1519 211 1582; x_wconf 88' lang='grc' dir='ltr'>τόν</span> <span class='ocrx_word' id='word_1_115' title='bbox 227 1519 351 1604; x_wconf 77' lang='grc' dir='ltr'>εὐπαγῆ</span> <span class='ocrx_word' id='word_1_116' title='bbox 367 1520 510 1605; x_wconf 84' lang='grc' dir='ltr'>δηλοῦσα</span> <span class='ocrx_word' id='word_1_117' title='bbox 525 1531 580 1586; x_wconf 89' lang='grc' dir='ltr'>τοῦ</span> <span class='ocrx_word' id='word_1_118' title='bbox 596 1523 726 1608; x_wconf 76' lang='grc' dir='ltr'>στερροῦ</span> <span class='ocrx_word' id='word_1_119' title='bbox 743 1524 840 1610; x_wconf 89' lang='grc' dir='ltr'>λόγου</span> <span class='ocrx_word' id='word_1_120' title='bbox 858 1526 908 1591; x_wconf 94' lang='grc' dir='ltr'>θε-</span> <span class='ocrx_word' id='word_1_121' title='bbox 952 1528 1056 1590; x_wconf 86' lang='lat' dir='ltr'><strong>etiarn</strong></span> <span class='ocrx_word' id='word_1_122' title='bbox 1072 1527 1217 1589; x_wconf 86' lang='lat' dir='ltr'><strong>vetitum</strong></span> <span class='ocrx_word' id='word_1_123' title='bbox 1237 1526 1295 1588; x_wconf 74' lang='lat' dir='ltr'><strong>irae</strong></span> <span class='ocrx_word' id='word_1_124' title='bbox 1319 1527 1472 1606; x_wconf 83' lang='lat' dir='ltr'><strong>initium3</strong></span> <span class='ocrx_word' id='word_1_125' title='bbox 1497 1532 1536 1589; x_wconf 89' lang='lat' dir='ltr'>ut</span> <span class='ocrx_word' id='word_1_126' title='bbox 1557 1527 1705 1608; x_wconf 90' lang='lat' dir='ltr'><strong>prohihi-</strong></span> 
     </span>
     <span class='ocr_line' id='line_1_12' title="bbox 150 1621 1705 1712; baseline 0.004 -24"><span class='ocrx_word' id='word_1_127' title='bbox 150 1621 272 1708; x_wconf 82' lang='grc' dir='ltr'>μέλιον.</span> <span class='ocrx_word' id='word_1_128' title='bbox 950 1637 1025 1696; x_wconf 89' lang='lat' dir='ltr'>tum</span> <span class='ocrx_word' id='word_1_129' title='bbox 1060 1631 1228 1696; x_wconf 77' lang='lat' dir='ltr'><strong>nefarium</strong></span> <span class='ocrx_word' id='word_1_130' title='bbox 1258 1631 1491 1712; x_wconf 89' lang='lat' dir='ltr'><strong>juramentum</strong></span> <span class='ocrx_word' id='word_1_131' title='bbox 1527 1631 1705 1712; x_wconf 87' lang='lat' dir='ltr'><strong>prohibeat</strong></span> 
     </span>
     <span class='ocr_line' id='line_1_13' title="bbox 952 1735 1706 1817; baseline -0.005 -16"><span class='ocrx_word' id='word_1_132' title='bbox 952 1755 994 1801; x_wconf 89' lang='lat' dir='ltr'>ne</span> <span class='ocrx_word' id='word_1_133' title='bbox 1021 1737 1066 1800; x_wconf 86' lang='lat' dir='ltr'>sit</span> <span class='ocrx_word' id='word_1_134' title='bbox 1092 1735 1329 1817; x_wconf 88' lang='lat' dir='ltr'><strong>quodcumque</strong></span> <span class='ocrx_word' id='word_1_135' title='bbox 1357 1735 1429 1798; x_wconf 89' lang='lat' dir='ltr'><strong>sive</strong></span> <span class='ocrx_word' id='word_1_136' title='bbox 1456 1751 1610 1813; x_wconf 81' lang='lat' dir='ltr'><strong>parvum,</strong></span> <span class='ocrx_word' id='word_1_137' title='bbox 1633 1736 1706 1798; x_wconf 86' lang='lat' dir='ltr'><strong>sive</strong></span> 
     </span>
     <span class='ocr_line' id='line_1_14' title="bbox 950 1838 1707 1920; baseline -0.005 -16"><span class='ocrx_word' id='word_1_138' title='bbox 950 1858 1117 1920; x_wconf 87' lang='lat' dir='ltr'><strong>magnum</strong></span> <span class='ocrx_word' id='word_1_139' title='bbox 1144 1838 1395 1919; x_wconf 74' lang='lat' dir='ltr'><strong>J&#39;uaJuraudum.</strong></span> <span class='ocrx_word' id='word_1_140' title='bbox 1424 1838 1501 1900; x_wconf 90' lang='lat' dir='ltr'><strong>Luti</strong></span> <span class='ocrx_word' id='word_1_141' title='bbox 1524 1841 1638 1900; x_wconf 89' lang='lat' dir='ltr'><strong>autem</strong></span> <span class='ocrx_word' id='word_1_142' title='bbox 1667 1839 1707 1900; x_wconf 91' lang='lat' dir='ltr'>li-</span> 
     </span>
     <span class='ocr_line' id='line_1_15' title="bbox 951 1947 1703 2028; baseline -0.005 -18"><span class='ocrx_word' id='word_1_143' title='bbox 951 1965 1006 2010; x_wconf 92' lang='lat' dir='ltr'>mo</span> <span class='ocrx_word' id='word_1_144' title='bbox 1021 1947 1174 2028; x_wconf 87' lang='lat' dir='ltr'><strong>opposita</strong></span> <span class='ocrx_word' id='word_1_145' title='bbox 1189 1949 1241 2008; x_wconf 83' lang='lat' dir='ltr'>est</span> <span class='ocrx_word' id='word_1_146' title='bbox 1255 1947 1360 2026; x_wconf 87' lang='lat' dir='ltr'><strong>petra,</strong></span> <span class='ocrx_word' id='word_1_147' title='bbox 1376 1947 1416 2006; x_wconf 89' lang='lat' dir='ltr'>ut</span> <span class='ocrx_word' id='word_1_148' title='bbox 1438 1960 1498 2024; x_wconf 89' lang='lat' dir='ltr'><strong>per</strong></span> <span class='ocrx_word' id='word_1_149' title='bbox 1521 1959 1596 2005; x_wconf 91' lang='lat' dir='ltr'><strong>eam</strong></span> <span class='ocrx_word' id='word_1_150' title='bbox 1612 1947 1703 2024; x_wconf 88' lang='lat' dir='ltr'><strong>pate-</strong></span> 
     </span>
     <span class='ocr_line' id='line_1_16' title="bbox 951 2045 1703 2129; baseline -0.004 -17"><span class='ocrx_word' id='word_1_151' title='bbox 951 2050 1011 2112; x_wconf 84' lang='lat' dir='ltr'><strong>fiat</strong></span> <span class='ocrx_word' id='word_1_152' title='bbox 1026 2049 1169 2128; x_wconf 81' lang='lat' dir='ltr'><strong>egregie</strong></span> <span class='ocrx_word' id='word_1_153' title='bbox 1184 2045 1397 2129; x_wconf 87' lang='lat' dir='ltr'><strong>compactum</strong></span> <span class='ocrx_word' id='word_1_154' title='bbox 1409 2046 1508 2110; x_wconf 84' lang='lat' dir='ltr'><strong>solidi</strong></span> <span class='ocrx_word' id='word_1_155' title='bbox 1519 2045 1615 2109; x_wconf 84' lang='lat' dir='ltr'><strong>verbi</strong></span> <span class='ocrx_word' id='word_1_156' title='bbox 1627 2045 1703 2109; x_wconf 86' lang='lat' dir='ltr'><strong>sun-</strong></span> 
     </span>
     <span class='ocr_line' id='line_1_17' title="bbox 955 2155 1162 2218; baseline -0.01 0"><span class='ocrx_word' id='word_1_157' title='bbox 955 2155 1162 2218; x_wconf 78' lang='lat' dir='ltr'><strong>dementum.</strong></span> 
     </span>
    </p>

    <p class='ocr_par' dir='ltr' id='par_1_3' title="bbox 147 2247 1698 2448">
     <span class='ocr_line' id='line_1_18' title="bbox 196 2247 1698 2340; baseline 0.001 -27"><span class='ocrx_word' id='word_1_158' title='bbox 196 2269 229 2314; x_wconf 83' lang='grc' dir='ltr'>ν.</span> <span class='ocrx_word' id='word_1_159' title='bbox 243 2252 273 2314; x_wconf 83' lang='grc'>4.</span> <span class='ocrx_word' id='word_1_160' title='bbox 285 2249 351 2315; x_wconf 85' lang='grc' dir='ltr'>Καί</span> <span class='ocrx_word' id='word_1_161' title='bbox 365 2247 513 2316; x_wconf 82' lang='grc' dir='ltr'>ἐνέύαλεν</span> <span class='ocrx_word' id='word_1_162' title='bbox 525 2253 569 2329; x_wconf 87' lang='grc' dir='ltr'>εἰς</span> <span class='ocrx_word' id='word_1_163' title='bbox 582 2253 618 2315; x_wconf 89' lang='grc' dir='ltr'>τό</span> <span class='ocrx_word' id='word_1_164' title='bbox 631 2250 733 2337; x_wconf 80' lang='grc' dir='ltr'>στόμα</span> <span class='ocrx_word' id='word_1_165' title='bbox 746 2272 805 2338; x_wconf 89' lang='grc' dir='ltr'>μου</span> <span class='ocrx_word' id='word_1_166' title='bbox 816 2252 905 2340; x_wconf 74' lang='grc' dir='ltr'>ᾆσμα</span> <span class='ocrx_word' id='word_1_167' title='bbox 993 2278 1025 2322; x_wconf 87' lang='grc' dir='ltr'>ν.</span> <span class='ocrx_word' id='word_1_168' title='bbox 1041 2261 1072 2322; x_wconf 84' lang='grc'>4.</span> <span class='ocrx_word' id='word_1_169' title='bbox 1088 2259 1134 2323; x_wconf 76' lang='lat' dir='ltr'><strong>m</strong></span> <span class='ocrx_word' id='word_1_170' title='bbox 1154 2255 1294 2321; x_wconf 73' lang='lat' dir='ltr'><strong>iminiait</strong></span> <span class='ocrx_word' id='word_1_171' title='bbox 1313 2255 1350 2318; x_wconf 83' lang='grc' dir='ltr'>ι’νι</span> <span class='ocrx_word' id='word_1_172' title='bbox 1364 2271 1399 2318; x_wconf 79' lang='grc' dir='ltr'>οε</span> <span class='ocrx_word' id='word_1_173' title='bbox 1413 2270 1517 2318; x_wconf 68' lang='lat' dir='ltr'><strong>metim</strong></span> <span class='ocrx_word' id='word_1_174' title='bbox 1538 2254 1698 2318; x_wconf 76' lang='lat' dir='ltr'>cauticum</span> 
     </span>
     <span class='ocr_line' id='line_1_19' title="bbox 147 2355 1673 2448; baseline 0.001 -29"><span class='ocrx_word' id='word_1_175' title='bbox 147 2357 271 2438; x_wconf 87' lang='grc' dir='ltr'>καινόν,</span> <span class='ocrx_word' id='word_1_176' title='bbox 288 2357 384 2440; x_wconf 87' lang='grc' dir='ltr'>ὕμνον</span> <span class='ocrx_word' id='word_1_177' title='bbox 399 2365 442 2442; x_wconf 82' lang='grc' dir='ltr'>τῷ</span> <span class='ocrx_word' id='word_1_178' title='bbox 458 2355 530 2440; x_wconf 85' lang='grc' dir='ltr'>Θεῷ</span> <span class='ocrx_word' id='word_1_179' title='bbox 544 2355 644 2441; x_wconf 76' lang='grc' dir='ltr'>ἡμῶν.</span> <span class='ocrx_word' id='word_1_180' title='bbox 953 2379 1078 2442; x_wconf 74' lang='grc' dir='ltr'>πότνιαι,</span> <span class='ocrx_word' id='word_1_181' title='bbox 1104 2361 1259 2444; x_wconf 70' lang='lat' dir='ltr'><strong>lyranum</strong></span> <span class='ocrx_word' id='word_1_182' title='bbox 1282 2361 1347 2422; x_wconf 76' lang='lat' dir='ltr'>heo</span> <span class='ocrx_word' id='word_1_183' title='bbox 1369 2362 1489 2422; x_wconf 78' lang='grc' dir='ltr'>αοείτο.</span> <span class='ocrx_word' id='word_1_184' title='bbox 1671 2441 1673 2448; x_wconf 14' lang='lat' dir='ltr'>y</span> 
     </span>
    </p>

    <p class='ocr_par' dir='ltr' id='par_1_4' title="bbox 137 2454 1706 3588">
     <span class='ocr_line' id='line_1_20' title="bbox 194 2454 1704 2549; baseline -0.001 -26"><span class='ocrx_word' id='word_1_185' title='bbox 194 2454 310 2545; x_wconf 85' lang='grc' dir='ltr'>Ὗμνος</span> <span class='ocrx_word' id='word_1_186' title='bbox 332 2459 417 2525; x_wconf 84' lang='grc' dir='ltr'>ἐστὶν</span> <span class='ocrx_word' id='word_1_187' title='bbox 442 2460 590 2544; x_wconf 81' lang='grc' dir='ltr'>ἔκπληξις</span> <span class='ocrx_word' id='word_1_188' title='bbox 614 2463 694 2546; x_wconf 79' lang='grc' dir='ltr'>μετὰ</span> <span class='ocrx_word' id='word_1_189' title='bbox 719 2459 902 2547; x_wconf 83' lang='grc' dir='ltr'>δοξολογίας</span> <span class='ocrx_word' id='word_1_190' title='bbox 993 2468 1149 2549; x_wconf 81' lang='lat' dir='ltr'>Hymnus</span> <span class='ocrx_word' id='word_1_191' title='bbox 1164 2469 1216 2528; x_wconf 85' lang='lat' dir='ltr'>est</span> <span class='ocrx_word' id='word_1_192' title='bbox 1231 2463 1410 2526; x_wconf 90' lang='lat' dir='ltr'><strong>admiratio</strong></span> <span class='ocrx_word' id='word_1_193' title='bbox 1425 2479 1504 2526; x_wconf 88' lang='lat' dir='ltr'>eum</span> <span class='ocrx_word' id='word_1_194' title='bbox 1523 2460 1704 2538; x_wconf 82' lang='lat' dir='ltr'><strong>doxologia</strong></span> 
     </span>
     <span class='ocr_line' id='line_1_21' title="bbox 146 2563 1706 2652; baseline -0.003 -22"><span class='ocrx_word' id='word_1_195' title='bbox 146 2565 203 2630; x_wconf 81' lang='grc' dir='ltr'>ἐπὶ</span> <span class='ocrx_word' id='word_1_196' title='bbox 218 2575 257 2650; x_wconf 72' lang='grc' dir='ltr'>τῇ</span> <span class='ocrx_word' id='word_1_197' title='bbox 273 2564 389 2650; x_wconf 84' lang='grc' dir='ltr'>θεωρίᾳ</span> <span class='ocrx_word' id='word_1_198' title='bbox 402 2576 464 2631; x_wconf 81' lang='grc' dir='ltr'>τῶν</span> <span class='ocrx_word' id='word_1_199' title='bbox 474 2567 659 2652; x_wconf 81' lang='grc' dir='ltr'>γεγονότων.</span> <span class='ocrx_word' id='word_1_200' title='bbox 674 2565 790 2632; x_wconf 87' lang='grc' dir='ltr'>Ἀλλο.</span> <span class='ocrx_word' id='word_1_201' title='bbox 814 2567 904 2652; x_wconf 82' lang='grc' dir='ltr'>Πρω-</span> <span class='ocrx_word' id='word_1_202' title='bbox 948 2575 1085 2651; x_wconf 90' lang='lat' dir='ltr'><strong>propter</strong></span> <span class='ocrx_word' id='word_1_203' title='bbox 1099 2567 1418 2649; x_wconf 86' lang='lat' dir='ltr'><strong>contemplationem</strong></span> <span class='ocrx_word' id='word_1_204' title='bbox 1432 2580 1546 2628; x_wconf 87' lang='lat' dir='ltr'><strong>rerum</strong></span> <span class='ocrx_word' id='word_1_205' title='bbox 1565 2581 1641 2644; x_wconf 84' lang='lat' dir='ltr'>quoe</span> <span class='ocrx_word' id='word_1_206' title='bbox 1657 2563 1706 2626; x_wconf 82' lang='lat' dir='ltr'><strong>ia-</strong></span> 
     </span>
     <span class='ocr_line' id='line_1_22' title="bbox 147 2669 1702 2756; baseline -0.003 -22"><span class='ocrx_word' id='word_1_207' title='bbox 147 2670 239 2735; x_wconf 90' lang='grc' dir='ltr'>τονό</span> <span class='ocrx_word' id='word_1_208' title='bbox 262 2670 343 2746; x_wconf 83' lang='grc' dir='ltr'>Θεὸς</span> <span class='ocrx_word' id='word_1_209' title='bbox 366 2669 477 2756; x_wconf 80' lang='grc' dir='ltr'>ἀνάγει</span> <span class='ocrx_word' id='word_1_210' title='bbox 499 2674 569 2737; x_wconf 84' lang='grc' dir='ltr'>τινά</span> <span class='ocrx_word' id='word_1_211' title='bbox 590 2672 630 2736; x_wconf 78' lang='grc' dir='ltr'>ἐκ</span> <span class='ocrx_word' id='word_1_212' title='bbox 651 2671 774 2736; x_wconf 82' lang='grc' dir='ltr'>λάκκου</span> <span class='ocrx_word' id='word_1_213' title='bbox 796 2671 904 2737; x_wconf 89' lang='grc' dir='ltr'>ταλαι-</span> <span class='ocrx_word' id='word_1_214' title='bbox 950 2677 1012 2737; x_wconf 74' lang='lat' dir='ltr'><strong>cta</strong></span> <span class='ocrx_word' id='word_1_215' title='bbox 1027 2677 1117 2735; x_wconf 87' lang='lat' dir='ltr'><strong>sunt.</strong></span> <span class='ocrx_word' id='word_1_216' title='bbox 1145 2674 1268 2736; x_wconf 84' lang='lat' dir='ltr'><strong>Aliter:</strong></span> <span class='ocrx_word' id='word_1_217' title='bbox 1292 2671 1411 2753; x_wconf 90' lang='lat' dir='ltr'><strong>prim0,</strong></span> <span class='ocrx_word' id='word_1_218' title='bbox 1434 2671 1525 2732; x_wconf 84' lang='lat' dir='ltr'><strong>Deus</strong></span> <span class='ocrx_word' id='word_1_219' title='bbox 1552 2669 1702 2750; x_wconf 82' lang='lat' dir='ltr'>aliquem</span> 
     </span>
     <span class='ocr_line' id='line_1_23' title="bbox 147 2773 1704 2862; baseline -0.001 -24"><span class='ocrx_word' id='word_1_220' title='bbox 147 2773 289 2859; x_wconf 88' lang='grc' dir='ltr'>πωρίας·</span> <span class='ocrx_word' id='word_1_221' title='bbox 311 2775 466 2859; x_wconf 85' lang='grc' dir='ltr'>δεύτερον,</span> <span class='ocrx_word' id='word_1_222' title='bbox 485 2775 537 2841; x_wconf 84' lang='grc' dir='ltr'>έπί</span> <span class='ocrx_word' id='word_1_223' title='bbox 552 2774 669 2860; x_wconf 90' lang='grc' dir='ltr'>πέτραν</span> <span class='ocrx_word' id='word_1_224' title='bbox 684 2777 806 2862; x_wconf 81' lang='grc' dir='ltr'>ύστησιν</span> <span class='ocrx_word' id='word_1_225' title='bbox 828 2779 903 2854; x_wconf 87' lang='grc' dir='ltr'>τούς</span> <span class='ocrx_word' id='word_1_226' title='bbox 950 2777 1122 2840; x_wconf 84' lang='lat' dir='ltr'><strong>adducite</strong></span> <span class='ocrx_word' id='word_1_227' title='bbox 1141 2777 1218 2840; x_wconf 87' lang='lat' dir='ltr'><strong>lacu</strong></span> <span class='ocrx_word' id='word_1_228' title='bbox 1234 2776 1396 2854; x_wconf 79' lang='lat' dir='ltr'><strong>miseriae3</strong></span> <span class='ocrx_word' id='word_1_229' title='bbox 1420 2773 1578 2852; x_wconf 85' lang='lat' dir='ltr'><strong>secundo,</strong></span> <span class='ocrx_word' id='word_1_230' title='bbox 1601 2789 1704 2856; x_wconf 89' lang='lat' dir='ltr'><strong>super</strong></span> 
     </span>
     <span class='ocr_line' id='line_1_24' title="bbox 146 2876 1705 2967; baseline -0.003 -25"><span class='ocrx_word' id='word_1_231' title='bbox 146 2877 250 2956; x_wconf 83' lang='grc' dir='ltr'>πόδας</span> <span class='ocrx_word' id='word_1_232' title='bbox 266 2880 381 2943; x_wconf 82' lang='grc' dir='ltr'>αὐτοῦ·</span> <span class='ocrx_word' id='word_1_233' title='bbox 396 2878 508 2963; x_wconf 89' lang='grc' dir='ltr'>τρίτον,</span> <span class='ocrx_word' id='word_1_234' title='bbox 533 2881 716 2946; x_wconf 76' lang='grc' dir='ltr'>κατευθύναι</span> <span class='ocrx_word' id='word_1_235' title='bbox 738 2883 779 2946; x_wconf 84' lang='grc' dir='ltr'>τὰ</span> <span class='ocrx_word' id='word_1_236' title='bbox 795 2880 902 2967; x_wconf 78' lang='grc' dir='ltr'>διαύη-</span> <span class='ocrx_word' id='word_1_237' title='bbox 948 2885 1079 2962; x_wconf 84' lang='lat' dir='ltr'><strong>petram</strong></span> <span class='ocrx_word' id='word_1_238' title='bbox 1097 2881 1217 2944; x_wconf 87' lang='lat' dir='ltr'><strong>statuit</strong></span> <span class='ocrx_word' id='word_1_239' title='bbox 1231 2879 1333 2961; x_wconf 85' lang='lat' dir='ltr'><strong>pedes</strong></span> <span class='ocrx_word' id='word_1_240' title='bbox 1349 2877 1439 2958; x_wconf 83' lang='lat' dir='ltr'><strong>ejus3</strong></span> <span class='ocrx_word' id='word_1_241' title='bbox 1456 2877 1566 2957; x_wconf 81' lang='lat' dir='ltr'><strong>tertio,</strong></span> <span class='ocrx_word' id='word_1_242' title='bbox 1584 2876 1705 2954; x_wconf 79' lang='lat' dir='ltr'><strong>dirigit</strong></span> 
     </span>
     <span class='ocr_line' id='line_1_25' title="bbox 137 2981 1705 3074; baseline -0.003 -27"><span class='ocrx_word' id='word_1_243' title='bbox 137 3004 252 3068; x_wconf 86' lang='grc' dir='ltr'>ματα·</span> <span class='ocrx_word' id='word_1_244' title='bbox 277 2981 436 3068; x_wconf 88' lang='grc' dir='ltr'>τέταρτον,</span> <span class='ocrx_word' id='word_1_245' title='bbox 467 2984 556 3070; x_wconf 74' lang='grc' dir='ltr'>ᾆσμα</span> <span class='ocrx_word' id='word_1_246' title='bbox 584 2983 751 3074; x_wconf 74' lang='grc' dir='ltr'>χαρίζεται</span> <span class='ocrx_word' id='word_1_247' title='bbox 771 2985 898 3052; x_wconf 85' lang='grc' dir='ltr'>καινόν·</span> <span class='ocrx_word' id='word_1_248' title='bbox 950 3003 1107 3065; x_wconf 66' lang='lat' dir='ltr'><strong>gressum</strong></span> <span class='ocrx_word' id='word_1_249' title='bbox 1121 2991 1252 3067; x_wconf 85' lang='lat' dir='ltr'><strong>quarta,</strong></span> <span class='ocrx_word' id='word_1_250' title='bbox 1260 2985 1431 3058; x_wconf 82' lang='lat' dir='ltr'><strong>canticum</strong></span> <span class='ocrx_word' id='word_1_251' title='bbox 1444 2999 1570 3046; x_wconf 88' lang='lat' dir='ltr'><strong>novum</strong></span> <span class='ocrx_word' id='word_1_252' title='bbox 1584 2982 1705 3062; x_wconf 88' lang='lat' dir='ltr'><strong>imper·</strong></span> 
     </span>
     <span class='ocr_line' id='line_1_26' title="bbox 144 3085 1703 3174; baseline -0.003 -23"><span class='ocrx_word' id='word_1_253' title='bbox 144 3085 301 3172; x_wconf 85' lang='grc' dir='ltr'>πέμπτον,</span> <span class='ocrx_word' id='word_1_254' title='bbox 318 3089 413 3171; x_wconf 91' lang='grc' dir='ltr'>ύμνον</span> <span class='ocrx_word' id='word_1_255' title='bbox 427 3095 471 3174; x_wconf 78' lang='grc' dir='ltr'>τῷ</span> <span class='ocrx_word' id='word_1_256' title='bbox 486 3086 568 3172; x_wconf 79' lang='grc' dir='ltr'>Θεῷ.</span> <span class='ocrx_word' id='word_1_257' title='bbox 586 3087 677 3173; x_wconf 81' lang='grc' dir='ltr'>Πλὴν</span> <span class='ocrx_word' id='word_1_258' title='bbox 699 3086 901 3173; x_wconf 77' lang='grc' dir='ltr'>σημειωτέον,</span> <span class='ocrx_word' id='word_1_259' title='bbox 947 3091 1049 3170; x_wconf 83' lang='lat' dir='ltr'><strong>titur3</strong></span> <span class='ocrx_word' id='word_1_260' title='bbox 1066 3091 1196 3171; x_wconf 84' lang='lat' dir='ltr'><strong>quinte,</strong></span> <span class='ocrx_word' id='word_1_261' title='bbox 1205 3089 1372 3172; x_wconf 83' lang='lat' dir='ltr'><strong>hymnum</strong></span> <span class='ocrx_word' id='word_1_262' title='bbox 1385 3089 1464 3152; x_wconf 87' lang='lat' dir='ltr'><strong>Deo.</strong></span> <span class='ocrx_word' id='word_1_263' title='bbox 1473 3087 1613 3149; x_wconf 88' lang='lat' dir='ltr'><strong>Interim</strong></span> <span class='ocrx_word' id='word_1_264' title='bbox 1626 3101 1703 3147; x_wconf 89' lang='lat' dir='ltr'><strong>eon·</strong></span> 
     </span>
     <span class='ocr_line' id='line_1_27' title="bbox 145 3188 1695 3276; baseline -0.003 -22"><span class='ocrx_word' id='word_1_265' title='bbox 145 3191 197 3254; x_wconf 87' lang='grc' dir='ltr'>ότι</span> <span class='ocrx_word' id='word_1_266' title='bbox 212 3189 229 3254; x_wconf 90' lang='grc' dir='ltr'>ό</span> <span class='ocrx_word' id='word_1_267' title='bbox 244 3190 389 3275; x_wconf 77' lang='grc' dir='ltr'>ἐμπεσὼν</span> <span class='ocrx_word' id='word_1_268' title='bbox 411 3191 455 3268; x_wconf 87' lang='grc' dir='ltr'>είς</span> <span class='ocrx_word' id='word_1_269' title='bbox 471 3193 524 3255; x_wconf 88' lang='grc' dir='ltr'>τόν</span> <span class='ocrx_word' id='word_1_270' title='bbox 546 3190 677 3274; x_wconf 89' lang='grc' dir='ltr'>λάκκον,</span> <span class='ocrx_word' id='word_1_271' title='bbox 694 3191 771 3256; x_wconf 83' lang='grc' dir='ltr'>ποτέ</span> <span class='ocrx_word' id='word_1_272' title='bbox 786 3192 845 3256; x_wconf 87' lang='grc' dir='ltr'>ούκ</span> <span class='ocrx_word' id='word_1_273' title='bbox 858 3192 900 3276; x_wconf 78' lang='grc' dir='ltr'>ἠν</span> <span class='ocrx_word' id='word_1_274' title='bbox 947 3192 1059 3257; x_wconf 83' lang='lat' dir='ltr'><strong>sidera</strong></span> <span class='ocrx_word' id='word_1_275' title='bbox 1075 3194 1165 3274; x_wconf 91' lang='lat' dir='ltr'><strong>quod</strong></span> <span class='ocrx_word' id='word_1_276' title='bbox 1180 3195 1240 3274; x_wconf 92' lang='lat' dir='ltr'>qui</span> <span class='ocrx_word' id='word_1_277' title='bbox 1264 3191 1386 3256; x_wconf 87' lang='lat' dir='ltr'><strong>cecidit</strong></span> <span class='ocrx_word' id='word_1_278' title='bbox 1408 3192 1445 3255; x_wconf 92' lang='lat' dir='ltr'>in</span> <span class='ocrx_word' id='word_1_279' title='bbox 1468 3193 1591 3270; x_wconf 85' lang='lat' dir='ltr'><strong>lacum,</strong></span> <span class='ocrx_word' id='word_1_280' title='bbox 1615 3188 1695 3251; x_wconf 88' lang='lat' dir='ltr'><strong>olim</strong></span> 
     </span>
     <span class='ocr_line' id='line_1_28' title="bbox 147 3289 1699 3381; baseline -0.003 -23"><span class='ocrx_word' id='word_1_281' title='bbox 147 3294 209 3379; x_wconf 83' lang='grc' dir='ltr'>[έν]</span> <span class='ocrx_word' id='word_1_282' title='bbox 225 3302 270 3377; x_wconf 84' lang='grc' dir='ltr'>τῷ</span> <span class='ocrx_word' id='word_1_283' title='bbox 284 3291 413 3377; x_wconf 87' lang='grc' dir='ltr'>λάκκῳ·</span> <span class='ocrx_word' id='word_1_284' title='bbox 428 3293 577 3380; x_wconf 74' lang='grc' dir='ltr'>ζητήσεις</span> <span class='ocrx_word' id='word_1_285' title='bbox 599 3296 634 3361; x_wconf 87' lang='grc' dir='ltr'>δέ</span> <span class='ocrx_word' id='word_1_286' title='bbox 649 3289 783 3381; x_wconf 84' lang='grc' dir='ltr'>πότερον</span> <span class='ocrx_word' id='word_1_287' title='bbox 805 3297 899 3374; x_wconf 85' lang='grc' dir='ltr'>αὐτός</span> <span class='ocrx_word' id='word_1_288' title='bbox 947 3300 983 3361; x_wconf 93' lang='lat' dir='ltr'>in</span> <span class='ocrx_word' id='word_1_289' title='bbox 1000 3299 1078 3361; x_wconf 88' lang='lat' dir='ltr'><strong>lacu</strong></span> <span class='ocrx_word' id='word_1_290' title='bbox 1094 3315 1162 3362; x_wconf 91' lang='lat' dir='ltr'>non</span> <span class='ocrx_word' id='word_1_291' title='bbox 1175 3303 1256 3361; x_wconf 89' lang='lat' dir='ltr'><strong>erat.</strong></span> <span class='ocrx_word' id='word_1_292' title='bbox 1269 3299 1355 3360; x_wconf 87' lang='lat' dir='ltr'>Tum</span> <span class='ocrx_word' id='word_1_293' title='bbox 1368 3312 1498 3376; x_wconf 81' lang='lat' dir='ltr'><strong>quares</strong></span> <span class='ocrx_word' id='word_1_294' title='bbox 1512 3297 1627 3356; x_wconf 90' lang='lat' dir='ltr'><strong>utrum</strong></span> <span class='ocrx_word' id='word_1_295' title='bbox 1640 3291 1699 3354; x_wconf 90' lang='lat' dir='ltr'><strong>ille</strong></span> 
     </span>
     <span class='ocr_line' id='line_1_29' title="bbox 145 3396 1701 3486; baseline -0.004 -22"><span class='ocrx_word' id='word_1_296' title='bbox 145 3396 353 3484; x_wconf 78' lang='grc' dir='ltr'>ἐμπέπτωκεν</span> <span class='ocrx_word' id='word_1_297' title='bbox 368 3398 420 3484; x_wconf 78' lang='grc' dir='ltr'>ὑφ’</span> <span class='ocrx_word' id='word_1_298' title='bbox 434 3397 558 3482; x_wconf 79' lang='grc' dir='ltr'>ἑαυτοῦ,</span> <span class='ocrx_word' id='word_1_299' title='bbox 581 3402 604 3486; x_wconf 74' lang='grc' dir='ltr'>ἢ</span> <span class='ocrx_word' id='word_1_300' title='bbox 626 3399 678 3486; x_wconf 80' lang='grc' dir='ltr'>ὑφ’</span> <span class='ocrx_word' id='word_1_301' title='bbox 693 3399 802 3484; x_wconf 90' lang='grc' dir='ltr'>έτέρου</span> <span class='ocrx_word' id='word_1_302' title='bbox 816 3402 899 3478; x_wconf 87' lang='grc' dir='ltr'>τινός</span> <span class='ocrx_word' id='word_1_303' title='bbox 946 3401 1106 3466; x_wconf 87' lang='lat' dir='ltr'><strong>ceciderit</strong></span> <span class='ocrx_word' id='word_1_304' title='bbox 1121 3420 1141 3464; x_wconf 90' lang='lat' dir='ltr'><strong>a</strong></span> <span class='ocrx_word' id='word_1_305' title='bbox 1155 3403 1276 3483; x_wconf 84' lang='lat' dir='ltr'><strong>seipse,</strong></span> <span class='ocrx_word' id='word_1_306' title='bbox 1293 3419 1338 3463; x_wconf 89' lang='lat' dir='ltr'><strong>an</strong></span> <span class='ocrx_word' id='word_1_307' title='bbox 1355 3416 1435 3463; x_wconf 89' lang='lat' dir='ltr'><strong>vero</strong></span> <span class='ocrx_word' id='word_1_308' title='bbox 1449 3399 1492 3462; x_wconf 93' lang='lat' dir='ltr'><strong>ab</strong></span> <span class='ocrx_word' id='word_1_309' title='bbox 1504 3399 1619 3479; x_wconf 91' lang='lat' dir='ltr'><strong>aliquo</strong></span> <span class='ocrx_word' id='word_1_310' title='bbox 1634 3396 1701 3459; x_wconf 91' lang='lat' dir='ltr'><strong>alio</strong></span> 
     </span>
     <span class='ocr_line' id='line_1_30' title="bbox 145 3500 1700 3588; baseline -0.003 -21"><span class='ocrx_word' id='word_1_311' title='bbox 145 3501 314 3588; x_wconf 80' lang='grc' dir='ltr'>ένεόληθη,</span> <span class='ocrx_word' id='word_1_312' title='bbox 330 3504 352 3587; x_wconf 80' lang='grc' dir='ltr'><strong>ἡ</strong></span> <span class='ocrx_word' id='word_1_313' title='bbox 368 3505 422 3567; x_wconf 83' lang='grc' dir='ltr'>καὶ</span> <span class='ocrx_word' id='word_1_314' title='bbox 437 3501 489 3588; x_wconf 84' lang='grc' dir='ltr'>ὑφ’</span> <span class='ocrx_word' id='word_1_315' title='bbox 504 3502 617 3569; x_wconf 86' lang='grc' dir='ltr'>έαυτοῦ</span> <span class='ocrx_word' id='word_1_316' title='bbox 631 3506 686 3568; x_wconf 83' lang='grc' dir='ltr'>καί</span> <span class='ocrx_word' id='word_1_317' title='bbox 701 3502 753 3588; x_wconf 81' lang='grc' dir='ltr'>ὑφ’</span> <span class='ocrx_word' id='word_1_318' title='bbox 769 3501 885 3588; x_wconf 88' lang='grc' dir='ltr'>έτέρου.</span> <span class='ocrx_word' id='word_1_319' title='bbox 947 3505 1097 3586; x_wconf 88' lang='lat' dir='ltr'><strong>dejectus</strong></span> <span class='ocrx_word' id='word_1_320' title='bbox 1112 3506 1226 3586; x_wconf 83' lang='lat' dir='ltr'><strong>fuerit,</strong></span> <span class='ocrx_word' id='word_1_321' title='bbox 1249 3523 1293 3568; x_wconf 87' lang='lat' dir='ltr'>un</span> <span class='ocrx_word' id='word_1_322' title='bbox 1317 3504 1420 3568; x_wconf 83' lang='lat' dir='ltr'><strong>simul</strong></span> <span class='ocrx_word' id='word_1_323' title='bbox 1443 3507 1517 3566; x_wconf 89' lang='lat' dir='ltr'>tum</span> <span class='ocrx_word' id='word_1_324' title='bbox 1540 3519 1560 3564; x_wconf 98' lang='lat' dir='ltr'><strong>a</strong></span> <span class='ocrx_word' id='word_1_325' title='bbox 1579 3500 1700 3582; x_wconf 83' lang='lat' dir='ltr'><strong>seipso,</strong></span> 
     </span>
    </p>

    <p class='ocr_par' dir='ltr' id='par_1_5' title="bbox 948 3610 1214 3673">
     <span class='ocr_line' id='line_1_31' title="bbox 948 3610 1214 3673; baseline 0.004 -2"><span class='ocrx_word' id='word_1_326' title='bbox 948 3613 1024 3672; x_wconf 89' lang='lat' dir='ltr'>tum</span> <span class='ocrx_word' id='word_1_327' title='bbox 1040 3610 1082 3673; x_wconf 91' lang='lat' dir='ltr'><strong>ab</strong></span> <span class='ocrx_word' id='word_1_328' title='bbox 1099 3611 1214 3673; x_wconf 83' lang='lat' dir='ltr'><strong>altero.</strong></span> 
     </span>
    </p>

    <p class='ocr_par' dir='ltr' id='par_1_6' title="bbox 149 3709 1700 4006">
     <span class='ocr_line' id='line_1_32' title="bbox 196 3709 1700 3798; baseline -0.002 -23"><span class='ocrx_word' id='word_1_329' title='bbox 196 3731 227 3775; x_wconf 90' lang='grc' dir='ltr'>ν.</span> <span class='ocrx_word' id='word_1_330' title='bbox 252 3713 282 3776; x_wconf 87' lang='grc'>5.</span> <span class='ocrx_word' id='word_1_331' title='bbox 306 3709 470 3796; x_wconf 79' lang='grc' dir='ltr'>Μακάριος</span> <span class='ocrx_word' id='word_1_332' title='bbox 493 3711 574 3798; x_wconf 80' lang='grc' dir='ltr'>ἀνὴρ</span> <span class='ocrx_word' id='word_1_333' title='bbox 596 3713 634 3777; x_wconf 91' lang='grc' dir='ltr'>ού</span> <span class='ocrx_word' id='word_1_334' title='bbox 656 3711 723 3777; x_wconf 87' lang='grc' dir='ltr'>έστί</span> <span class='ocrx_word' id='word_1_335' title='bbox 744 3713 780 3776; x_wconf 88' lang='grc' dir='ltr'>τό</span> <span class='ocrx_word' id='word_1_336' title='bbox 803 3711 903 3797; x_wconf 89' lang='grc' dir='ltr'>όνομα</span> <span class='ocrx_word' id='word_1_337' title='bbox 990 3732 1022 3776; x_wconf 87' lang='grc' dir='ltr'>ν.</span> <span class='ocrx_word' id='word_1_338' title='bbox 1039 3716 1069 3776; x_wconf 88' lang='grc'>5.</span> <span class='ocrx_word' id='word_1_339' title='bbox 1093 3715 1214 3778; x_wconf 70' lang='grc' dir='ltr'>Βασίας</span> <span class='ocrx_word' id='word_1_340' title='bbox 1227 3713 1291 3790; x_wconf 79' lang='lat' dir='ltr'><strong>eir,</strong></span> <span class='ocrx_word' id='word_1_341' title='bbox 1318 3712 1413 3793; x_wconf 77' lang='lat' dir='ltr'><strong>cajm</strong></span> <span class='ocrx_word' id='word_1_342' title='bbox 1433 3715 1483 3776; x_wconf 80' lang='lat' dir='ltr'><strong>eat</strong></span> <span class='ocrx_word' id='word_1_343' title='bbox 1503 3726 1615 3774; x_wconf 73' lang='lat' dir='ltr'><strong>rechma</strong></span> <span class='ocrx_word' id='word_1_344' title='bbox 1638 3711 1700 3772; x_wconf 87' lang='lat' dir='ltr'>Do·</span> 
     </span>
     <span class='ocr_line' id='line_1_33' title="bbox 149 3799 1698 3901; baseline -0.002 -20"><span class='ocrx_word' id='word_1_345' title='bbox 149 3813 272 3899; x_wconf 89' lang='grc' dir='ltr'>Κυρίου</span> <span class='ocrx_word' id='word_1_346' title='bbox 287 3816 374 3893; x_wconf 81' lang='grc' dir='ltr'>ἐλπίς</span> <span class='ocrx_word' id='word_1_347' title='bbox 398 3817 503 3900; x_wconf 82' lang='grc' dir='ltr'>αὐτοῦ,</span> <span class='ocrx_word' id='word_1_348' title='bbox 520 3819 575 3881; x_wconf 84' lang='grc' dir='ltr'>καί</span> <span class='ocrx_word' id='word_1_349' title='bbox 590 3799 648 3882; x_wconf 81' lang='grc' dir='ltr'>ούκ</span> <span class='ocrx_word' id='word_1_350' title='bbox 666 3814 840 3901; x_wconf 79' lang='grc' dir='ltr'>έπέόλεψεν</span> <span class='ocrx_word' id='word_1_351' title='bbox 855 3816 900 3892; x_wconf 88' lang='grc' dir='ltr'>είς</span> <span class='ocrx_word' id='word_1_352' title='bbox 944 3818 1029 3881; x_wconf 79' lang='lat' dir='ltr'><strong>mini</strong></span> <span class='ocrx_word' id='word_1_353' title='bbox 1049 3834 1122 3898; x_wconf 76' lang='lat' dir='ltr'>spes</span> <span class='ocrx_word' id='word_1_354' title='bbox 1139 3818 1220 3898; x_wconf 71' lang='lat' dir='ltr'>ejice,</span> <span class='ocrx_word' id='word_1_355' title='bbox 1239 3820 1272 3880; x_wconf 75' lang='lat' dir='ltr'>et</span> <span class='ocrx_word' id='word_1_356' title='bbox 1285 3833 1348 3880; x_wconf 82' lang='grc' dir='ltr'>αοιι</span> <span class='ocrx_word' id='word_1_357' title='bbox 1363 3816 1505 3896; x_wconf 78' lang='lat' dir='ltr'><strong>rerpeait</strong></span> <span class='ocrx_word' id='word_1_358' title='bbox 1520 3815 1557 3879; x_wconf 82' lang='lat' dir='ltr'><strong>ia</strong></span> <span class='ocrx_word' id='word_1_359' title='bbox 1572 3814 1698 3879; x_wconf 79' lang='grc' dir='ltr'>ταιιίία-</span> 
     </span>
     <span class='ocr_line' id='line_1_34' title="bbox 150 3918 1359 4006; baseline 0 -22"><span class='ocrx_word' id='word_1_360' title='bbox 150 3918 365 4005; x_wconf 80' lang='grc' dir='ltr'>ματαιότητος</span> <span class='ocrx_word' id='word_1_361' title='bbox 379 3921 434 3986; x_wconf 83' lang='grc' dir='ltr'>καί</span> <span class='ocrx_word' id='word_1_362' title='bbox 450 3919 562 4006; x_wconf 84' lang='grc' dir='ltr'>μανίας</span> <span class='ocrx_word' id='word_1_363' title='bbox 577 3921 712 4006; x_wconf 80' lang='grc' dir='ltr'>ψευδεῖς.</span> <span class='ocrx_word' id='word_1_364' title='bbox 946 3925 994 3986; x_wconf 75' lang='lat' dir='ltr'><strong>tea</strong></span> <span class='ocrx_word' id='word_1_365' title='bbox 1014 3925 1046 3986; x_wconf 79' lang='lat' dir='ltr'>et</span> <span class='ocrx_word' id='word_1_366' title='bbox 1067 3922 1218 3986; x_wconf 70' lang='grc' dir='ltr'>όαεααιλῑυ</span> <span class='ocrx_word' id='word_1_367' title='bbox 1231 3920 1359 4004; x_wconf 74' lang='lat' dir='ltr'><strong>salsae.</strong></span> 
     </span>
    </p>

    <p class='ocr_par' dir='ltr' id='par_1_7' title="bbox 145 4022 1715 4943">
     <span class='ocr_line' id='line_1_35' title="bbox 194 4022 1700 4112; baseline -0.005 -22"><span class='ocrx_word' id='word_1_368' title='bbox 194 4023 266 4109; x_wconf 89' lang='grc' dir='ltr'>Ἐφ’</span> <span class='ocrx_word' id='word_1_369' title='bbox 280 4024 365 4111; x_wconf 80' lang='grc' dir='ltr'>ἡμᾶς</span> <span class='ocrx_word' id='word_1_370' title='bbox 380 4027 435 4090; x_wconf 90' lang='grc' dir='ltr'>καί</span> <span class='ocrx_word' id='word_1_371' title='bbox 450 4025 467 4090; x_wconf 88' lang='grc' dir='ltr'>ό</span> <span class='ocrx_word' id='word_1_372' title='bbox 484 4035 683 4112; x_wconf 82' lang='grc' dir='ltr'>μακαρισμοῦ</span> <span class='ocrx_word' id='word_1_373' title='bbox 698 4035 769 4102; x_wconf 85' lang='grc' dir='ltr'>νοῦς</span> <span class='ocrx_word' id='word_1_374' title='bbox 784 4026 901 4112; x_wconf 85' lang='grc' dir='ltr'>κεκλη-</span> <span class='ocrx_word' id='word_1_375' title='bbox 989 4025 1040 4088; x_wconf 84' lang='lat' dir='ltr'>Ad</span> <span class='ocrx_word' id='word_1_376' title='bbox 1055 4042 1117 4089; x_wconf 86' lang='lat' dir='ltr'>nos</span> <span class='ocrx_word' id='word_1_377' title='bbox 1133 4041 1278 4106; x_wconf 88' lang='lat' dir='ltr'><strong>quoque,</strong></span> <span class='ocrx_word' id='word_1_378' title='bbox 1295 4025 1354 4106; x_wconf 91' lang='lat' dir='ltr'>qui</span> <span class='ocrx_word' id='word_1_379' title='bbox 1371 4024 1499 4087; x_wconf 85' lang='lat' dir='ltr'><strong>fuimus</strong></span> <span class='ocrx_word' id='word_1_380' title='bbox 1516 4022 1700 4087; x_wconf 81' lang='lat' dir='ltr'><strong>Christiani</strong></span> 
     </span>
     <span class='ocr_line' id='line_1_36' title="bbox 148 4126 1696 4214; baseline -0.003 -22"><span class='ocrx_word' id='word_1_381' title='bbox 148 4126 261 4214; x_wconf 80' lang='grc' dir='ltr'>μένους</span> <span class='ocrx_word' id='word_1_382' title='bbox 281 4129 495 4214; x_wconf 80' lang='grc' dir='ltr'>χριστιανούς·</span> <span class='ocrx_word' id='word_1_383' title='bbox 512 4139 604 4194; x_wconf 89' lang='grc' dir='ltr'>τοῦτο</span> <span class='ocrx_word' id='word_1_384' title='bbox 625 4129 688 4214; x_wconf 88' lang='grc' dir='ltr'>γάρ</span> <span class='ocrx_word' id='word_1_385' title='bbox 703 4130 771 4194; x_wconf 77' lang='grc' dir='ltr'>ἐστι</span> <span class='ocrx_word' id='word_1_386' title='bbox 792 4133 828 4194; x_wconf 82' lang='grc' dir='ltr'>τό</span> <span class='ocrx_word' id='word_1_387' title='bbox 844 4151 901 4195; x_wconf 85' lang='grc' dir='ltr'>κα·</span> <span class='ocrx_word' id='word_1_388' title='bbox 945 4130 1122 4210; x_wconf 86' lang='lat' dir='ltr'><strong>nominati,</strong></span> <span class='ocrx_word' id='word_1_389' title='bbox 1138 4135 1269 4210; x_wconf 85' lang='lat' dir='ltr'><strong>spectat</strong></span> <span class='ocrx_word' id='word_1_390' title='bbox 1280 4129 1449 4192; x_wconf 84' lang='lat' dir='ltr'><strong>charisma</strong></span> <span class='ocrx_word' id='word_1_391' title='bbox 1466 4127 1696 4191; x_wconf 85' lang='lat' dir='ltr'><strong>beatitudinia.</strong></span> 
     </span>
     <span class='ocr_line' id='line_1_37' title="bbox 148 4229 1697 4320; baseline -0.003 -25"><span class='ocrx_word' id='word_1_392' title='bbox 148 4231 207 4296; x_wconf 87' lang='grc' dir='ltr'>λδν</span> <span class='ocrx_word' id='word_1_393' title='bbox 223 4231 332 4318; x_wconf 91' lang='grc' dir='ltr'>όνσμα,</span> <span class='ocrx_word' id='word_1_394' title='bbox 347 4234 383 4296; x_wconf 90' lang='grc' dir='ltr'>τό</span> <span class='ocrx_word' id='word_1_395' title='bbox 406 4232 576 4318; x_wconf 80' lang='grc' dir='ltr'>ἐπικληθὲν</span> <span class='ocrx_word' id='word_1_396' title='bbox 591 4231 640 4319; x_wconf 84' lang='grc' dir='ltr'>ἐφ’</span> <span class='ocrx_word' id='word_1_397' title='bbox 654 4232 749 4318; x_wconf 76' lang='grc' dir='ltr'>ἡμᾶς.</span> <span class='ocrx_word' id='word_1_398' title='bbox 765 4232 902 4320; x_wconf 83' lang='grc' dir='ltr'>Λέγεται</span> <span class='ocrx_word' id='word_1_399' title='bbox 945 4236 1016 4298; x_wconf 86' lang='grc' dir='ltr'>Ηοσ</span> <span class='ocrx_word' id='word_1_400' title='bbox 1032 4235 1157 4316; x_wconf 85' lang='lat' dir='ltr'><strong>quippe</strong></span> <span class='ocrx_word' id='word_1_401' title='bbox 1174 4237 1225 4297; x_wconf 84' lang='lat' dir='ltr'>est</span> <span class='ocrx_word' id='word_1_402' title='bbox 1242 4249 1365 4297; x_wconf 89' lang='lat' dir='ltr'><strong>nomen</strong></span> <span class='ocrx_word' id='word_1_403' title='bbox 1389 4231 1582 4312; x_wconf 87' lang='lat' dir='ltr'><strong>pulchrum,</strong></span> <span class='ocrx_word' id='word_1_404' title='bbox 1606 4229 1697 4311; x_wconf 89' lang='lat' dir='ltr'><strong>quod</strong></span> 
     </span>
     <span class='ocr_line' id='line_1_38' title="bbox 147 4334 1700 4423; baseline -0.002 -24"><span class='ocrx_word' id='word_1_405' title='bbox 147 4335 185 4399; x_wconf 87' lang='grc' dir='ltr'>δέ</span> <span class='ocrx_word' id='word_1_406' title='bbox 208 4334 379 4421; x_wconf 79' lang='grc' dir='ltr'>ματαιότης</span> <span class='ocrx_word' id='word_1_407' title='bbox 401 4338 456 4401; x_wconf 87' lang='grc' dir='ltr'>καί</span> <span class='ocrx_word' id='word_1_408' title='bbox 472 4335 569 4422; x_wconf 82' lang='grc' dir='ltr'>μανία</span> <span class='ocrx_word' id='word_1_409' title='bbox 591 4337 710 4423; x_wconf 82' lang='grc' dir='ltr'>ψευδὴς</span> <span class='ocrx_word' id='word_1_410' title='bbox 732 4339 787 4402; x_wconf 84' lang='grc' dir='ltr'>καί</span> <span class='ocrx_word' id='word_1_411' title='bbox 801 4337 823 4422; x_wconf 79' lang='grc' dir='ltr'>η</span> <span class='ocrx_word' id='word_1_412' title='bbox 839 4347 901 4403; x_wconf 89' lang='grc' dir='ltr'>τῦν</span> <span class='ocrx_word' id='word_1_413' title='bbox 944 4356 1046 4420; x_wconf 84' lang='lat' dir='ltr'><strong>super</strong></span> <span class='ocrx_word' id='word_1_414' title='bbox 1063 4355 1124 4402; x_wconf 87' lang='lat' dir='ltr'>nos</span> <span class='ocrx_word' id='word_1_415' title='bbox 1152 4336 1218 4400; x_wconf 84' lang='lat' dir='ltr'><strong>fuit</strong></span> <span class='ocrx_word' id='word_1_416' title='bbox 1241 4338 1446 4400; x_wconf 88' lang='lat' dir='ltr'><strong>invocatum.</strong></span> <span class='ocrx_word' id='word_1_417' title='bbox 1471 4337 1619 4398; x_wconf 85' lang='lat' dir='ltr'><strong>Vocatur</strong></span> <span class='ocrx_word' id='word_1_418' title='bbox 1641 4351 1700 4397; x_wconf 88' lang='lat' dir='ltr'><strong>au-</strong></span> 
     </span>
     <span class='ocr_line' id='line_1_39' title="bbox 146 4437 1696 4527; baseline 0 -25"><span class='ocrx_word' id='word_1_419' title='bbox 146 4437 285 4504; x_wconf 87' lang='grc' dir='ltr'>είδύλων</span> <span class='ocrx_word' id='word_1_420' title='bbox 300 4439 439 4524; x_wconf 86' lang='grc' dir='ltr'>λατρεία.</span> <span class='ocrx_word' id='word_1_421' title='bbox 465 4440 624 4523; x_wconf 93' lang='grc' dir='ltr'>Παύσατε,</span> <span class='ocrx_word' id='word_1_422' title='bbox 642 4443 777 4527; x_wconf 83' lang='grc' dir='ltr'>μαντικὴ</span> <span class='ocrx_word' id='word_1_423' title='bbox 796 4444 851 4507; x_wconf 86' lang='grc' dir='ltr'>καί</span> <span class='ocrx_word' id='word_1_424' title='bbox 866 4445 901 4507; x_wconf 84' lang='grc' dir='ltr'>ά·</span> <span class='ocrx_word' id='word_1_425' title='bbox 944 4447 1012 4506; x_wconf 88' lang='lat' dir='ltr'>tem</span> <span class='ocrx_word' id='word_1_426' title='bbox 1027 4444 1158 4507; x_wconf 71' lang='lat' dir='ltr'><strong>canitae</strong></span> <span class='ocrx_word' id='word_1_427' title='bbox 1172 4445 1205 4506; x_wconf 78' lang='lat' dir='ltr'>et</span> <span class='ocrx_word' id='word_1_428' title='bbox 1215 4439 1315 4522; x_wconf 77' lang='lat' dir='ltr'><strong>salsa</strong></span> <span class='ocrx_word' id='word_1_429' title='bbox 1329 4439 1462 4504; x_wconf 74' lang='grc' dir='ltr'>τίιεααίσ</span> <span class='ocrx_word' id='word_1_430' title='bbox 1480 4440 1553 4519; x_wconf 87' lang='lat' dir='ltr'><strong>ipsa</strong></span> <span class='ocrx_word' id='word_1_431' title='bbox 1573 4440 1696 4518; x_wconf 88' lang='lat' dir='ltr'><strong>religio</strong></span> 
     </span>
     <span class='ocr_line' id='line_1_40' title="bbox 146 4541 1692 4632; baseline 0 -26"><span class='ocrx_word' id='word_1_432' title='bbox 146 4562 238 4606; x_wconf 87' lang='grc' dir='ltr'>πασα</span> <span class='ocrx_word' id='word_1_433' title='bbox 252 4541 438 4629; x_wconf 81' lang='grc' dir='ltr'>έτεροδοξία.</span> <span class='ocrx_word' id='word_1_434' title='bbox 455 4543 635 4629; x_wconf 79' lang='grc' dir='ltr'>Γέγραπται</span> <span class='ocrx_word' id='word_1_435' title='bbox 649 4555 743 4629; x_wconf 88' lang='grc' dir='ltr'>γοῦν·</span> <span class='ocrx_word' id='word_1_436' title='bbox 761 4545 900 4632; x_wconf 88' lang='grc' dir='ltr'>Περιτεί-</span> <span class='ocrx_word' id='word_1_437' title='bbox 943 4546 1119 4609; x_wconf 91' lang='lat' dir='ltr'><strong>idolorum.</strong></span> <span class='ocrx_word' id='word_1_438' title='bbox 1136 4548 1254 4626; x_wconf 84' lang='lat' dir='ltr'><strong>Apage</strong></span> <span class='ocrx_word' id='word_1_439' title='bbox 1273 4544 1485 4622; x_wconf 87' lang='lat' dir='ltr'><strong>vaticinium,</strong></span> <span class='ocrx_word' id='word_1_440' title='bbox 1510 4546 1543 4605; x_wconf 89' lang='lat' dir='ltr'>et</span> <span class='ocrx_word' id='word_1_441' title='bbox 1566 4544 1692 4623; x_wconf 86' lang='lat' dir='ltr'><strong>qualia-</strong></span> 
     </span>
     <span class='ocr_line' id='line_1_41' title="bbox 146 4646 1715 4736; baseline -0.001 -25"><span class='ocrx_word' id='word_1_442' title='bbox 146 4667 209 4711; x_wconf 89' lang='grc' dir='ltr'>νων</span> <span class='ocrx_word' id='word_1_443' title='bbox 224 4646 290 4712; x_wconf 77' lang='grc' dir='ltr'>ἐστὶ</span> <span class='ocrx_word' id='word_1_444' title='bbox 305 4647 419 4734; x_wconf 90' lang='grc' dir='ltr'>μανίαν</span> <span class='ocrx_word' id='word_1_445' title='bbox 433 4649 467 4713; x_wconf 88' lang='grc' dir='ltr'>έν</span> <span class='ocrx_word' id='word_1_446' title='bbox 483 4648 559 4733; x_wconf 85' lang='grc' dir='ltr'>σίκῳ</span> <span class='ocrx_word' id='word_1_447' title='bbox 571 4647 700 4734; x_wconf 87' lang='grc' dir='ltr'>Κυρίου,</span> <span class='ocrx_word' id='word_1_448' title='bbox 716 4649 900 4736; x_wconf 84' lang='grc' dir='ltr'>κατέπηξαν</span> <span class='ocrx_word' id='word_1_449' title='bbox 943 4665 1090 4730; x_wconf 88' lang='lat' dir='ltr'><strong>eumque</strong></span> <span class='ocrx_word' id='word_1_450' title='bbox 1105 4649 1218 4712; x_wconf 90' lang='lat' dir='ltr'><strong>aliena</strong></span> <span class='ocrx_word' id='word_1_451' title='bbox 1234 4649 1404 4712; x_wconf 88' lang='lat' dir='ltr'><strong>doctrina!</strong></span> <span class='ocrx_word' id='word_1_452' title='bbox 1422 4647 1591 4727; x_wconf 88' lang='lat' dir='ltr'><strong>Scriptum</strong></span> <span class='ocrx_word' id='word_1_453' title='bbox 1611 4663 1715 4726; x_wconf 86' lang='lat' dir='ltr'><strong>ergo·</strong></span> 
     </span>
     <span class='ocr_line' id='line_1_42' title="bbox 147 4749 1696 4840; baseline 0.001 -26"><span class='ocrx_word' id='word_1_454' title='bbox 147 4749 293 4834; x_wconf 90' lang='grc' dir='ltr'>δηλονότι</span> <span class='ocrx_word' id='word_1_455' title='bbox 308 4751 367 4837; x_wconf 81' lang='grc' dir='ltr'>την</span> <span class='ocrx_word' id='word_1_456' title='bbox 390 4751 548 4838; x_wconf 87' lang='grc' dir='ltr'>μαντείαν.</span> <span class='ocrx_word' id='word_1_457' title='bbox 571 4751 725 4818; x_wconf 81' lang='grc' dir='ltr'>Πλεῖστον</span> <span class='ocrx_word' id='word_1_458' title='bbox 743 4756 806 4840; x_wconf 85' lang='grc' dir='ltr'>γὰρ</span> <span class='ocrx_word' id='word_1_459' title='bbox 821 4757 851 4822; x_wconf 83' lang='grc' dir='ltr'>οἱ</span> <span class='ocrx_word' id='word_1_460' title='bbox 866 4756 901 4836; x_wconf 81' lang='grc' dir='ltr'>ἐξ</span> <span class='ocrx_word' id='word_1_461' title='bbox 942 4754 1024 4818; x_wconf 85' lang='lat' dir='ltr'><strong>fuit:</strong></span> <span class='ocrx_word' id='word_1_462' title='bbox 1044 4755 1130 4817; x_wconf 78' lang='lat' dir='ltr'><strong>«Est</strong></span> <span class='ocrx_word' id='word_1_463' title='bbox 1146 4755 1205 4834; x_wconf 93' lang='lat' dir='ltr'>qui</span> <span class='ocrx_word' id='word_1_464' title='bbox 1222 4753 1373 4816; x_wconf 84' lang='lat' dir='ltr'><strong>extendit</strong></span> <span class='ocrx_word' id='word_1_465' title='bbox 1389 4751 1557 4816; x_wconf 89' lang='lat' dir='ltr'><strong>insaniam</strong></span> <span class='ocrx_word' id='word_1_466' title='bbox 1581 4752 1617 4814; x_wconf 94' lang='lat' dir='ltr'>in</span> <span class='ocrx_word' id='word_1_467' title='bbox 1640 4751 1696 4816; x_wconf 90' lang='lat' dir='ltr'>do·</span> 
     </span>
     <span class='ocr_line' id='line_1_43' title="bbox 145 4847 1697 4943; baseline 0.001 -25"><span class='ocrx_word' id='word_1_468' title='bbox 145 4847 359 4940; x_wconf 79' lang='grc' dir='ltr'>Ἰερουσαλὴμ</span> <span class='ocrx_word' id='word_1_469' title='bbox 388 4855 647 4942; x_wconf 76' lang='grc' dir='ltr'>ψευδοπροφῆται</span> <span class='ocrx_word' id='word_1_470' title='bbox 674 4857 835 4943; x_wconf 87' lang='grc' dir='ltr'>γεγόνασι,</span> <span class='ocrx_word' id='word_1_471' title='bbox 858 4861 899 4928; x_wconf 88' lang='grc' dir='ltr'>τόι</span> <span class='ocrx_word' id='word_1_472' title='bbox 943 4875 998 4921; x_wconf 93' lang='lat' dir='ltr'>mo</span> <span class='ocrx_word' id='word_1_473' title='bbox 1013 4857 1190 4936; x_wconf 88' lang='lat' dir='ltr'><strong>Domini,&gt;›</strong></span> <span class='ocrx_word' id='word_1_474' title='bbox 1209 4856 1339 4920; x_wconf 88' lang='lat' dir='ltr'><strong>scilicet</strong></span> <span class='ocrx_word' id='word_1_475' title='bbox 1355 4858 1567 4924; x_wconf 79' lang='lat' dir='ltr'><strong>intruserunt</strong></span> <span class='ocrx_word' id='word_1_476' title='bbox 1579 4855 1697 4920; x_wconf 89' lang='lat' dir='ltr'><strong>vatici-</strong></span> 
     </span>
    </p>
   </div>
   <div class='ocr_carea' id='block_1_3' title="bbox 182 5074 1698 5238">
    <p class='ocr_par' dir='ltr' id='par_1_8' title="bbox 182 5074 1698 5238">
     <span class='ocr_line' id='line_1_44' title="bbox 182 5074 1695 5146; baseline -0.001 -14"><span class='ocrx_word' id='word_1_477' title='bbox 182 5093 211 5132; x_wconf 83' lang='lat' dir='ltr'>v.</span> <span class='ocrx_word' id='word_1_478' title='bbox 223 5075 249 5130; x_wconf 84' lang='lat'>4.</span> <span class='ocrx_word' id='word_1_479' title='bbox 263 5076 331 5132; x_wconf 83' lang='lat' dir='ltr'><strong>Vat.</strong></span> <span class='ocrx_word' id='word_1_480' title='bbox 344 5077 370 5132; x_wconf 87' lang='lat'>5.</span> <span class='ocrx_word' id='word_1_481' title='bbox 942 5078 1109 5134; x_wconf 81' lang='lat' dir='ltr'><strong>cionantem</strong></span> <span class='ocrx_word' id='word_1_482' title='bbox 1121 5081 1152 5132; x_wconf 83' lang='lat' dir='ltr'><strong>at</strong></span> <span class='ocrx_word' id='word_1_483' title='bbox 1163 5075 1394 5132; x_wconf 79' lang='lat' dir='ltr'><strong>Alexandrinum</strong></span> <span class='ocrx_word' id='word_1_484' title='bbox 1407 5091 1473 5130; x_wconf 86' lang='lat' dir='ltr'>cum</span> <span class='ocrx_word' id='word_1_485' title='bbox 1485 5074 1582 5146; x_wconf 79' lang='lat' dir='ltr'><strong>Megia</strong></span> <span class='ocrx_word' id='word_1_486' title='bbox 1595 5081 1626 5132; x_wconf 84' lang='lat' dir='ltr'>et</span> <span class='ocrx_word' id='word_1_487' title='bbox 1644 5075 1695 5131; x_wconf 87' lang='lat' dir='ltr'><strong>Sa-</strong></span> 
     </span>
     <span class='ocr_line' id='line_1_45' title="bbox 182 5159 1698 5238; baseline -0.002 -17"><span class='ocrx_word' id='word_1_488' title='bbox 182 5179 210 5221; x_wconf 88' lang='lat' dir='ltr'>v.</span> <span class='ocrx_word' id='word_1_489' title='bbox 223 5163 248 5218; x_wconf 82' lang='grc'>5.</span> <span class='ocrx_word' id='word_1_490' title='bbox 261 5163 328 5221; x_wconf 89' lang='lat' dir='ltr'><strong>Vat.</strong></span> <span class='ocrx_word' id='word_1_491' title='bbox 343 5165 384 5220; x_wconf 83' lang='lat'>14.</span> <span class='ocrx_word' id='word_1_492' title='bbox 397 5163 477 5222; x_wconf 89' lang='lat' dir='ltr'><strong>Audi</strong></span> <span class='ocrx_word' id='word_1_493' title='bbox 489 5163 639 5222; x_wconf 86' lang='lat' dir='ltr'><strong>doctorem</strong></span> <span class='ocrx_word' id='word_1_494' title='bbox 651 5165 729 5224; x_wconf 88' lang='lat' dir='ltr'><strong>inter</strong></span> <span class='ocrx_word' id='word_1_495' title='bbox 738 5167 818 5226; x_wconf 85' lang='lat' dir='ltr'><strong>idola</strong></span> <span class='ocrx_word' id='word_1_496' title='bbox 831 5185 897 5225; x_wconf 91' lang='lat' dir='ltr'><strong>con·</strong></span> <span class='ocrx_word' id='word_1_497' title='bbox 942 5164 989 5238; x_wconf 84' lang='lat' dir='ltr'>gis</span> <span class='ocrx_word' id='word_1_498' title='bbox 1003 5163 1208 5222; x_wconf 86' lang='lat' dir='ltr'><strong>decertantem.</strong></span> <span class='ocrx_word' id='word_1_499' title='bbox 1223 5193 1258 5204; x_wconf 96' lang='lat'><em>-</em></span> <span class='ocrx_word' id='word_1_500' title='bbox 1266 5159 1381 5218; x_wconf 86' lang='lat' dir='ltr'><strong>Adduci</strong></span> <span class='ocrx_word' id='word_1_501' title='bbox 1393 5159 1511 5219; x_wconf 86' lang='lat' dir='ltr'><strong>videtur</strong></span> <span class='ocrx_word' id='word_1_502' title='bbox 1524 5162 1600 5220; x_wconf 82' lang='grc' dir='ltr'>Οεεο</span> <span class='ocrx_word' id='word_1_503' title='bbox 1618 5179 1659 5234; x_wconf 83' lang='lat' dir='ltr'><strong>rx,</strong></span> <span class='ocrx_word' id='word_1_504' title='bbox 1673 5163 1698 5218; x_wconf 83' lang='grc' dir='ltr'>θ-</span> 
     </span>
    </p>
   </div>
   <div class='ocr_carea' id='block_1_4' title="bbox 0 0 2008 6087">
    <p class='ocr_par' dir='ltr' id='par_1_9' title="bbox 0 0 2008 6087">
     <span class='ocr_line' id='line_1_46' title="bbox 0 0 2008 6087; baseline 0 0"><span class='ocrx_word' id='word_1_505' title='bbox 0 0 2008 6087; x_wconf 95' lang='lat' dir='ltr'> </span> 
     </span>
    </p>
   </div>
  </div>
 </body>
</html>
