<?xml version="1.0" encoding="UTF-8"?>
<!DOCTYPE html PUBLIC "-//W3C//DTD XHTML 1.0 Transitional//EN"
    "http://www.w3.org/TR/xhtml1/DTD/xhtml1-transitional.dtd">
<html xmlns="http://www.w3.org/1999/xhtml" xml:lang="en" lang="en">
 <head>
  <title>
</title>
<meta http-equiv="Content-Type" content="text/html;charset=utf-8" />
  <meta name='ocr-system' content='tesseract 3.04.00' />
  <meta name='ocr-capabilities' content='ocr_page ocr_carea ocr_par ocr_line ocrx_word'/>
</head>
<body>
  <div class='ocr_page' id='page_1' title='image "./lta-11000/analectasacrasp00pitrgoog/analectasacrasp00pitrgoog_0100.png"; bbox 0 0 4036 6090; ppageno 0'>
   <div class='ocr_carea' id='block_1_1' title="bbox 819 439 1717 504">
    <p class='ocr_par' dir='ltr' id='par_1_1' title="bbox 819 439 1717 504">
     <span class='ocr_line' id='line_1_1' title="bbox 819 439 1717 504; baseline 0.003 -3"><span class='ocrx_word' id='word_1_1' title='bbox 819 439 861 502; x_wconf 88' lang='lat' dir='ltr'>IN</span> <span class='ocrx_word' id='word_1_2' title='bbox 884 439 1071 502; x_wconf 81' lang='lat' dir='ltr'>PSALMOS</span> <span class='ocrx_word' id='word_1_3' title='bbox 1675 443 1717 504; x_wconf 83' lang='lat'>89</span> 
     </span>
    </p>
   </div>
   <div class='ocr_carea' id='block_1_2' title="bbox 169 559 1737 1913">
    <p class='ocr_par' dir='ltr' id='par_1_2' title="bbox 170 559 1737 1289">
     <span class='ocr_line' id='line_1_2' title="bbox 171 559 1718 660; baseline 0.005 -21"><span class='ocrx_word' id='word_1_4' title='bbox 171 574 296 656; x_wconf 88' lang='grc' dir='ltr'>δίκαιοι,</span> <span class='ocrx_word' id='word_1_5' title='bbox 312 559 442 640; x_wconf 78' lang='grc' dir='ltr'>καὶτῶν</span> <span class='ocrx_word' id='word_1_6' title='bbox 458 584 512 639; x_wconf 82' lang='grc' dir='ltr'>τοῦ</span> <span class='ocrx_word' id='word_1_7' title='bbox 532 577 651 659; x_wconf 86' lang='grc' dir='ltr'>πατρὸς</span> <span class='ocrx_word' id='word_1_8' title='bbox 673 574 807 641; x_wconf 77' lang='grc' dir='ltr'>ἐντολῶν</span> <span class='ocrx_word' id='word_1_9' title='bbox 824 574 921 660; x_wconf 88' lang='grc' dir='ltr'>φύλα-</span> <span class='ocrx_word' id='word_1_10' title='bbox 967 581 1187 658; x_wconf 87' lang='lat' dir='ltr'>paternorum</span> <span class='ocrx_word' id='word_1_11' title='bbox 1202 584 1450 660; x_wconf 71' lang='lat' dir='ltr'>praceptorum</span> <span class='ocrx_word' id='word_1_12' title='bbox 1461 583 1593 645; x_wconf 89' lang='lat' dir='ltr'>strenui</span> <span class='ocrx_word' id='word_1_13' title='bbox 1609 588 1718 646; x_wconf 89' lang='lat' dir='ltr'>custo-</span> 
     </span>
     <span class='ocr_line' id='line_1_3' title="bbox 171 677 1715 764; baseline 0.005 -21"><span class='ocrx_word' id='word_1_14' title='bbox 171 701 226 756; x_wconf 91' lang='grc' dir='ltr'>κες</span> <span class='ocrx_word' id='word_1_15' title='bbox 253 677 409 764; x_wconf 82' lang='grc' dir='ltr'>ύκριύεϊς·</span> <span class='ocrx_word' id='word_1_16' title='bbox 437 681 492 744; x_wconf 90' lang='grc' dir='ltr'>καὶ</span> <span class='ocrx_word' id='word_1_17' title='bbox 514 682 596 745; x_wconf 90' lang='grc' dir='ltr'>ούτω</span> <span class='ocrx_word' id='word_1_18' title='bbox 617 679 780 758; x_wconf 76' lang='grc' dir='ltr'>θεοσεύεῖς</span> <span class='ocrx_word' id='word_1_19' title='bbox 805 683 860 746; x_wconf 89' lang='grc' dir='ltr'>καί</span> <span class='ocrx_word' id='word_1_20' title='bbox 885 683 922 745; x_wconf 89' lang='grc' dir='ltr'>τό</span> <span class='ocrx_word' id='word_1_21' title='bbox 970 680 1045 760; x_wconf 90' lang='lat' dir='ltr'>des;</span> <span class='ocrx_word' id='word_1_22' title='bbox 1062 686 1164 762; x_wconf 82' lang='lat' dir='ltr'>atque</span> <span class='ocrx_word' id='word_1_23' title='bbox 1177 683 1260 745; x_wconf 91' lang='lat' dir='ltr'>adeo</span> <span class='ocrx_word' id='word_1_24' title='bbox 1272 685 1319 764; x_wconf 92' lang='lat' dir='ltr'>pii</span> <span class='ocrx_word' id='word_1_25' title='bbox 1333 700 1417 761; x_wconf 83' lang='lat' dir='ltr'>erga</span> <span class='ocrx_word' id='word_1_26' title='bbox 1428 685 1547 764; x_wconf 89' lang='lat' dir='ltr'>Deum,</span> <span class='ocrx_word' id='word_1_27' title='bbox 1563 687 1715 750; x_wconf 86' lang='lat' dir='ltr'>moribus</span> 
     </span>
     <span class='ocr_line' id='line_1_4' title="bbox 174 783 1715 870; baseline 0.004 -22"><span class='ocrx_word' id='word_1_28' title='bbox 174 783 252 869; x_wconf 86' lang='grc' dir='ltr'>ἠθος</span> <span class='ocrx_word' id='word_1_29' title='bbox 274 785 417 869; x_wconf 90' lang='grc' dir='ltr'>χρηστοί,</span> <span class='ocrx_word' id='word_1_30' title='bbox 434 783 476 860; x_wconf 86' lang='grc' dir='ltr'>ὡς</span> <span class='ocrx_word' id='word_1_31' title='bbox 497 785 553 848; x_wconf 86' lang='grc' dir='ltr'>καί</span> <span class='ocrx_word' id='word_1_32' title='bbox 575 783 718 869; x_wconf 77' lang='grc' dir='ltr'>μάρτυρα</span> <span class='ocrx_word' id='word_1_33' title='bbox 740 795 798 870; x_wconf 86' lang='grc' dir='ltr'>της</span> <span class='ocrx_word' id='word_1_34' title='bbox 821 786 922 850; x_wconf 79' lang='grc' dir='ltr'>αὐτῶν</span> <span class='ocrx_word' id='word_1_35' title='bbox 968 785 1017 847; x_wconf 84' lang='lat' dir='ltr'>ita</span> <span class='ocrx_word' id='word_1_36' title='bbox 1033 787 1270 868; x_wconf 86' lang='lat' dir='ltr'>commendati,</span> <span class='ocrx_word' id='word_1_37' title='bbox 1287 793 1325 850; x_wconf 90' lang='lat' dir='ltr'>ut</span> <span class='ocrx_word' id='word_1_38' title='bbox 1340 790 1478 852; x_wconf 90' lang='lat' dir='ltr'>virtutis</span> <span class='ocrx_word' id='word_1_39' title='bbox 1490 807 1606 852; x_wconf 90' lang='lat' dir='ltr'>eorum</span> <span class='ocrx_word' id='word_1_40' title='bbox 1618 792 1715 854; x_wconf 88' lang='lat' dir='ltr'>testis</span> 
     </span>
     <span class='ocr_line' id='line_1_5' title="bbox 173 886 1719 975; baseline 0.003 -23"><span class='ocrx_word' id='word_1_41' title='bbox 173 888 290 973; x_wconf 72' lang='grc' dir='ltr'>ἀρετῆς</span> <span class='ocrx_word' id='word_1_42' title='bbox 304 886 449 973; x_wconf 88' lang='grc' dir='ltr'>γενέσθαι</span> <span class='ocrx_word' id='word_1_43' title='bbox 463 890 517 953; x_wconf 88' lang='grc' dir='ltr'>τόν</span> <span class='ocrx_word' id='word_1_44' title='bbox 533 888 624 971; x_wconf 83' lang='grc' dir='ltr'><strong>Θεὸν,</strong></span> <span class='ocrx_word' id='word_1_45' title='bbox 640 897 684 975; x_wconf 82' lang='grc' dir='ltr'>τῷ</span> <span class='ocrx_word' id='word_1_46' title='bbox 695 887 843 974; x_wconf 75' lang='grc' dir='ltr'>προφήτῃ</span> <span class='ocrx_word' id='word_1_47' title='bbox 859 889 924 953; x_wconf 90' lang='grc' dir='ltr'>δια-</span> <span class='ocrx_word' id='word_1_48' title='bbox 970 890 1061 966; x_wconf 89' lang='lat' dir='ltr'>Deus</span> <span class='ocrx_word' id='word_1_49' title='bbox 1088 890 1198 955; x_wconf 84' lang='lat' dir='ltr'>fectus</span> <span class='ocrx_word' id='word_1_50' title='bbox 1221 892 1276 972; x_wconf 88' lang='lat' dir='ltr'>sit,</span> <span class='ocrx_word' id='word_1_51' title='bbox 1292 894 1328 955; x_wconf 91' lang='lat' dir='ltr'>in</span> <span class='ocrx_word' id='word_1_52' title='bbox 1351 894 1520 975; x_wconf 92' lang='lat' dir='ltr'>colloquio</span> <span class='ocrx_word' id='word_1_53' title='bbox 1540 911 1617 957; x_wconf 91' lang='lat' dir='ltr'>oum</span> <span class='ocrx_word' id='word_1_54' title='bbox 1644 912 1719 975; x_wconf 89' lang='lat' dir='ltr'>pro·</span> 
     </span>
     <span class='ocr_line' id='line_1_6' title="bbox 172 987 1719 1079; baseline 0.003 -23"><span class='ocrx_word' id='word_1_55' title='bbox 172 992 344 1078; x_wconf 90' lang='grc' dir='ltr'>λεγόμενον</span> <span class='ocrx_word' id='word_1_56' title='bbox 362 987 509 1078; x_wconf 77' lang='grc' dir='ltr'>Ἱερεμίᾳ.</span> <span class='ocrx_word' id='word_1_57' title='bbox 524 991 597 1058; x_wconf 89' lang='grc' dir='ltr'>Ἐπί</span> <span class='ocrx_word' id='word_1_58' title='bbox 619 993 737 1060; x_wconf 89' lang='grc' dir='ltr'>τούτων</span> <span class='ocrx_word' id='word_1_59' title='bbox 759 994 800 1079; x_wconf 79' lang='grc' dir='ltr'>δὴ</span> <span class='ocrx_word' id='word_1_60' title='bbox 823 995 879 1058; x_wconf 87' lang='grc' dir='ltr'>καί</span> <span class='ocrx_word' id='word_1_61' title='bbox 899 993 921 1078; x_wconf 83' lang='grc' dir='ltr'><strong>ἡ</strong></span> <span class='ocrx_word' id='word_1_62' title='bbox 969 993 1072 1073; x_wconf 84' lang='lat' dir='ltr'>pheta</span> <span class='ocrx_word' id='word_1_63' title='bbox 1086 997 1237 1059; x_wconf 85' lang='lat' dir='ltr'>Jeremiu</span> <span class='ocrx_word' id='word_1_64' title='bbox 1252 996 1378 1060; x_wconf 86' lang='lat' dir='ltr'>habito.</span> <span class='ocrx_word' id='word_1_65' title='bbox 1396 999 1545 1072; x_wconf 87' lang='lat' dir='ltr'>Quorum</span> <span class='ocrx_word' id='word_1_66' title='bbox 1568 1002 1719 1079; x_wconf 92' lang='lat' dir='ltr'>tempore</span> 
     </span>
     <span class='ocr_line' id='line_1_7' title="bbox 170 1092 1720 1182; baseline 0.003 -20"><span class='ocrx_word' id='word_1_67' title='bbox 170 1096 279 1182; x_wconf 82' lang='grc' dir='ltr'><strong>πρώτη</strong></span> <span class='ocrx_word' id='word_1_68' title='bbox 303 1105 360 1180; x_wconf 81' lang='grc' dir='ltr'>της</span> <span class='ocrx_word' id='word_1_69' title='bbox 374 1092 595 1182; x_wconf 82' lang='grc' dir='ltr'>Ἰερουσαλὴμ,</span> <span class='ocrx_word' id='word_1_70' title='bbox 616 1097 677 1160; x_wconf 87' lang='grc' dir='ltr'>ύπό</span> <span class='ocrx_word' id='word_1_71' title='bbox 699 1095 872 1163; x_wconf 85' lang='grc' dir='ltr'>Χαλδαίων</span> <span class='ocrx_word' id='word_1_72' title='bbox 888 1098 923 1161; x_wconf 82' lang='lat' dir='ltr'>oi-</span> <span class='ocrx_word' id='word_1_73' title='bbox 967 1100 1116 1180; x_wconf 91' lang='lat' dir='ltr'>primum</span> <span class='ocrx_word' id='word_1_74' title='bbox 1132 1118 1152 1162; x_wconf 87' lang='lat' dir='ltr'>a</span> <span class='ocrx_word' id='word_1_75' title='bbox 1167 1101 1346 1164; x_wconf 84' lang='lat' dir='ltr'>chaldaeis</span> <span class='ocrx_word' id='word_1_76' title='bbox 1366 1107 1482 1165; x_wconf 86' lang='lat' dir='ltr'>actum</span> <span class='ocrx_word' id='word_1_77' title='bbox 1499 1107 1552 1166; x_wconf 87' lang='lat' dir='ltr'>est</span> <span class='ocrx_word' id='word_1_78' title='bbox 1566 1103 1720 1167; x_wconf 87' lang='lat' dir='ltr'>Hieroso-</span> 
     </span>
     <span class='ocr_line' id='line_1_8' title="bbox 172 1200 1737 1289; baseline 0.004 -25"><span class='ocrx_word' id='word_1_79' title='bbox 172 1200 266 1278; x_wconf 91' lang='grc' dir='ltr'>λωσις</span> <span class='ocrx_word' id='word_1_80' title='bbox 281 1200 460 1286; x_wconf 88' lang='grc' dir='ltr'>γεγένηται.</span> <span class='ocrx_word' id='word_1_81' title='bbox 763 1277 770 1289; x_wconf 86' lang='lat'>.</span> <span class='ocrx_word' id='word_1_82' title='bbox 967 1204 1068 1286; x_wconf 79' lang='lat' dir='ltr'>lymae</span> <span class='ocrx_word' id='word_1_83' title='bbox 1084 1204 1265 1268; x_wconf 81' lang='lat' dir='ltr'><strong>excidium.</strong></span> <span class='ocrx_word' id='word_1_84' title='bbox 1733 1225 1737 1236; x_wconf 90' lang='grc'>’</span> 
     </span>
    </p>

    <p class='ocr_par' dir='ltr' id='par_1_3' title="bbox 169 1303 1719 1913">
     <span class='ocr_line' id='line_1_9' title="bbox 217 1303 1719 1392; baseline 0.003 -22"><span class='ocrx_word' id='word_1_85' title='bbox 217 1305 333 1391; x_wconf 86' lang='grc' dir='ltr'>Σχοῖεν</span> <span class='ocrx_word' id='word_1_86' title='bbox 348 1303 376 1369; x_wconf 90' lang='grc' dir='ltr'>δ’</span> <span class='ocrx_word' id='word_1_87' title='bbox 388 1305 427 1372; x_wconf 80' lang='grc' dir='ltr'>ἂν</span> <span class='ocrx_word' id='word_1_88' title='bbox 442 1306 529 1369; x_wconf 80' lang='grc' dir='ltr'>οὗτοι</span> <span class='ocrx_word' id='word_1_89' title='bbox 539 1303 707 1390; x_wconf 89' lang='grc' dir='ltr'>πρόσωπον</span> <span class='ocrx_word' id='word_1_90' title='bbox 718 1315 774 1370; x_wconf 81' lang='grc' dir='ltr'>τοῦ</span> <span class='ocrx_word' id='word_1_91' title='bbox 790 1305 924 1370; x_wconf 83' lang='grc' dir='ltr'>ἀποστο-</span> <span class='ocrx_word' id='word_1_92' title='bbox 1011 1309 1121 1370; x_wconf 87' lang='lat' dir='ltr'>Possit</span> <span class='ocrx_word' id='word_1_93' title='bbox 1136 1309 1239 1371; x_wconf 88' lang='lat' dir='ltr'>etiam</span> <span class='ocrx_word' id='word_1_94' title='bbox 1257 1309 1292 1371; x_wconf 93' lang='lat' dir='ltr'>in</span> <span class='ocrx_word' id='word_1_95' title='bbox 1308 1309 1428 1373; x_wconf 85' lang='lat' dir='ltr'>iisdem</span> <span class='ocrx_word' id='word_1_96' title='bbox 1441 1309 1558 1373; x_wconf 90' lang='lat' dir='ltr'>haberi</span> <span class='ocrx_word' id='word_1_97' title='bbox 1574 1328 1719 1392; x_wconf 85' lang='lat' dir='ltr'>persona</span> 
     </span>
     <span class='ocr_line' id='line_1_10' title="bbox 171 1400 1718 1496; baseline 0.003 -22"><span class='ocrx_word' id='word_1_98' title='bbox 171 1410 260 1476; x_wconf 84' lang='grc' dir='ltr'>λικού</span> <span class='ocrx_word' id='word_1_99' title='bbox 276 1419 384 1496; x_wconf 85' lang='grc' dir='ltr'>χοροῦ,</span> <span class='ocrx_word' id='word_1_100' title='bbox 401 1419 457 1475; x_wconf 81' lang='grc' dir='ltr'>τοῦ</span> <span class='ocrx_word' id='word_1_101' title='bbox 472 1412 528 1475; x_wconf 85' lang='grc' dir='ltr'>καί</span> <span class='ocrx_word' id='word_1_102' title='bbox 543 1408 665 1494; x_wconf 89' lang='grc' dir='ltr'>σφόδρα</span> <span class='ocrx_word' id='word_1_103' title='bbox 686 1412 743 1488; x_wconf 83' lang='grc' dir='ltr'>τὰς</span> <span class='ocrx_word' id='word_1_104' title='bbox 758 1400 814 1475; x_wconf 86' lang='grc' dir='ltr'>τού</span> <span class='ocrx_word' id='word_1_105' title='bbox 829 1411 923 1474; x_wconf 81' lang='grc' dir='ltr'>ἐπου-</span> <span class='ocrx_word' id='word_1_106' title='bbox 967 1412 1141 1494; x_wconf 90' lang='lat' dir='ltr'>apostolici</span> <span class='ocrx_word' id='word_1_107' title='bbox 1156 1413 1304 1491; x_wconf 85' lang='lat' dir='ltr'>collegii,</span> <span class='ocrx_word' id='word_1_108' title='bbox 1318 1415 1438 1495; x_wconf 90' lang='lat' dir='ltr'>utique</span> <span class='ocrx_word' id='word_1_109' title='bbox 1449 1415 1596 1478; x_wconf 86' lang='lat' dir='ltr'>coelestis</span> <span class='ocrx_word' id='word_1_110' title='bbox 1608 1417 1718 1479; x_wconf 87' lang='lat' dir='ltr'>Patris</span> 
     </span>
     <span class='ocr_line' id='line_1_11' title="bbox 171 1513 1717 1599; baseline 0.001 -18"><span class='ocrx_word' id='word_1_111' title='bbox 171 1514 277 1599; x_wconf 90' lang='grc' dir='ltr'>ρανίου</span> <span class='ocrx_word' id='word_1_112' title='bbox 308 1514 433 1599; x_wconf 89' lang='grc' dir='ltr'>Πατρός</span> <span class='ocrx_word' id='word_1_113' title='bbox 464 1513 660 1599; x_wconf 80' lang='grc' dir='ltr'><strong>φυλάξαντος</strong></span> <span class='ocrx_word' id='word_1_114' title='bbox 690 1514 836 1595; x_wconf 83' lang='grc' dir='ltr'>ἐντολὰς,</span> <span class='ocrx_word' id='word_1_115' title='bbox 867 1515 922 1579; x_wconf 87' lang='grc' dir='ltr'>καί</span> <span class='ocrx_word' id='word_1_116' title='bbox 967 1516 1127 1579; x_wconf 85' lang='lat' dir='ltr'>mandata</span> <span class='ocrx_word' id='word_1_117' title='bbox 1142 1519 1283 1595; x_wconf 82' lang='lat' dir='ltr'>egregie</span> <span class='ocrx_word' id='word_1_118' title='bbox 1295 1517 1527 1598; x_wconf 89' lang='lat' dir='ltr'>custodientis,</span> <span class='ocrx_word' id='word_1_119' title='bbox 1543 1536 1622 1582; x_wconf 86' lang='lat' dir='ltr'>suas</span> <span class='ocrx_word' id='word_1_120' title='bbox 1635 1534 1717 1599; x_wconf 91' lang='lat' dir='ltr'>quo·</span> 
     </span>
     <span class='ocr_line' id='line_1_12' title="bbox 169 1617 1717 1704; baseline 0.003 -22"><span class='ocrx_word' id='word_1_121' title='bbox 169 1621 242 1696; x_wconf 92' lang='grc' dir='ltr'>τούς</span> <span class='ocrx_word' id='word_1_122' title='bbox 258 1618 403 1696; x_wconf 75' lang='grc' dir='ltr'>ἐπαίνους</span> <span class='ocrx_word' id='word_1_123' title='bbox 424 1618 599 1704; x_wconf 81' lang='grc' dir='ltr'>εἰληφότος,</span> <span class='ocrx_word' id='word_1_124' title='bbox 616 1617 669 1682; x_wconf 88' lang='grc' dir='ltr'>διόι</span> <span class='ocrx_word' id='word_1_125' title='bbox 690 1628 751 1684; x_wconf 81' lang='grc' dir='ltr'>τῶν</span> <span class='ocrx_word' id='word_1_126' title='bbox 773 1622 851 1703; x_wconf 88' lang='grc' dir='ltr'>πρός</span> <span class='ocrx_word' id='word_1_127' title='bbox 867 1619 921 1682; x_wconf 78' lang='lat' dir='ltr'>ab·</span> <span class='ocrx_word' id='word_1_128' title='bbox 967 1638 1033 1703; x_wconf 90' lang='lat' dir='ltr'>que</span> <span class='ocrx_word' id='word_1_129' title='bbox 1042 1620 1159 1684; x_wconf 88' lang='lat' dir='ltr'>laudes</span> <span class='ocrx_word' id='word_1_130' title='bbox 1168 1621 1281 1702; x_wconf 89' lang='lat' dir='ltr'>adepti</span> <span class='ocrx_word' id='word_1_131' title='bbox 1293 1626 1429 1702; x_wconf 89' lang='lat' dir='ltr'>propter</span> <span class='ocrx_word' id='word_1_132' title='bbox 1440 1622 1612 1686; x_wconf 84' lang='lat' dir='ltr'>beatitatis</span> <span class='ocrx_word' id='word_1_133' title='bbox 1620 1640 1717 1686; x_wconf 92' lang='lat' dir='ltr'>enco-</span> 
     </span>
     <span class='ocr_line' id='line_1_13' title="bbox 172 1721 1717 1808; baseline 0.001 -21"><span class='ocrx_word' id='word_1_134' title='bbox 172 1725 246 1800; x_wconf 90' lang='grc' dir='ltr'>τούς</span> <span class='ocrx_word' id='word_1_135' title='bbox 268 1721 441 1808; x_wconf 82' lang='grc' dir='ltr'>εἰρημένων</span> <span class='ocrx_word' id='word_1_136' title='bbox 465 1732 680 1808; x_wconf 85' lang='grc' dir='ltr'>μακαρισμύιν.</span> <span class='ocrx_word' id='word_1_137' title='bbox 697 1721 832 1808; x_wconf 78' lang='grc' dir='ltr'>Ὁμοίως</span> <span class='ocrx_word' id='word_1_138' title='bbox 846 1731 923 1808; x_wconf 83' lang='grc' dir='ltr'>γοῦν</span> <span class='ocrx_word' id='word_1_139' title='bbox 966 1728 1036 1789; x_wconf 88' lang='lat' dir='ltr'>mia</span> <span class='ocrx_word' id='word_1_140' title='bbox 1055 1725 1095 1788; x_wconf 92' lang='lat' dir='ltr'>de</span> <span class='ocrx_word' id='word_1_141' title='bbox 1112 1727 1194 1807; x_wconf 89' lang='lat' dir='ltr'>ipsis</span> <span class='ocrx_word' id='word_1_142' title='bbox 1214 1727 1443 1806; x_wconf 87' lang='lat' dir='ltr'>pronuntiata.</span> <span class='ocrx_word' id='word_1_143' title='bbox 1468 1727 1632 1789; x_wconf 80' lang='lat' dir='ltr'>Similiter</span> <span class='ocrx_word' id='word_1_144' title='bbox 1653 1725 1717 1791; x_wconf 89' lang='lat' dir='ltr'>sub</span> 
     </span>
     <span class='ocr_line' id='line_1_14' title="bbox 173 1824 1713 1913; baseline 0.001 -23"><span class='ocrx_word' id='word_1_145' title='bbox 173 1828 228 1891; x_wconf 85' lang='grc' dir='ltr'>καί</span> <span class='ocrx_word' id='word_1_146' title='bbox 262 1828 314 1892; x_wconf 84' lang='grc' dir='ltr'>ἐπί</span> <span class='ocrx_word' id='word_1_147' title='bbox 335 1827 453 1893; x_wconf 90' lang='grc' dir='ltr'>τούτων</span> <span class='ocrx_word' id='word_1_148' title='bbox 475 1836 537 1893; x_wconf 83' lang='grc' dir='ltr'>τῶν</span> <span class='ocrx_word' id='word_1_149' title='bbox 564 1826 758 1910; x_wconf 74' lang='grc' dir='ltr'>ἀποστόλων,</span> <span class='ocrx_word' id='word_1_150' title='bbox 786 1829 876 1913; x_wconf 87' lang='grc' dir='ltr'>φημί,</span> <span class='ocrx_word' id='word_1_151' title='bbox 899 1826 921 1912; x_wconf 79' lang='grc' dir='ltr'>η</span> <span class='ocrx_word' id='word_1_152' title='bbox 967 1829 1160 1892; x_wconf 89' lang='lat' dir='ltr'>eorumdem</span> <span class='ocrx_word' id='word_1_153' title='bbox 1182 1830 1400 1910; x_wconf 90' lang='lat' dir='ltr'>temporibus,</span> <span class='ocrx_word' id='word_1_154' title='bbox 1416 1824 1713 1910; x_wconf 77' lang='lat' dir='ltr'>apostolorum&#39;in-</span> 
     </span>
    </p>
   </div>
   <div class='ocr_carea' id='block_1_3' title="bbox 171 1907 1856 2019">
    <p class='ocr_par' dir='ltr' id='par_1_4' title="bbox 171 1907 1856 2019">
     <span class='ocr_line' id='line_1_15' title="bbox 171 1907 1856 2019; baseline -0.006 -17"><span class='ocrx_word' id='word_1_155' title='bbox 171 1931 279 2015; x_wconf 72' lang='grc' dir='ltr'>πρώτη</span> <span class='ocrx_word' id='word_1_156' title='bbox 311 1939 369 2014; x_wconf 78' lang='grc' dir='ltr'>τῆς</span> <span class='ocrx_word' id='word_1_157' title='bbox 395 1927 606 2018; x_wconf 79' lang='grc' dir='ltr'>Ἰερουσαλὴμ</span> <span class='ocrx_word' id='word_1_158' title='bbox 633 1932 836 2019; x_wconf 90' lang='grc' dir='ltr'>αίχμαλωσία</span> <span class='ocrx_word' id='word_1_159' title='bbox 861 1933 922 1998; x_wconf 87' lang='grc' dir='ltr'>ύπὸ</span> <span class='ocrx_word' id='word_1_160' title='bbox 968 1951 1081 2014; x_wconf 89' lang='lat' dir='ltr'>quam,</span> <span class='ocrx_word' id='word_1_161' title='bbox 1098 1932 1187 1996; x_wconf 87' lang='lat' dir='ltr'>facta</span> <span class='ocrx_word' id='word_1_162' title='bbox 1203 1935 1305 1996; x_wconf 88' lang='lat' dir='ltr'>etiam</span> <span class='ocrx_word' id='word_1_163' title='bbox 1322 1937 1373 1997; x_wconf 90' lang='lat' dir='ltr'>est</span> <span class='ocrx_word' id='word_1_164' title='bbox 1389 1935 1502 2014; x_wconf 86' lang='lat' dir='ltr'>prima</span> <span class='ocrx_word' id='word_1_165' title='bbox 1517 1933 1581 1998; x_wconf 92' lang='lat' dir='ltr'>sub</span> <span class='ocrx_word' id='word_1_166' title='bbox 1600 1935 1718 2011; x_wconf 75' lang='lat' dir='ltr'>Roma·</span> <span class='ocrx_word' id='word_1_167' title='bbox 1853 1907 1856 1914; x_wconf 15' lang='grc' dir='ltr'><strong><em>Δ</em></strong></span> 
     </span>
    </p>
   </div>
   <div class='ocr_carea' id='block_1_4' title="bbox 171 2032 1727 3687">
    <p class='ocr_par' dir='ltr' id='par_1_5' title="bbox 171 2032 1457 2120">
     <span class='ocr_line' id='line_1_16' title="bbox 171 2032 1457 2120; baseline 0 -20"><span class='ocrx_word' id='word_1_168' title='bbox 171 2032 335 2120; x_wconf 87' lang='grc' dir='ltr'>Ῥωμαίων</span> <span class='ocrx_word' id='word_1_169' title='bbox 350 2033 486 2120; x_wconf 81' lang='grc' dir='ltr'>ἐγένετο.</span> <span class='ocrx_word' id='word_1_170' title='bbox 967 2038 1021 2100; x_wconf 88' lang='lat' dir='ltr'>nis</span> <span class='ocrx_word' id='word_1_171' title='bbox 1037 2039 1252 2120; x_wconf 76' lang='lat' dir='ltr'>solymorum</span> <span class='ocrx_word' id='word_1_172' title='bbox 1267 2040 1457 2119; x_wconf 86' lang='lat' dir='ltr'>captivitas.</span> 
     </span>
    </p>

    <p class='ocr_par' dir='ltr' id='par_1_6' title="bbox 171 2139 1727 3162">
     <span class='ocr_line' id='line_1_17' title="bbox 214 2139 1713 2226; baseline -0.003 -20"><span class='ocrx_word' id='word_1_173' title='bbox 214 2139 407 2225; x_wconf 85' lang='grc' dir='ltr'>Είσόγονται</span> <span class='ocrx_word' id='word_1_174' title='bbox 427 2139 530 2207; x_wconf 78' lang='grc' dir='ltr'>τοίνυν</span> <span class='ocrx_word' id='word_1_175' title='bbox 546 2142 632 2206; x_wconf 90' lang='grc' dir='ltr'>ούτοι</span> <span class='ocrx_word' id='word_1_176' title='bbox 648 2141 677 2205; x_wconf 85' lang='grc' dir='ltr'>οἱ</span> <span class='ocrx_word' id='word_1_177' title='bbox 691 2140 845 2226; x_wconf 78' lang='grc' dir='ltr'>θεοφιλεῖς</span> <span class='ocrx_word' id='word_1_178' title='bbox 867 2141 920 2206; x_wconf 81' lang='grc' dir='ltr'>ἄν·</span> <span class='ocrx_word' id='word_1_179' title='bbox 1011 2141 1277 2204; x_wconf 86' lang='lat' dir='ltr'>introducuntur</span> <span class='ocrx_word' id='word_1_180' title='bbox 1303 2158 1402 2223; x_wconf 90' lang='lat' dir='ltr'>porro</span> <span class='ocrx_word' id='word_1_181' title='bbox 1429 2143 1495 2205; x_wconf 89' lang='lat' dir='ltr'>viri</span> <span class='ocrx_word' id='word_1_182' title='bbox 1518 2140 1713 2221; x_wconf 82' lang='lat' dir='ltr'>hujnsmodi</span> 
     </span>
     <span class='ocr_line' id='line_1_18' title="bbox 173 2242 1713 2331; baseline 0.001 -25"><span class='ocrx_word' id='word_1_183' title='bbox 173 2243 254 2328; x_wconf 86' lang='grc' dir='ltr'>δρες,</span> <span class='ocrx_word' id='word_1_184' title='bbox 277 2242 436 2309; x_wconf 82' lang='grc' dir='ltr'>τουτέστιν</span> <span class='ocrx_word' id='word_1_185' title='bbox 459 2244 476 2308; x_wconf 85' lang='grc' dir='ltr'>ὁ</span> <span class='ocrx_word' id='word_1_186' title='bbox 500 2244 708 2323; x_wconf 82' lang='grc' dir='ltr'>ύποστολικός</span> <span class='ocrx_word' id='word_1_187' title='bbox 733 2248 847 2331; x_wconf 86' lang='grc' dir='ltr'>χορός,</span> <span class='ocrx_word' id='word_1_188' title='bbox 869 2245 922 2309; x_wconf 82' lang='grc' dir='ltr'>διόι</span> <span class='ocrx_word' id='word_1_189' title='bbox 967 2246 1028 2309; x_wconf 92' lang='lat' dir='ltr'>Dei</span> <span class='ocrx_word' id='word_1_190' title='bbox 1041 2247 1152 2326; x_wconf 87' lang='lat' dir='ltr'>amici,</span> <span class='ocrx_word' id='word_1_191' title='bbox 1165 2246 1327 2308; x_wconf 91' lang='lat' dir='ltr'>nimirum</span> <span class='ocrx_word' id='word_1_192' title='bbox 1340 2245 1463 2309; x_wconf 90' lang='lat' dir='ltr'>chorus</span> <span class='ocrx_word' id='word_1_193' title='bbox 1475 2247 1713 2326; x_wconf 89' lang='lat' dir='ltr'>apostolorum,</span> 
     </span>
     <span class='ocr_line' id='line_1_19' title="bbox 173 2347 1717 2435; baseline 0.001 -24"><span class='ocrx_word' id='word_1_194' title='bbox 173 2347 381 2434; x_wconf 83' lang='grc' dir='ltr'>προκειμένου</span> <span class='ocrx_word' id='word_1_195' title='bbox 397 2348 524 2434; x_wconf 85' lang='grc' dir='ltr'>ψαλμοῦ</span> <span class='ocrx_word' id='word_1_196' title='bbox 539 2350 638 2435; x_wconf 82' lang='grc' dir='ltr'>εύχην</span> <span class='ocrx_word' id='word_1_197' title='bbox 650 2351 705 2414; x_wconf 88' lang='grc' dir='ltr'>καί</span> <span class='ocrx_word' id='word_1_198' title='bbox 720 2347 921 2433; x_wconf 79' lang='grc' dir='ltr'>εὐχαριστίαν</span> <span class='ocrx_word' id='word_1_199' title='bbox 963 2349 1064 2431; x_wconf 83' lang='lat' dir='ltr'>juxta</span> <span class='ocrx_word' id='word_1_200' title='bbox 1094 2354 1294 2431; x_wconf 86' lang='lat' dir='ltr'>praesentem</span> <span class='ocrx_word' id='word_1_201' title='bbox 1325 2351 1505 2430; x_wconf 85' lang='lat' dir='ltr'>psalmum,</span> <span class='ocrx_word' id='word_1_202' title='bbox 1535 2367 1652 2430; x_wconf 84' lang='lat' dir='ltr'>preces</span> <span class='ocrx_word' id='word_1_203' title='bbox 1683 2354 1717 2412; x_wconf 90' lang='lat' dir='ltr'>et</span> 
     </span>
     <span class='ocr_line' id='line_1_20' title="bbox 173 2451 1713 2539; baseline -0.001 -23"><span class='ocrx_word' id='word_1_204' title='bbox 173 2452 383 2538; x_wconf 80' lang='grc' dir='ltr'>ἀναφέροντες</span> <span class='ocrx_word' id='word_1_205' title='bbox 406 2461 449 2538; x_wconf 80' lang='grc' dir='ltr'>τῷ</span> <span class='ocrx_word' id='word_1_206' title='bbox 472 2452 553 2538; x_wconf 82' lang='grc' dir='ltr'>Θεῷ.</span> <span class='ocrx_word' id='word_1_207' title='bbox 569 2453 641 2539; x_wconf 88' lang='grc' dir='ltr'>Ἐφ’</span> <span class='ocrx_word' id='word_1_208' title='bbox 652 2454 698 2532; x_wconf 91' lang='grc' dir='ltr'>οίς</span> <span class='ocrx_word' id='word_1_209' title='bbox 712 2451 920 2538; x_wconf 82' lang='grc' dir='ltr'>θλιδομένους</span> <span class='ocrx_word' id='word_1_210' title='bbox 966 2455 1157 2534; x_wconf 83' lang='lat' dir='ltr'>gratiarum</span> <span class='ocrx_word' id='word_1_211' title='bbox 1173 2455 1320 2516; x_wconf 82' lang='lat' dir='ltr'>actiones</span> <span class='ocrx_word' id='word_1_212' title='bbox 1336 2471 1396 2534; x_wconf 91' lang='lat' dir='ltr'>pro</span> <span class='ocrx_word' id='word_1_213' title='bbox 1408 2471 1443 2517; x_wconf 89' lang='lat' dir='ltr'>se</span> <span class='ocrx_word' id='word_1_214' title='bbox 1456 2455 1525 2517; x_wconf 91' lang='lat' dir='ltr'>Dec</span> <span class='ocrx_word' id='word_1_215' title='bbox 1538 2453 1713 2516; x_wconf 91' lang='lat' dir='ltr'>redhiben-</span> 
     </span>
     <span class='ocr_line' id='line_1_21' title="bbox 172 2556 1727 2642; baseline 0.001 -22"><span class='ocrx_word' id='word_1_216' title='bbox 172 2557 286 2634; x_wconf 87' lang='grc' dir='ltr'>αύτούς</span> <span class='ocrx_word' id='word_1_217' title='bbox 302 2556 365 2620; x_wconf 88' lang='grc' dir='ltr'>όιπὸ</span> <span class='ocrx_word' id='word_1_218' title='bbox 381 2565 442 2621; x_wconf 83' lang='grc' dir='ltr'>τῶν</span> <span class='ocrx_word' id='word_1_219' title='bbox 457 2557 631 2623; x_wconf 83' lang='grc' dir='ltr'>διωκόντων</span> <span class='ocrx_word' id='word_1_220' title='bbox 654 2557 706 2624; x_wconf 84' lang='grc' dir='ltr'>διὰ</span> <span class='ocrx_word' id='word_1_221' title='bbox 720 2568 776 2622; x_wconf 85' lang='grc' dir='ltr'>τού</span> <span class='ocrx_word' id='word_1_222' title='bbox 792 2559 921 2642; x_wconf 88' lang='grc' dir='ltr'>εύαγγε-</span> <span class='ocrx_word' id='word_1_223' title='bbox 967 2567 1030 2638; x_wconf 85' lang='lat' dir='ltr'>tea,</span> <span class='ocrx_word' id='word_1_224' title='bbox 1047 2563 1086 2621; x_wconf 89' lang='lat' dir='ltr'>ut</span> <span class='ocrx_word' id='word_1_225' title='bbox 1101 2559 1166 2639; x_wconf 87' lang='lat' dir='ltr'>ipsi</span> <span class='ocrx_word' id='word_1_226' title='bbox 1180 2560 1294 2621; x_wconf 83' lang='lat' dir='ltr'>vexati</span> <span class='ocrx_word' id='word_1_227' title='bbox 1311 2559 1498 2622; x_wconf 85' lang='lat' dir='ltr'>liberentur</span> <span class='ocrx_word' id='word_1_228' title='bbox 1515 2563 1589 2621; x_wconf 85' lang='lat' dir='ltr'>tum</span> <span class='ocrx_word' id='word_1_229' title='bbox 1612 2559 1655 2621; x_wconf 90' lang='lat' dir='ltr'>ab</span> <span class='ocrx_word' id='word_1_230' title='bbox 1674 2559 1727 2622; x_wconf 52' lang='lat' dir='ltr'>iis*</span> 
     </span>
     <span class='ocr_line' id='line_1_22' title="bbox 171 2659 1713 2746; baseline -0.001 -22"><span class='ocrx_word' id='word_1_231' title='bbox 171 2660 261 2724; x_wconf 86' lang='grc' dir='ltr'>λικοῠ</span> <span class='ocrx_word' id='word_1_232' title='bbox 276 2660 489 2745; x_wconf 89' lang='grc' dir='ltr'>κηρύγματος,</span> <span class='ocrx_word' id='word_1_233' title='bbox 506 2660 569 2725; x_wconf 79' lang='grc' dir='ltr'>ἀπὸ</span> <span class='ocrx_word' id='word_1_234' title='bbox 585 2671 646 2726; x_wconf 86' lang='grc' dir='ltr'>τῶν</span> <span class='ocrx_word' id='word_1_235' title='bbox 661 2670 783 2746; x_wconf 82' lang='grc' dir='ltr'>νοητῶν</span> <span class='ocrx_word' id='word_1_236' title='bbox 798 2659 922 2728; x_wconf 86' lang='grc' dir='ltr'>έπιύού-</span> <span class='ocrx_word' id='word_1_237' title='bbox 967 2664 1027 2744; x_wconf 94' lang='lat' dir='ltr'>qui</span> <span class='ocrx_word' id='word_1_238' title='bbox 1054 2663 1096 2725; x_wconf 95' lang='lat' dir='ltr'>ob</span> <span class='ocrx_word' id='word_1_239' title='bbox 1127 2663 1347 2740; x_wconf 82' lang='lat' dir='ltr'>evangelium</span> <span class='ocrx_word' id='word_1_240' title='bbox 1373 2678 1430 2724; x_wconf 92' lang='lat' dir='ltr'>eos</span> <span class='ocrx_word' id='word_1_241' title='bbox 1452 2665 1713 2742; x_wconf 90' lang='lat' dir='ltr'>persequuntur,</span> 
     </span>
     <span class='ocr_line' id='line_1_23' title="bbox 171 2749 1716 2852; baseline 0.001 -26"><span class='ocrx_word' id='word_1_242' title='bbox 171 2763 235 2827; x_wconf 93' lang='grc' dir='ltr'>λων</span> <span class='ocrx_word' id='word_1_243' title='bbox 250 2773 307 2848; x_wconf 76' lang='grc' dir='ltr'>της</span> <span class='ocrx_word' id='word_1_244' title='bbox 329 2765 431 2829; x_wconf 82' lang='grc' dir='ltr'>αὐτῶν</span> <span class='ocrx_word' id='word_1_245' title='bbox 453 2765 560 2852; x_wconf 76' lang='grc' dir='ltr'>ψυχῆς</span> <span class='ocrx_word' id='word_1_246' title='bbox 582 2765 737 2851; x_wconf 85' lang='grc' dir='ltr'>δαιμόνων</span> <span class='ocrx_word' id='word_1_247' title='bbox 760 2765 921 2832; x_wconf 85' lang='grc' dir='ltr'>διέσωσεν·</span> <span class='ocrx_word' id='word_1_248' title='bbox 968 2771 1043 2830; x_wconf 91' lang='lat' dir='ltr'>tum</span> <span class='ocrx_word' id='word_1_249' title='bbox 1059 2785 1080 2828; x_wconf 87' lang='lat' dir='ltr'>a</span> <span class='ocrx_word' id='word_1_250' title='bbox 1102 2749 1338 2846; x_wconf 80' lang='lat' dir='ltr'>spiritualibus</span> <span class='ocrx_word' id='word_1_251' title='bbox 1361 2767 1552 2828; x_wconf 88' lang='lat' dir='ltr'>animarum</span> <span class='ocrx_word' id='word_1_252' title='bbox 1576 2783 1716 2828; x_wconf 89' lang='lat' dir='ltr'>suarum</span> 
     </span>
     <span class='ocr_line' id='line_1_24' title="bbox 171 2868 1716 2956; baseline -0.001 -23"><span class='ocrx_word' id='word_1_253' title='bbox 171 2870 280 2933; x_wconf 84' lang='grc' dir='ltr'>ἔπειτα</span> <span class='ocrx_word' id='word_1_254' title='bbox 295 2868 534 2955; x_wconf 79' lang='grc' dir='ltr'>ὑπισχνούμενοι</span> <span class='ocrx_word' id='word_1_255' title='bbox 546 2869 643 2956; x_wconf 91' lang='grc' dir='ltr'>μόνας</span> <span class='ocrx_word' id='word_1_256' title='bbox 653 2873 711 2949; x_wconf 83' lang='grc' dir='ltr'>τὰς</span> <span class='ocrx_word' id='word_1_257' title='bbox 726 2872 765 2935; x_wconf 88' lang='grc' dir='ltr'>δι’</span> <span class='ocrx_word' id='word_1_258' title='bbox 772 2870 924 2949; x_wconf 86' lang='grc' dir='ltr'>αἰνέσεως</span> <span class='ocrx_word' id='word_1_259' title='bbox 966 2870 1223 2934; x_wconf 80' lang='lat' dir='ltr'>insidiatoribus</span> <span class='ocrx_word' id='word_1_260' title='bbox 1236 2869 1454 2948; x_wconf 76' lang='lat' dir='ltr'>demonibus,</span> <span class='ocrx_word' id='word_1_261' title='bbox 1462 2869 1604 2949; x_wconf 87' lang='lat' dir='ltr'>polliciti</span> <span class='ocrx_word' id='word_1_262' title='bbox 1618 2887 1716 2950; x_wconf 91' lang='lat' dir='ltr'>porro</span> 
     </span>
     <span class='ocr_line' id='line_1_25' title="bbox 173 2972 1717 3061; baseline 0.001 -25"><span class='ocrx_word' id='word_1_263' title='bbox 173 2972 367 3058; x_wconf 81' lang='grc' dir='ltr'>ἀναπέμπειν</span> <span class='ocrx_word' id='word_1_264' title='bbox 384 2972 500 3056; x_wconf 85' lang='grc' dir='ltr'>θυσίας,</span> <span class='ocrx_word' id='word_1_265' title='bbox 516 2974 756 3061; x_wconf 80' lang='grc' dir='ltr'>ἀπηλλαγμένοι</span> <span class='ocrx_word' id='word_1_266' title='bbox 776 2973 921 3061; x_wconf 88' lang='grc' dir='ltr'>δηλονότι</span> <span class='ocrx_word' id='word_1_267' title='bbox 966 2979 1001 3039; x_wconf 89' lang='lat' dir='ltr'>et</span> <span class='ocrx_word' id='word_1_268' title='bbox 1014 2977 1103 3038; x_wconf 88' lang='lat' dir='ltr'>solus</span> <span class='ocrx_word' id='word_1_269' title='bbox 1118 2992 1153 3038; x_wconf 91' lang='lat' dir='ltr'>se</span> <span class='ocrx_word' id='word_1_270' title='bbox 1170 2975 1280 3038; x_wconf 85' lang='lat' dir='ltr'>laudis</span> <span class='ocrx_word' id='word_1_271' title='bbox 1293 2975 1419 3038; x_wconf 86' lang='lat' dir='ltr'>hostias</span> <span class='ocrx_word' id='word_1_272' title='bbox 1435 2991 1507 3036; x_wconf 89' lang='lat' dir='ltr'>esse</span> <span class='ocrx_word' id='word_1_273' title='bbox 1530 2974 1717 3053; x_wconf 86' lang='lat' dir='ltr'>oblaturos,</span> 
     </span>
     <span class='ocr_line' id='line_1_26' title="bbox 173 3076 1656 3162; baseline -0.001 -21"><span class='ocrx_word' id='word_1_274' title='bbox 173 3085 232 3160; x_wconf 81' lang='grc' dir='ltr'>της</span> <span class='ocrx_word' id='word_1_275' title='bbox 247 3077 332 3141; x_wconf 84' lang='grc' dir='ltr'>κατθ</span> <span class='ocrx_word' id='word_1_276' title='bbox 347 3076 442 3162; x_wconf 92' lang='grc' dir='ltr'>νόμον</span> <span class='ocrx_word' id='word_1_277' title='bbox 457 3077 614 3162; x_wconf 92' lang='grc' dir='ltr'>λατρείας.</span> <span class='ocrx_word' id='word_1_278' title='bbox 967 3083 1080 3144; x_wconf 88' lang='lat' dir='ltr'>cultus</span> <span class='ocrx_word' id='word_1_279' title='bbox 1097 3079 1257 3143; x_wconf 89' lang='lat' dir='ltr'>videlieet</span> <span class='ocrx_word' id='word_1_280' title='bbox 1272 3081 1376 3158; x_wconf 85' lang='lat' dir='ltr'>legali</span> <span class='ocrx_word' id='word_1_281' title='bbox 1389 3077 1461 3158; x_wconf 89' lang='lat' dir='ltr'>jam</span> <span class='ocrx_word' id='word_1_282' title='bbox 1477 3079 1656 3142; x_wconf 87' lang='lat' dir='ltr'>immunes.</span> 
     </span>
    </p>

    <p class='ocr_par' dir='ltr' id='par_1_7' title="bbox 172 3179 1719 3477">
     <span class='ocr_line' id='line_1_27' title="bbox 217 3179 1719 3270; baseline 0.004 -27"><span class='ocrx_word' id='word_1_283' title='bbox 217 3179 277 3244; x_wconf 87' lang='grc' dir='ltr'>Ἐκ</span> <span class='ocrx_word' id='word_1_284' title='bbox 291 3181 327 3244; x_wconf 82' lang='grc' dir='ltr'>δέ</span> <span class='ocrx_word' id='word_1_285' title='bbox 342 3191 404 3247; x_wconf 83' lang='grc' dir='ltr'>τῶν</span> <span class='ocrx_word' id='word_1_286' title='bbox 420 3181 456 3248; x_wconf 91' lang='lat' dir='ltr'>O&#39;</span> <span class='ocrx_word' id='word_1_287' title='bbox 472 3192 530 3269; x_wconf 81' lang='grc' dir='ltr'>της</span> <span class='ocrx_word' id='word_1_288' title='bbox 552 3183 819 3270; x_wconf 86' lang='grc' dir='ltr'>έκκλησιαστικης</span> <span class='ocrx_word' id='word_1_289' title='bbox 834 3185 922 3252; x_wconf 71' lang='lat' dir='ltr'>exeo</span> <span class='ocrx_word' id='word_1_290' title='bbox 1011 3186 1074 3252; x_wconf 84' lang='lat' dir='ltr'>Sed</span> <span class='ocrx_word' id='word_1_291' title='bbox 1088 3186 1319 3248; x_wconf 86' lang='lat' dir='ltr'>ecelesiastica</span> <span class='ocrx_word' id='word_1_292' title='bbox 1330 3204 1400 3248; x_wconf 75' lang='lat' dir='ltr'>cxx</span> <span class='ocrx_word' id='word_1_293' title='bbox 1414 3186 1638 3266; x_wconf 89' lang='lat' dir='ltr'>interpretum</span> <span class='ocrx_word' id='word_1_294' title='bbox 1652 3186 1719 3249; x_wconf 91' lang='lat' dir='ltr'>edi·</span> 
     </span>
     <span class='ocr_line' id='line_1_28' title="bbox 172 3284 1719 3374; baseline 0.004 -27"><span class='ocrx_word' id='word_1_295' title='bbox 172 3305 253 3361; x_wconf 90' lang='grc' dir='ltr'>σεως</span> <span class='ocrx_word' id='word_1_296' title='bbox 275 3285 452 3374; x_wconf 82' lang='grc' dir='ltr'>ἐπιγραφὴν</span> <span class='ocrx_word' id='word_1_297' title='bbox 474 3288 630 3372; x_wconf 81' lang='grc' dir='ltr'>ἐχούσης·</span> <span class='ocrx_word' id='word_1_298' title='bbox 647 3284 740 3373; x_wconf 82' lang='grc' dir='ltr'>Ὑπὲρ</span> <span class='ocrx_word' id='word_1_299' title='bbox 764 3299 824 3355; x_wconf 83' lang='grc' dir='ltr'>τῶν</span> <span class='ocrx_word' id='word_1_300' title='bbox 847 3291 920 3356; x_wconf 83' lang='grc' dir='ltr'>υίύιν</span> <span class='ocrx_word' id='word_1_301' title='bbox 967 3292 1015 3354; x_wconf 89' lang='lat' dir='ltr'>tio</span> <span class='ocrx_word' id='word_1_302' title='bbox 1030 3307 1100 3370; x_wconf 84' lang='lat' dir='ltr'>prae</span> <span class='ocrx_word' id='word_1_303' title='bbox 1115 3306 1151 3352; x_wconf 91' lang='lat' dir='ltr'>se</span> <span class='ocrx_word' id='word_1_304' title='bbox 1178 3288 1245 3354; x_wconf 88' lang='lat' dir='ltr'>fert</span> <span class='ocrx_word' id='word_1_305' title='bbox 1261 3290 1533 3369; x_wconf 88' lang='lat' dir='ltr'>inscriptionem:</span> <span class='ocrx_word' id='word_1_306' title='bbox 1557 3291 1662 3371; x_wconf 76' lang='lat' dir='ltr'>Super</span> <span class='ocrx_word' id='word_1_307' title='bbox 1672 3291 1719 3372; x_wconf 84' lang='lat' dir='ltr'>fi-</span> 
     </span>
     <span class='ocr_line' id='line_1_29' title="bbox 172 3387 1499 3477; baseline 0.003 -25"><span class='ocrx_word' id='word_1_308' title='bbox 172 3387 276 3473; x_wconf 87' lang='grc' dir='ltr'>Ἀδόιμ</span> <span class='ocrx_word' id='word_1_309' title='bbox 290 3392 344 3454; x_wconf 87' lang='grc' dir='ltr'>καί</span> <span class='ocrx_word' id='word_1_310' title='bbox 359 3400 420 3454; x_wconf 82' lang='grc' dir='ltr'>τῶν</span> <span class='ocrx_word' id='word_1_311' title='bbox 433 3390 562 3475; x_wconf 90' lang='grc' dir='ltr'>πρύτων</span> <span class='ocrx_word' id='word_1_312' title='bbox 574 3391 898 3477; x_wconf 80' lang='grc' dir='ltr'>αἰχμαλωτισθέντων.</span> <span class='ocrx_word' id='word_1_313' title='bbox 969 3395 1031 3459; x_wconf 82' lang='lat' dir='ltr'>lior</span> <span class='ocrx_word' id='word_1_314' title='bbox 1046 3391 1150 3457; x_wconf 79' lang='lat' dir='ltr'>Adam</span> <span class='ocrx_word' id='word_1_315' title='bbox 1164 3397 1195 3457; x_wconf 79' lang='lat' dir='ltr'>er</span> <span class='ocrx_word' id='word_1_316' title='bbox 1203 3395 1335 3474; x_wconf 71' lang='lat' dir='ltr'>potores</span> <span class='ocrx_word' id='word_1_317' title='bbox 1347 3393 1499 3472; x_wconf 71' lang='lat' dir='ltr'>cepticos</span> 
     </span>
    </p>

    <p class='ocr_par' dir='ltr' id='par_1_8' title="bbox 173 3491 1719 3687">
     <span class='ocr_line' id='line_1_30' title="bbox 201 3491 1719 3584; baseline 0.003 -28"><span class='ocrx_word' id='word_1_318' title='bbox 201 3491 282 3556; x_wconf 86' lang='grc' dir='ltr'>’Καί</span> <span class='ocrx_word' id='word_1_319' title='bbox 293 3494 360 3579; x_wconf 91' lang='grc' dir='ltr'>μετ’</span> <span class='ocrx_word' id='word_1_320' title='bbox 372 3492 488 3579; x_wconf 79' lang='grc' dir='ltr'>ὀλίγον.</span> <span class='ocrx_word' id='word_1_321' title='bbox 512 3492 550 3559; x_wconf 82' lang='lat' dir='ltr'>Ol</span> <span class='ocrx_word' id='word_1_322' title='bbox 568 3497 624 3579; x_wconf 84' lang='grc' dir='ltr'>μὲν</span> <span class='ocrx_word' id='word_1_323' title='bbox 639 3495 790 3581; x_wconf 81' lang='grc' dir='ltr'>ἐμπαθεῖς</span> <span class='ocrx_word' id='word_1_324' title='bbox 811 3499 852 3561; x_wconf 84' lang='grc' dir='ltr'>τὰ</span> <span class='ocrx_word' id='word_1_325' title='bbox 867 3499 922 3584; x_wconf 87' lang='grc' dir='ltr'>ύμ-</span> <span class='ocrx_word' id='word_1_326' title='bbox 1011 3499 1057 3562; x_wconf 81' lang='grc' dir='ltr'>Αε</span> <span class='ocrx_word' id='word_1_327' title='bbox 1089 3497 1191 3578; x_wconf 80' lang='lat' dir='ltr'>paolo</span> <span class='ocrx_word' id='word_1_328' title='bbox 1212 3501 1306 3576; x_wconf 81' lang='lat' dir='ltr'>post:</span> <span class='ocrx_word' id='word_1_329' title='bbox 1338 3498 1405 3559; x_wconf 83' lang='lat' dir='ltr'>Alii</span> <span class='ocrx_word' id='word_1_330' title='bbox 1443 3498 1580 3578; x_wconf 88' lang='lat' dir='ltr'>quidem</span> <span class='ocrx_word' id='word_1_331' title='bbox 1603 3499 1719 3561; x_wconf 89' lang='lat' dir='ltr'>oculos</span> 
     </span>
     <span class='ocr_line' id='line_1_31' title="bbox 173 3597 1719 3687; baseline 0.003 -27"><span class='ocrx_word' id='word_1_332' title='bbox 173 3618 259 3682; x_wconf 91' lang='grc' dir='ltr'>ματα</span> <span class='ocrx_word' id='word_1_333' title='bbox 273 3607 330 3683; x_wconf 81' lang='grc' dir='ltr'>της</span> <span class='ocrx_word' id='word_1_334' title='bbox 342 3597 467 3676; x_wconf 85' lang='grc' dir='ltr'>ἀκτῖνος</span> <span class='ocrx_word' id='word_1_335' title='bbox 478 3598 684 3684; x_wconf 76' lang='grc' dir='ltr'>χωρίζονται·</span> <span class='ocrx_word' id='word_1_336' title='bbox 700 3600 729 3664; x_wconf 89' lang='grc' dir='ltr'>οί</span> <span class='ocrx_word' id='word_1_337' title='bbox 741 3601 776 3664; x_wconf 84' lang='grc' dir='ltr'>δέ</span> <span class='ocrx_word' id='word_1_338' title='bbox 788 3602 919 3687; x_wconf 85' lang='grc' dir='ltr'>ύδροφο-</span> <span class='ocrx_word' id='word_1_339' title='bbox 970 3603 1070 3682; x_wconf 86' lang='lat' dir='ltr'>capti,</span> <span class='ocrx_word' id='word_1_340' title='bbox 1098 3601 1193 3663; x_wconf 85' lang='lat' dir='ltr'>radio</span> <span class='ocrx_word' id='word_1_341' title='bbox 1219 3602 1300 3663; x_wconf 89' lang='lat' dir='ltr'>solis</span> <span class='ocrx_word' id='word_1_342' title='bbox 1328 3601 1522 3680; x_wconf 83' lang='lat' dir='ltr'>privantur3</span> <span class='ocrx_word' id='word_1_343' title='bbox 1549 3603 1609 3664; x_wconf 87' lang='lat' dir='ltr'>olii</span> <span class='ocrx_word' id='word_1_344' title='bbox 1638 3619 1719 3664; x_wconf 79' lang='lat' dir='ltr'>vero</span> 
     </span>
    </p>
   </div>
   <div class='ocr_carea' id='block_1_5' title="bbox 46 3699 1719 3790">
    <p class='ocr_par' dir='ltr' id='par_1_9' title="bbox 46 3699 1719 3790">
     <span class='ocr_line' id='line_1_32' title="bbox 46 3699 1719 3790; baseline 0.003 -26"><span class='ocrx_word' id='word_1_345' title='bbox 46 3763 53 3776; x_wconf 81' lang='grc'>,</span> <span class='ocrx_word' id='word_1_346' title='bbox 172 3699 298 3779; x_wconf 79' lang='grc' dir='ltr'>δοῦντες</span> <span class='ocrx_word' id='word_1_347' title='bbox 313 3703 422 3786; x_wconf 78' lang='grc' dir='ltr'>[κατὰ]</span> <span class='ocrx_word' id='word_1_348' title='bbox 438 3712 495 3788; x_wconf 81' lang='grc' dir='ltr'>της</span> <span class='ocrx_word' id='word_1_349' title='bbox 510 3714 565 3768; x_wconf 84' lang='grc' dir='ltr'>τοῦ</span> <span class='ocrx_word' id='word_1_350' title='bbox 585 3704 698 3782; x_wconf 87' lang='grc' dir='ltr'>ύδατος</span> <span class='ocrx_word' id='word_1_351' title='bbox 719 3705 822 3788; x_wconf 80' lang='grc' dir='ltr'>ὄψεως</span> <span class='ocrx_word' id='word_1_352' title='bbox 839 3705 922 3790; x_wconf 91' lang='grc' dir='ltr'>[δυσ-</span> <span class='ocrx_word' id='word_1_353' title='bbox 968 3722 1093 3786; x_wconf 86' lang='lat' dir='ltr'>equam</span> <span class='ocrx_word' id='word_1_354' title='bbox 1109 3707 1205 3767; x_wconf 85' lang='lat' dir='ltr'>velut</span> <span class='ocrx_word' id='word_1_355' title='bbox 1218 3705 1263 3768; x_wconf 71' lang='lat' dir='ltr'>&#39;ab</span> <span class='ocrx_word' id='word_1_356' title='bbox 1279 3706 1351 3785; x_wconf 90' lang='lat' dir='ltr'>ipso</span> <span class='ocrx_word' id='word_1_357' title='bbox 1368 3709 1549 3786; x_wconf 91' lang='lat' dir='ltr'>conspectu</span> <span class='ocrx_word' id='word_1_358' title='bbox 1569 3705 1719 3769; x_wconf 86' lang='lat' dir='ltr'>reformi-</span> 
     </span>
    </p>
   </div>
   <div class='ocr_carea' id='block_1_6' title="bbox 171 3804 1721 4419">
    <p class='ocr_par' dir='ltr' id='par_1_10' title="bbox 171 3804 1721 4292">
     <span class='ocr_line' id='line_1_33' title="bbox 172 3804 1717 3894; baseline 0.003 -26"><span class='ocrx_word' id='word_1_359' title='bbox 172 3804 383 3891; x_wconf 84' lang='grc' dir='ltr'>χεραίνουσι]·</span> <span class='ocrx_word' id='word_1_360' title='bbox 406 3809 459 3872; x_wconf 89' lang='grc' dir='ltr'>τόν</span> <span class='ocrx_word' id='word_1_361' title='bbox 482 3809 577 3871; x_wconf 88' lang='grc' dir='ltr'>αύτόν</span> <span class='ocrx_word' id='word_1_362' title='bbox 599 3808 713 3893; x_wconf 90' lang='grc' dir='ltr'>τρόπον</span> <span class='ocrx_word' id='word_1_363' title='bbox 735 3811 790 3872; x_wconf 89' lang='grc' dir='ltr'>καί</span> <span class='ocrx_word' id='word_1_364' title='bbox 813 3809 834 3894; x_wconf 75' lang='grc' dir='ltr'>ἡ</span> <span class='ocrx_word' id='word_1_365' title='bbox 858 3819 920 3874; x_wconf 83' lang='grc' dir='ltr'>τῶν</span> <span class='ocrx_word' id='word_1_366' title='bbox 968 3812 1059 3874; x_wconf 91' lang='lat' dir='ltr'>dant.</span> <span class='ocrx_word' id='word_1_367' title='bbox 1087 3809 1212 3873; x_wconf 88' lang='lat' dir='ltr'>Eodem</span> <span class='ocrx_word' id='word_1_368' title='bbox 1240 3827 1321 3872; x_wconf 88' lang='lat' dir='ltr'>sane</span> <span class='ocrx_word' id='word_1_369' title='bbox 1350 3809 1457 3888; x_wconf 89' lang='lat' dir='ltr'>modo,</span> <span class='ocrx_word' id='word_1_370' title='bbox 1482 3811 1555 3889; x_wconf 87' lang='lat' dir='ltr'>ipsa</span> <span class='ocrx_word' id='word_1_371' title='bbox 1582 3825 1717 3889; x_wconf 90' lang='lat' dir='ltr'>quoque</span> 
     </span>
     <span class='ocr_line' id='line_1_34' title="bbox 171 3908 1721 4000; baseline 0 -24"><span class='ocrx_word' id='word_1_372' title='bbox 171 3908 332 3976; x_wconf 87' lang='grc' dir='ltr'>Ἰουδαίων</span> <span class='ocrx_word' id='word_1_373' title='bbox 353 3910 462 3994; x_wconf 87' lang='grc' dir='ltr'>κακία,</span> <span class='ocrx_word' id='word_1_374' title='bbox 485 3912 537 3977; x_wconf 81' lang='grc' dir='ltr'>διὰ</span> <span class='ocrx_word' id='word_1_375' title='bbox 559 3915 595 3976; x_wconf 88' lang='grc' dir='ltr'>τό</span> <span class='ocrx_word' id='word_1_376' title='bbox 618 3915 661 3999; x_wconf 77' lang='grc' dir='ltr'>μὴ</span> <span class='ocrx_word' id='word_1_377' title='bbox 686 3912 787 3980; x_wconf 88' lang='grc' dir='ltr'>θέλειν</span> <span class='ocrx_word' id='word_1_378' title='bbox 809 3914 921 4000; x_wconf 89' lang='grc' dir='ltr'>ύμολσ-</span> <span class='ocrx_word' id='word_1_379' title='bbox 971 3916 1169 3981; x_wconf 84' lang='lat' dir='ltr'>Judaeorum</span> <span class='ocrx_word' id='word_1_380' title='bbox 1205 3916 1347 3994; x_wconf 89' lang='lat' dir='ltr'>malitia,</span> <span class='ocrx_word' id='word_1_381' title='bbox 1385 3914 1460 3976; x_wconf 90' lang='lat' dir='ltr'>ideo</span> <span class='ocrx_word' id='word_1_382' title='bbox 1491 3914 1579 3994; x_wconf 89' lang='lat' dir='ltr'>quod</span> <span class='ocrx_word' id='word_1_383' title='bbox 1610 3915 1721 4000; x_wconf 88' lang='lat' dir='ltr'>noluit</span> 
     </span>
     <span class='ocr_line' id='line_1_35' title="bbox 172 4015 1720 4105; baseline 0 -26"><span class='ocrx_word' id='word_1_384' title='bbox 172 4024 240 4100; x_wconf 84' lang='grc' dir='ltr'>γεῖν</span> <span class='ocrx_word' id='word_1_385' title='bbox 255 4016 313 4100; x_wconf 79' lang='grc' dir='ltr'>την</span> <span class='ocrx_word' id='word_1_386' title='bbox 330 4015 422 4094; x_wconf 83' lang='grc' dir='ltr'>δόξαν</span> <span class='ocrx_word' id='word_1_387' title='bbox 438 4027 493 4081; x_wconf 85' lang='grc' dir='ltr'>τού</span> <span class='ocrx_word' id='word_1_388' title='bbox 508 4015 592 4082; x_wconf 90' lang='grc' dir='ltr'>θείου</span> <span class='ocrx_word' id='word_1_389' title='bbox 612 4017 824 4105; x_wconf 80' lang='grc' dir='ltr'>κηρύγματος,</span> <span class='ocrx_word' id='word_1_390' title='bbox 842 4020 923 4084; x_wconf 88' lang='grc' dir='ltr'>ἀπα-</span> <span class='ocrx_word' id='word_1_391' title='bbox 967 4018 1121 4082; x_wconf 85' lang='lat' dir='ltr'>confiteri</span> <span class='ocrx_word' id='word_1_392' title='bbox 1152 4019 1242 4096; x_wconf 79' lang='lat' dir='ltr'>glori</span> <span class='ocrx_word' id='word_1_393' title='bbox 1251 4035 1306 4080; x_wconf 86' lang='lat' dir='ltr'>aur</span> <span class='ocrx_word' id='word_1_394' title='bbox 1330 4018 1489 4098; x_wconf 69' lang='lat' dir='ltr'>praeconii</span> <span class='ocrx_word' id='word_1_395' title='bbox 1519 4018 1720 4097; x_wconf 81' lang='lat' dir='ltr'>evangelici,</span> 
     </span>
     <span class='ocr_line' id='line_1_36' title="bbox 173 4120 1720 4209; baseline -0.001 -25"><span class='ocrx_word' id='word_1_396' title='bbox 173 4120 326 4204; x_wconf 84' lang='grc' dir='ltr'>ρύδεκτον</span> <span class='ocrx_word' id='word_1_397' title='bbox 351 4129 436 4184; x_wconf 88' lang='grc' dir='ltr'>ποιεῖ</span> <span class='ocrx_word' id='word_1_398' title='bbox 459 4122 511 4186; x_wconf 82' lang='grc' dir='ltr'>διὰ</span> <span class='ocrx_word' id='word_1_399' title='bbox 532 4132 589 4208; x_wconf 83' lang='grc' dir='ltr'>της</span> <span class='ocrx_word' id='word_1_400' title='bbox 615 4132 735 4207; x_wconf 82' lang='grc' dir='ltr'>σιωπης</span> <span class='ocrx_word' id='word_1_401' title='bbox 758 4126 816 4209; x_wconf 81' lang='grc' dir='ltr'>την</span> <span class='ocrx_word' id='word_1_402' title='bbox 843 4123 922 4208; x_wconf 80' lang='grc' dir='ltr'>ἀλη-</span> <span class='ocrx_word' id='word_1_403' title='bbox 969 4123 1181 4204; x_wconf 87' lang='lat' dir='ltr'>repudiatam</span> <span class='ocrx_word' id='word_1_404' title='bbox 1195 4122 1245 4184; x_wconf 84' lang='lat' dir='ltr'>fec</span> <span class='ocrx_word' id='word_1_405' title='bbox 1254 4123 1282 4184; x_wconf 86' lang='lat' dir='ltr'>it</span> <span class='ocrx_word' id='word_1_406' title='bbox 1293 4123 1472 4184; x_wconf 87' lang='lat' dir='ltr'>veritatem</span> <span class='ocrx_word' id='word_1_407' title='bbox 1487 4121 1622 4184; x_wconf 87' lang='lat' dir='ltr'>silentio</span> <span class='ocrx_word' id='word_1_408' title='bbox 1637 4138 1720 4202; x_wconf 87' lang='lat' dir='ltr'>prae-</span> 
     </span>
     <span class='ocr_line' id='line_1_37' title="bbox 174 4223 1173 4292; baseline 0.003 -5"><span class='ocrx_word' id='word_1_409' title='bbox 174 4223 270 4288; x_wconf 91' lang='grc' dir='ltr'>θειαν.</span> <span class='ocrx_word' id='word_1_410' title='bbox 970 4230 1173 4292; x_wconf 85' lang='lat' dir='ltr'>termissam.</span> 
     </span>
    </p>

    <p class='ocr_par' dir='ltr' id='par_1_11' title="bbox 216 4328 1719 4419">
     <span class='ocr_line' id='line_1_38' title="bbox 216 4328 1719 4419; baseline 0.001 -27"><span class='ocrx_word' id='word_1_411' title='bbox 216 4328 362 4407; x_wconf 84' lang='grc' dir='ltr'>Ἔξεστιν</span> <span class='ocrx_word' id='word_1_412' title='bbox 377 4330 413 4394; x_wconf 81' lang='grc' dir='ltr'>δέ</span> <span class='ocrx_word' id='word_1_413' title='bbox 435 4332 489 4394; x_wconf 84' lang='grc' dir='ltr'>καί</span> <span class='ocrx_word' id='word_1_414' title='bbox 512 4331 563 4396; x_wconf 84' lang='grc' dir='ltr'>διὰ</span> <span class='ocrx_word' id='word_1_415' title='bbox 578 4341 636 4416; x_wconf 85' lang='grc' dir='ltr'>της</span> <span class='ocrx_word' id='word_1_416' title='bbox 659 4331 843 4419; x_wconf 85' lang='grc' dir='ltr'>ψαλμῳδίας</span> <span class='ocrx_word' id='word_1_417' title='bbox 858 4333 922 4399; x_wconf 84' lang='grc' dir='ltr'>έπι-</span> <span class='ocrx_word' id='word_1_418' title='bbox 1012 4334 1178 4395; x_wconf 87' lang='lat' dir='ltr'>Praeterea</span> <span class='ocrx_word' id='word_1_419' title='bbox 1198 4332 1234 4394; x_wconf 91' lang='lat' dir='ltr'>in</span> <span class='ocrx_word' id='word_1_420' title='bbox 1256 4335 1414 4412; x_wconf 89' lang='lat' dir='ltr'>promptu</span> <span class='ocrx_word' id='word_1_421' title='bbox 1430 4349 1564 4412; x_wconf 91' lang='lat' dir='ltr'>quoque</span> <span class='ocrx_word' id='word_1_422' title='bbox 1587 4335 1638 4394; x_wconf 90' lang='lat' dir='ltr'>est</span> <span class='ocrx_word' id='word_1_423' title='bbox 1659 4349 1719 4412; x_wconf 88' lang='lat' dir='ltr'>per</span> 
     </span>
    </p>
   </div>
   <div class='ocr_carea' id='block_1_7' title="bbox 64 4434 1717 4521">
    <p class='ocr_par' dir='ltr' id='par_1_12' title="bbox 64 4434 1717 4521">
     <span class='ocr_line' id='line_1_39' title="bbox 64 4434 1717 4521; baseline 0 -23"><span class='ocrx_word' id='word_1_424' title='bbox 64 4463 69 4474; x_wconf 95' lang='lat'><em>·</em></span> <span class='ocrx_word' id='word_1_425' title='bbox 172 4442 288 4519; x_wconf 82' lang='grc' dir='ltr'>γνῶναι</span> <span class='ocrx_word' id='word_1_426' title='bbox 303 4435 343 4498; x_wconf 91' lang='grc' dir='ltr'>τόι</span> <span class='ocrx_word' id='word_1_427' title='bbox 365 4443 423 4520; x_wconf 85' lang='grc' dir='ltr'>της</span> <span class='ocrx_word' id='word_1_428' title='bbox 445 4434 639 4520; x_wconf 87' lang='grc' dir='ltr'>προφητείας</span> <span class='ocrx_word' id='word_1_429' title='bbox 662 4435 849 4521; x_wconf 83' lang='grc' dir='ltr'>αἰνίγματα·</span> <span class='ocrx_word' id='word_1_430' title='bbox 872 4436 922 4502; x_wconf 86' lang='grc' dir='ltr'>λέ·</span> <span class='ocrx_word' id='word_1_431' title='bbox 968 4439 1055 4502; x_wconf 89' lang='lat' dir='ltr'>hanc</span> <span class='ocrx_word' id='word_1_432' title='bbox 1079 4435 1304 4518; x_wconf 88' lang='lat' dir='ltr'>psalmodiam</span> <span class='ocrx_word' id='word_1_433' title='bbox 1327 4452 1511 4513; x_wconf 82' lang='lat' dir='ltr'>agnoscere</span> <span class='ocrx_word' id='word_1_434' title='bbox 1534 4435 1717 4516; x_wconf 68' lang='lat' dir='ltr'>prophetiae</span> 
     </span>
    </p>
   </div>
   <div class='ocr_carea' id='block_1_8' title="bbox 172 4538 1720 5252">
    <p class='ocr_par' dir='ltr' id='par_1_13' title="bbox 172 4538 1720 5252">
     <span class='ocr_line' id='line_1_40' title="bbox 172 4538 1719 4625; baseline -0.001 -22"><span class='ocrx_word' id='word_1_435' title='bbox 172 4557 222 4622; x_wconf 86' lang='grc' dir='ltr'>γει</span> <span class='ocrx_word' id='word_1_436' title='bbox 244 4538 305 4622; x_wconf 81' lang='grc' dir='ltr'>γὰρ</span> <span class='ocrx_word' id='word_1_437' title='bbox 328 4539 399 4621; x_wconf 87' lang='grc' dir='ltr'>περί</span> <span class='ocrx_word' id='word_1_438' title='bbox 420 4547 482 4602; x_wconf 84' lang='grc' dir='ltr'>τῶν</span> <span class='ocrx_word' id='word_1_439' title='bbox 504 4538 635 4623; x_wconf 85' lang='grc' dir='ltr'>πρύτων</span> <span class='ocrx_word' id='word_1_440' title='bbox 658 4539 923 4625; x_wconf 84' lang='grc' dir='ltr'>αἰχμαλωτισθέν·</span> <span class='ocrx_word' id='word_1_441' title='bbox 968 4544 1161 4620; x_wconf 75' lang='lat' dir='ltr'>aenigmata.</span> <span class='ocrx_word' id='word_1_442' title='bbox 1181 4542 1237 4603; x_wconf 82' lang='lat' dir='ltr'>Ait</span> <span class='ocrx_word' id='word_1_443' title='bbox 1257 4542 1347 4603; x_wconf 88' lang='lat' dir='ltr'>enim</span> <span class='ocrx_word' id='word_1_444' title='bbox 1366 4542 1456 4603; x_wconf 87' lang='lat' dir='ltr'>circa</span> <span class='ocrx_word' id='word_1_445' title='bbox 1470 4541 1599 4621; x_wconf 87' lang='lat' dir='ltr'>priores</span> <span class='ocrx_word' id='word_1_446' title='bbox 1615 4542 1719 4621; x_wconf 87' lang='lat' dir='ltr'>capti·</span> 
     </span>
     <span class='ocr_line' id='line_1_41' title="bbox 173 4640 1718 4727; baseline 0 -21"><span class='ocrx_word' id='word_1_447' title='bbox 173 4663 244 4723; x_wconf 94' lang='grc' dir='ltr'>των,</span> <span class='ocrx_word' id='word_1_448' title='bbox 269 4640 314 4720; x_wconf 86' lang='grc' dir='ltr'>ύς</span> <span class='ocrx_word' id='word_1_449' title='bbox 341 4642 380 4706; x_wconf 83' lang='grc' dir='ltr'>ἐκ</span> <span class='ocrx_word' id='word_1_450' title='bbox 405 4641 577 4725; x_wconf 83' lang='grc' dir='ltr'>προσώπου</span> <span class='ocrx_word' id='word_1_451' title='bbox 598 4653 654 4707; x_wconf 86' lang='grc' dir='ltr'>τοῦ</span> <span class='ocrx_word' id='word_1_452' title='bbox 678 4643 851 4727; x_wconf 88' lang='grc' dir='ltr'>ἀνθρύπου,</span> <span class='ocrx_word' id='word_1_453' title='bbox 876 4645 923 4708; x_wconf 91' lang='grc' dir='ltr'>ότι</span> <span class='ocrx_word' id='word_1_454' title='bbox 967 4643 1597 4725; x_wconf 80' lang='lat' dir='ltr'>v0s‚·tanquamexhominispersona:</span> <span class='ocrx_word' id='word_1_455' title='bbox 1614 4645 1718 4720; x_wconf 66' lang='grc' dir='ltr'>ριαιιο</span> 
     </span>
     <span class='ocr_line' id='line_1_42' title="bbox 173 4744 1718 4832; baseline 0.001 -24"><span class='ocrx_word' id='word_1_456' title='bbox 173 4747 250 4822; x_wconf 83' lang='grc' dir='ltr'>ὅσας</span> <span class='ocrx_word' id='word_1_457' title='bbox 267 4744 384 4824; x_wconf 80' lang='grc' dir='ltr'>ἔδειξας</span> <span class='ocrx_word' id='word_1_458' title='bbox 401 4767 452 4830; x_wconf 89' lang='grc' dir='ltr'>μοι</span> <span class='ocrx_word' id='word_1_459' title='bbox 467 4744 593 4832; x_wconf 81' lang='grc' dir='ltr'>θλίψεις</span> <span class='ocrx_word' id='word_1_460' title='bbox 604 4749 658 4813; x_wconf 87' lang='grc' dir='ltr'>καί</span> <span class='ocrx_word' id='word_1_461' title='bbox 670 4748 710 4812; x_wconf 83' lang='grc' dir='ltr'>τὰ</span> <span class='ocrx_word' id='word_1_462' title='bbox 726 4747 807 4830; x_wconf 74' lang='grc' dir='ltr'>ἑξης.</span> <span class='ocrx_word' id='word_1_463' title='bbox 821 4748 923 4813; x_wconf 81' lang='grc' dir='ltr'>Τοῦτο</span> <span class='ocrx_word' id='word_1_464' title='bbox 968 4754 1019 4814; x_wconf 79' lang='lat' dir='ltr'>tor</span> <span class='ocrx_word' id='word_1_465' title='bbox 1033 4747 1201 4813; x_wconf 77' lang='grc' dir='ltr'>οοίοιιιίίυίι·</span> <span class='ocrx_word' id='word_1_466' title='bbox 1211 4746 1537 4824; x_wconf 78' lang='grc' dir='ltr'>ιαίίιίίτίύαίαίίοκοε,</span> <span class='ocrx_word' id='word_1_467' title='bbox 1551 4750 1585 4810; x_wconf 90' lang='lat' dir='ltr'>et</span> <span class='ocrx_word' id='word_1_468' title='bbox 1596 4751 1718 4810; x_wconf 84' lang='lat' dir='ltr'>caetera</span> 
     </span>
     <span class='ocr_line' id='line_1_43' title="bbox 175 4851 1719 4946; baseline -0.002 -30"><span class='ocrx_word' id='word_1_469' title='bbox 175 4851 211 4916; x_wconf 78' lang='grc' dir='ltr'>δε</span> <span class='ocrx_word' id='word_1_470' title='bbox 234 4851 426 4936; x_wconf 87' lang='grc' dir='ltr'>σαφέστερον</span> <span class='ocrx_word' id='word_1_471' title='bbox 449 4851 488 4916; x_wconf 81' lang='grc' dir='ltr'>ἐκ</span> <span class='ocrx_word' id='word_1_472' title='bbox 514 4863 569 4917; x_wconf 83' lang='grc' dir='ltr'>τοῦ</span> <span class='ocrx_word' id='word_1_473' title='bbox 592 4852 721 4918; x_wconf 90' lang='grc' dir='ltr'>Παύλου</span> <span class='ocrx_word' id='word_1_474' title='bbox 748 4852 922 4938; x_wconf 78' lang='grc' dir='ltr'>νοήσωμεν,</span> <span class='ocrx_word' id='word_1_475' title='bbox 969 4854 1010 4937; x_wconf 83' lang='grc' dir='ltr'>(ν.</span> <span class='ocrx_word' id='word_1_476' title='bbox 1028 4851 1092 4934; x_wconf 83' lang='grc'>20);</span> <span class='ocrx_word' id='word_1_477' title='bbox 1110 4851 1143 4915; x_wconf 90' lang='lat' dir='ltr'>id</span> <span class='ocrx_word' id='word_1_478' title='bbox 1166 4868 1246 4913; x_wconf 87' lang='lat' dir='ltr'>vero</span> <span class='ocrx_word' id='word_1_479' title='bbox 1267 4851 1397 4914; x_wconf 88' lang='lat' dir='ltr'>clarius</span> <span class='ocrx_word' id='word_1_480' title='bbox 1421 4851 1654 4946; x_wconf 77' lang='lat' dir='ltr'>intelligemus</span> <span class='ocrx_word' id='word_1_481' title='bbox 1678 4869 1719 4914; x_wconf 84' lang='lat' dir='ltr'>ex</span> 
     </span>
     <span class='ocr_line' id='line_1_44' title="bbox 173 4954 1720 5044; baseline -0.002 -23"><span class='ocrx_word' id='word_1_482' title='bbox 173 4966 240 5035; x_wconf 86' lang='grc' dir='ltr'>πιῖις</span> <span class='ocrx_word' id='word_1_483' title='bbox 256 4959 293 5022; x_wconf 85' lang='grc' dir='ltr'>ἐκ</span> <span class='ocrx_word' id='word_1_484' title='bbox 307 4966 369 5022; x_wconf 83' lang='grc' dir='ltr'>τῶν</span> <span class='ocrx_word' id='word_1_485' title='bbox 392 4954 537 5022; x_wconf 85' lang='grc' dir='ltr'>ἀύύσσων</span> <span class='ocrx_word' id='word_1_486' title='bbox 561 4957 745 5042; x_wconf 81' lang='grc' dir='ltr'>ἀνάγεταιύ</span> <span class='ocrx_word' id='word_1_487' title='bbox 768 4967 812 5043; x_wconf 85' lang='grc' dir='ltr'>τῷ</span> <span class='ocrx_word' id='word_1_488' title='bbox 835 4957 923 5044; x_wconf 77' lang='grc' dir='ltr'>βάθει</span> <span class='ocrx_word' id='word_1_489' title='bbox 967 4958 1117 5039; x_wconf 87' lang='lat' dir='ltr'>apostolo</span> <span class='ocrx_word' id='word_1_490' title='bbox 1133 4957 1249 5034; x_wconf 88' lang='lat' dir='ltr'>Paule,</span> <span class='ocrx_word' id='word_1_491' title='bbox 1272 4955 1438 5035; x_wconf 91' lang='lat' dir='ltr'>quomodo</span> <span class='ocrx_word' id='word_1_492' title='bbox 1455 4973 1496 5018; x_wconf 86' lang='lat' dir='ltr'>ex</span> <span class='ocrx_word' id='word_1_493' title='bbox 1519 4955 1640 5038; x_wconf 86' lang='lat' dir='ltr'>abysso</span> <span class='ocrx_word' id='word_1_494' title='bbox 1657 4957 1720 5018; x_wconf 90' lang='lat' dir='ltr'>eri-</span> 
     </span>
     <span class='ocr_line' id='line_1_45' title="bbox 174 5057 1719 5147; baseline -0.001 -22"><span class='ocrx_word' id='word_1_495' title='bbox 174 5071 232 5146; x_wconf 86' lang='grc' dir='ltr'>της</span> <span class='ocrx_word' id='word_1_496' title='bbox 259 5059 414 5147; x_wconf 79' lang='grc' dir='ltr'>ἁμαρτίας</span> <span class='ocrx_word' id='word_1_497' title='bbox 435 5057 654 5143; x_wconf 88' lang='grc' dir='ltr'>καθελκυθείς,</span> <span class='ocrx_word' id='word_1_498' title='bbox 673 5064 743 5146; x_wconf 91' lang='grc' dir='ltr'>περί</span> <span class='ocrx_word' id='word_1_499' title='bbox 766 5064 803 5127; x_wconf 89' lang='grc' dir='ltr'>ού</span> <span class='ocrx_word' id='word_1_500' title='bbox 825 5082 939 5146; x_wconf 87' lang='grc' dir='ltr'>φησι·1</span> <span class='ocrx_word' id='word_1_501' title='bbox 968 5063 1082 5144; x_wconf 88' lang='lat' dir='ltr'>piatur</span> <span class='ocrx_word' id='word_1_502' title='bbox 1098 5060 1158 5122; x_wconf 91' lang='lat' dir='ltr'>ille</span> <span class='ocrx_word' id='word_1_503' title='bbox 1176 5060 1235 5138; x_wconf 90' lang='lat' dir='ltr'>qui</span> <span class='ocrx_word' id='word_1_504' title='bbox 1252 5061 1287 5122; x_wconf 92' lang='lat' dir='ltr'>in</span> <span class='ocrx_word' id='word_1_505' title='bbox 1303 5057 1507 5139; x_wconf 86' lang='lat' dir='ltr'>profundum</span> <span class='ocrx_word' id='word_1_506' title='bbox 1523 5062 1652 5140; x_wconf 89' lang='lat' dir='ltr'>peccati</span> <span class='ocrx_word' id='word_1_507' title='bbox 1668 5079 1719 5124; x_wconf 90' lang='lat' dir='ltr'>ra-</span> 
     </span>
     <span class='ocr_line' id='line_1_46' title="bbox 175 5162 1719 5252; baseline -0.001 -22"><span class='ocrx_word' id='word_1_508' title='bbox 175 5164 228 5251; x_wconf 80' lang='grc' dir='ltr'>Μη</span> <span class='ocrx_word' id='word_1_509' title='bbox 246 5166 335 5250; x_wconf 84' lang='grc' dir='ltr'>είπης</span> <span class='ocrx_word' id='word_1_510' title='bbox 351 5165 385 5230; x_wconf 82' lang='grc' dir='ltr'>ἐν</span> <span class='ocrx_word' id='word_1_511' title='bbox 398 5175 438 5252; x_wconf 80' lang='grc' dir='ltr'>τῇ</span> <span class='ocrx_word' id='word_1_512' title='bbox 451 5163 567 5252; x_wconf 82' lang='grc' dir='ltr'>καρδίᾳ</span> <span class='ocrx_word' id='word_1_513' title='bbox 581 5187 653 5231; x_wconf 91' lang='grc' dir='ltr'>σου·</span> <span class='ocrx_word' id='word_1_514' title='bbox 668 5164 715 5243; x_wconf 90' lang='grc' dir='ltr'>τίς</span> <span class='ocrx_word' id='word_1_515' title='bbox 729 5164 924 5251; x_wconf 71' lang='grc' dir='ltr'>ἀναδύσεται</span> <span class='ocrx_word' id='word_1_516' title='bbox 968 5171 1047 5248; x_wconf 88' lang='lat' dir='ltr'>ptus</span> <span class='ocrx_word' id='word_1_517' title='bbox 1063 5167 1124 5244; x_wconf 88' lang='lat' dir='ltr'>est,</span> <span class='ocrx_word' id='word_1_518' title='bbox 1136 5162 1177 5226; x_wconf 90' lang='lat' dir='ltr'>de</span> <span class='ocrx_word' id='word_1_519' title='bbox 1191 5179 1258 5242; x_wconf 93' lang='lat' dir='ltr'>quo</span> <span class='ocrx_word' id='word_1_520' title='bbox 1270 5164 1334 5226; x_wconf 85' lang='lat' dir='ltr'>ait:</span> <span class='ocrx_word' id='word_1_521' title='bbox 1354 5183 1371 5223; x_wconf 91' lang='lat'>&lt;‹</span> <span class='ocrx_word' id='word_1_522' title='bbox 1384 5165 1452 5228; x_wconf 89' lang='lat' dir='ltr'>Nec</span> <span class='ocrx_word' id='word_1_523' title='bbox 1463 5164 1555 5229; x_wconf 88' lang='lat' dir='ltr'>dieas</span> <span class='ocrx_word' id='word_1_524' title='bbox 1568 5165 1604 5228; x_wconf 93' lang='lat' dir='ltr'>in</span> <span class='ocrx_word' id='word_1_525' title='bbox 1620 5165 1719 5229; x_wconf 89' lang='lat' dir='ltr'>corde</span> 
     </span>
    </p>
   </div>
   <div class='ocr_carea' id='block_1_9' title="bbox 0 0 2022 6084">
    <p class='ocr_par' dir='ltr' id='par_1_14' title="bbox 0 0 2022 6084">
     <span class='ocr_line' id='line_1_47' title="bbox 0 0 2022 6084; baseline 0 0"><span class='ocrx_word' id='word_1_526' title='bbox 0 0 2022 6084; x_wconf 95' lang='lat' dir='ltr'> </span> 
     </span>
    </p>
   </div>
  </div>
 </body>
</html>
