3966 6108
263 451 327 514 510
412 487 414 493 ι
932 451 1145 517 ORIGENES

262 592 323 673 θαι,
336 589 481 676 καθάπερ
495 590 621 674 οἴονται,
631 595 687 658 καὶ
699 590 784 678 ἔχειν
796 594 820 679 ῷ
832 590 1016 679 θαυμάζου-
1056 591 1167 673 potius
1183 589 1222 654 id¹
1241 591 1373 672 mereri,
1391 595 1431 654 ut
1445 589 1493 656 dii
1515 590 1609 673 fiunt,
1632 595 1723 658 sient
1745 599 1819 678 opi·

262 717 320 762 σιν.
1055 699 1191 774 nentur,
1214 711 1254 758 so
1276 710 1344 758 non
1368 695 1456 760 nihil
1472 695 1624 760 habeant
1646 699 1819 764 admirun-

307 924 339 970 ν.
359 905 467 968 17-21.
483 903 580 982 Οἶκος
595 904 728 992 Ἰσραὴλ
737 904 872 993 ῆλπιοεν
886 906 939 970 ἐπὶ
951 904 1015 971 Κύ-
1055 801 1136 968 (1υὲ
1140 849 1257 968 'lt-21.
1273 905 1398 968 Domus
1416 903 1526 970 Ieeet
1543 909 1688 987 εροναπθθ
1700 910 1735 974 io
1751 912 1818 974 Do-

262 1027 345 1095 ριον·
369 1007 483 1094 βοῆθδς
505 1012 560 1075 καὶ
582 1010 819 1096 ὑπερασπιστὴς
844 1010 948 1076 αὐτῶν
963 1011 1015 1076 ἐσ-
1055 1009 1152 1088 mitto,
1182 1006 1314 1087 ametor
1340 1007 1686 1088 commoreremur
1706 1029 1821 1077 ουνκιαπ

263 1135 344 1182 τιν...
360 1113 529 1202 Εὐλδγῆοε
550 1118 625 1194 τοὺς
647 1115 860 1204 φοδουμίνους
874 1119 928 1183 τὸν
949 1116 1015 1183 Κύ-
1055 1118 1145 1179 est...
1161 1113 1335 1178 Benedioit
1355 1112 1401 1177 iis
1414 1112 1474 1195 ραι·
1491 1113 1610 1179 timet
1628 1117 1816 1181 Dominum

265 1240 364 1390 ριο’νθλν
376 1326 434 1411 μὲν
448 1320 488 1409 τῆ
500 1327 577 1410 πρὸς
590 1327 663 1403 τούς
678 1326 846 1412 πολεμίους
862 1323 951 1413 μάχῃ
962 1327 1016 1392 τὸν
1100 1323 1139 1384 In
1154 1337 1274 1402 pugno
1285 1319 1447 1386 adversus
1462 1322 1586 1402 hostes,
1599 1337 1661 1386 nos
1673 1325 1734 1404 qui
1746 1325 1816 1388 Do-

266 1427 384 1513 Κθριον
399 1431 515 1515 ἔχομεν
529 1429 675 1528 ἡμεῖςόθ
687 1429 875 1517 φοθοθμενοι
886 1431 941 1496 τὸν
950 1428 1015 1494 Κύ
1055 1425 1189 1488 minum
1204 1425 1374 1504 timemus,
1390 1426 1574 1489 Dominum
1593 1425 1759 1492 habemus
1775 1429 1817 1492 in

163 1563 165 1567 Α
266 1551 333 1615 ριον
355 1531 592 1618 ὐπεραοπιατῆν
614 1535 670 1598 καὶ
685 1531 821 1620 βοηθόν·
843 1533 877 1599 ἐν
892 1533 927 1598 δὲ
949 1541 1015 1609 τοῖς
1056 1527 1265 1592 defensorem
1282 1531 1560 1610 etproteetorem,
1572 1531 1654 1594 etin
1666 1532 1816 1612 privatis

268 1632 395 1712 οἰκείοις
410 1636 601 1722 πράγμασιν,
617 1645 682 1714 τοῖς
692 1659 728 1702 τε
742 1639 828 1702 κατὰ
839 1637 946 1723 ψυχὴν
960 1637 1016 1700 καὶ
1055 1632 1204 1711 negotiis
1219 1632 1263 1696 ud
1278 1634 1427 1696 animum
1444 1637 1478 1696 et
1493 1648 1615 1715 eorpus
1630 1637 1817 1715 spectanti-

265 1741 352 1804 κατὰ
362 1749 467 1826 σῶμα,
479 1739 575 1806 πάλιν
586 1741 680 1807 αὐτὸν
693 1743 809 1828 ἔχομεν
818 1741 1016 1828 εὐεργετοῦν
1055 1736 1130 1816 bns,
1154 1752 1273 1802 rursus
1289 1737 1445 1802 eumdem
1468 1737 1633 1804 hebemus
1649 1740 1685 1802 in
1708 1741 1816 1805 bene-

263 1864 305 1908 τα
319 1844 415 1931 ἡμᾶς,
428 1845 470 1922 ὡς
483 1845 638 1930 ἀπαρκεῖν
649 1842 734 1932 ἡμῖν,
748 1846 816 1912 ἀντὶ
826 1855 883 1910 τοῦ
897 1848 1016 1922 παντὸς
1057 1840 1229 1921 faetorem,
1245 1845 1285 1906 ut
1298 1844 1382 1907 sutis
1393 1843 1491 1908 nobis
1506 1845 1561 1924 sit,
1572 1861 1633 1926 pro
1649 1861 1814 1926 quocum-

264 1949 367 2013 καλοῦ
382 1952 439 2015 καὶ
454 1949 586 2035 ἀγαθοῦ,
601 1951 656 2014 καὶ
679 1949 748 2015 ἀντὶ
762 1951 879 2027 παντὸς
891 1949 1017 2034 θῆοαυ·
1058 1961 1125 2025 que
1132 1943 1221 2008 bono
1230 1949 1263 2009 et
1271 1945 1424 2027 pulchro,
1433 1951 1467 2010 et
1473 1963 1534 2028 pro
1547 1949 1640 2012 omni
1651 1948 1818 2015 thesauro

265 2063 321 2138 pou
336 2055 391 2118 καὶ
408 2052 548 2139 μεγάλου
559 2051 731 2139 κτήματος,
745 2052 839 2138 μόνον
855 2055 951 2119 αὐτὸν
962 2055 1017 2118 τὸν
1059 2052 1093 2112 et
1115 2063 1243 2126 magns
1258 2050 1479 2130 possessione,
1502 2051 1613 2114 solum
1629 2052 1728 2116 iilum
1750 2052 1818 2116 hs-

264 2157 393 2243 Κθριον,
405 2161 461 2222 καὶ
475 2159 554 2242 πρὸς
568 2160 642 2236 τοὺς
657 2159 748 2235 ἐκτὸς
759 2160 815 2223 καὶ
825 2159 903 2243 πρὸς
913 2159 954 2224 τὰ
969 2160 1017 2224 ἐν·
1057 2153 1137 2216 bere
1149 2153 1343 2234 Dominum,
1352 2153 1559 2237 respectued
1571 2155 1647 2219 illos
1659 2157 1719 2236 qui
1731 2155 1816 2221 ioris
1838 2179 1847 2194 ¹

264 2263 336 2327 δον·
356 2265 437 2328 οὕτω
452 2262 491 2348 δὴ
508 2259 594 2348 ἡμᾶς
609 2262 767 2349 εὐεργετεῖ
778 2270 844 2344 νῦν,
860 2261 902 2340 ὡς
917 2262 1018 2328 πάλαι
1058 2259 1200 2320 suntvel
1210 2273 1249 2320 es
1261 2273 1339 2337 quse
1351 2259 1454 2322 intus.
1466 2257 1520 2322 Sic
1532 2258 1628 2322 nobis
1640 2275 1818 2322 nunomu-

240 2389 245 2394 ·
263 2367 426 2452 πρθπρον,
438 2367 476 2430 μῆ
490 2364 578 2452 λέγει
589 2368 643 2432 τὸν
655 2367 807 2452 oodrspov
822 2365 911 2433 λαόν·
923 2387 1017 2454 μετα.
1059 2361 1181 2425 nifious
1189 2364 1249 2442 est,
1258 2366 1298 2424 nt
1305 2361 1623 2444 priusfuitolim3de
1631 2365 1743 2444 priore
1754 2380 1815 2444 ρο-

269 2467 387 2553 6ἑθῆκε
410 2471 472 2556 γὰρ
495 2467 528 2550 ἐξ
550 2468 679 2536 ἐκείνων
701 2473 745 2549 εἰς
765 2469 886 2558 ῆμᾶςῆ
909 2471 1017 2558 χάρις·
1057 2465 1138 2546 pulo
1152 2481 1264 2528 sermo
1278 2481 1346 2528 non
1362 2470 1422 2547 est,
1439 2466 1482 2530 eb
1498 2467 1573 2530 istis
1585 2468 1677 2530 enim
1692 2467 1734 2530 sd
1750 2485 1815 2532 nos

265 2574 310 2653 εἰς
326 2575 388 2661 γὰρ
404 2573 448 2639 ὢν
462 2576 518 2640 καὶ
533 2575 550 2640 δ
566 2577 661 2653 αὐτὸς
676 2575 792 2660 Κύριος
812 2578 867 2641 καὶ
881 2584 943 2641 τῷν
956 2595 1017 2643 πα·
1059 2569 1172 2648 gretie
1187 2571 1392 2650 pertransiit.
1409 2572 1505 2634 Unus
1524 2573 1651 2653 quippe
1666 2576 1701 2636 0ss
1723 2571 1816 2636 idem

265 2679 386 2762 λαιων,
410 2677 525 2766 ὁμοίως
554 2677 727 2765 προίατατο
752 2680 859 2763 ὥσπερ
884 2681 939 2745 οὐν
964 2682 1019 2745 καὶ
1060 2691 1167 2756 quum
1181 2675 1227 2737 sit
1240 2673 1416 2754 Dominus,
1432 2679 1563 2738 veteres
1575 2691 1709 2756 quoque
1724 2676 1816 2756 puri·

262 2792 329 2849 τῷν
345 2782 435 2850 νέων·
449 2786 506 2849 καὶ
521 2783 617 2850 πάλιν
626 2787 700 2862 τοὺς
711 2782 801 2861 νέους
811 2785 865 2848 καὶ
876 2785 950 2861 τοὺς
960 2805 1020 2849 πα
1061 2777 1295 2857 irridebatur,
1308 2778 1445 2841 sicutet
1457 2779 1625 2860 novellos3
1638 2783 1671 2842 et
1683 2795 1816 2859 rursus,

262 2885 383 2969 λαιοὺς,
400 2888 481 2952 ὥστε
497 2888 577 2952 εἶναι
590 2886 662 2974 μίαν
672 2887 797 2973 κλῆσιν,
809 2888 865 2951 καὶ
877 2886 949 2972 μίαν
960 2887 1019 2973 χά-
1060 2883 1221 2962 novellos,
1238 2883 1327 2946 siout
1343 2887 1377 2946 et
1398 2887 1546 2946 veteres:
1571 2883 1661 2946 unde
1677 2900 1747 2945 unu
1769 2884 1818 2948 sit

268 3011 327 3075 ριν,
350 2993 405 3056 καὶ
429 2991 486 3056 ἕνα
507 2991 595 3074 inde,
619 2993 673 3056 τὸν
695 2990 729 3070 ἐξ
750 2988 937 3078 ἀμφοτέρων
958 3001 1020 3057 τῶν
1061 2986 1203 3064 venetie,
1220 2989 1254 3048 et
1269 3002 1339 3047 une
1361 2986 1484 3066 grstia,
1501 2989 1535 3049 et
1552 3003 1643 3050 unus
1658 2987 1818 3068 populus,

268 3094 439 3182 ταγμάτων
452 3104 496 3181 τῷ
512 3092 583 3181 Θεῷ
598 3093 832 3180 συνιστάμενον.
1062 3107 1103 3154 ex
1119 3089 1283 3153 ambobus
1298 3089 1473 3153 ordinibus
1488 3091 1525 3154 in
1541 3091 1610 3153 Deo
1636 3088 1815 3154 conflatus.

312 3218 345 3264 v.
362 3200 415 3265 22.
432 3196 591 3282 Προαθείῆ
614 3197 731 3283 Κύριος
754 3197 803 3283 ἐφ’
814 3198 905 3284 ὑμᾶς,
928 3197 1021 3285 ἐρ’ὐ-
1104 3191 1525 3274 reintroductores
1535 3210 1633 3276 super
1642 3211 1820 3276 oeusoper

240 3329 242 3335 ·
267 3310 328 3387 μᾶς
342 3303 397 3366 καὶ
412 3301 465 3366 ἐπὶ
480 3303 552 3378 τοὺς
567 3301 652 3378 υῐούς
667 3301 762 3388 ὑμῶν.
1060 3316 1116 3363 eos
1131 3303 1163 3363 et
1175 3297 1375 3380 superstites
1389 3303 1521 3362 oestrus.

310 3405 354 3472 Ar
368 3405 558 3490 προσθῆκαι,
574 3407 611 3470 οὐ
627 3407 711 3471 κατδι
733 3407 865 3491 αὔξησιν
879 3404 1019 3491 πλήθους
1105 3403 1267 3466 Auctoris
1295 3417 1365 3465 non
1391 3406 1473 3465 sunt
1500 3403 1536 3466 in
1566 3403 1817 3466 incrementum

270 3507 420 3598 γίνονται,
437 3508 522 3574 ἀλλὰ
536 3510 591 3574 καὶ
602 3507 771 3595 μεγέθους·
786 3508 894 3596 ἀμέλει
905 3507 1019 3595 προοέ·
1061 3505 1303 3585 multitudinis
1318 3505 1378 3570 sed
1401 3505 1668 3584 magnitudinis:
1692 3505 1819 3584 adjecit

268 3615 367 3700 θῆκεν
381 3621 426 3700 τῷ
443 3613 499 3699 μὲν
522 3613 560 3678 ἐκ
574 3622 745 3700 περιτομῆς
763 3611 958 3699 λαῷσιάντα
979 3614 1019 3678 τὰ
1061 3611 1209 3694 proferto
1224 3611 1349 3692 populo
1372 3611 1572 3674 circumciso
1593 3628 1708 3674 omnes
1732 3627 1819 3689 gen·

266 3718 352 3802 ἔθνη,
369 3725 438 3794 ταῖς
453 3716 488 3782 δὲ
504 3727 671 3802 ααρκικαῖς
687 3720 741 3784 καὶ
755 3717 921 3804 αἰσθηταῖς
931 3718 1020 3782 εὐλο-
1062 3723 1123 3797 tes3
1136 3721 1171 3779 et
1184 3716 1316 3782 eerneis
1326 3732 1366 3778 oe
1381 3714 1599 3779 terrestribus
1610 3714 1817 3779 benedictio-

265 3820 358 3912 γίαις,
383 3823 433 3899 αῐς
456 3821 624 3909 ηὐλογεῖτο
647 3822 664 3886 ὁ
690 3821 824 3899 παλαιὸς
847 3820 935 3905 λαὸς,
961 3824 1018 3901 τὰς
1061 3823 1173 3902 nibus,
1186 3821 1310 3902 quibus
1322 3820 1585 3884 benedicebatur
1598 3826 1698 3884 vetus
1709 3837 1817 3902 popu·
1855 3864 1860 3874 ·

265 3924 491 4012 πνευματικὰς.
629 3963 632 3973 ‹
1060 3927 1127 4007 lus,
1143 3925 1272 3990 eddidit
1286 3925 1416 4003 gratias
1432 3925 1637 4005 spirituales.

311 4050 344 4095 v.
357 4032 410 4112 23.
422 4027 641 4116 Εὐλογημένοι
654 4025 749 4114 ἡμεῖς
757 4027 820 4092 ἀπὸ
836 4036 892 4093 τοῦ
905 4039 960 4096 νῦν
974 4039 1018 4117 τῷ
1105 4049 1136 4095 v.
1153 4032 1206 4094 23.
1219 4028 1386 4095 Benedicti
1399 4029 1648 4108 nosoDomino,
1662 4029 1721 4111 ραι·
1726 4027 1819 4110 feeit

266 4131 376 4218 Κυρίῳ
392 4130 559 4218 ποιήσαντι
573 4134 627 4199 τδν
639 4133 771 4217 οὐρανὸν
785 4135 841 4198 καὶ
852 4135 911 4220 τὴν
924 4144 995 4221 γῆν.
1061 4134 1174 4201 cotem
1188 4134 1219 4196 ei
1233 4137 1367 4197 terrum.
1496 4135 1499 4140 ’

311 4237 398 4322 Ἤδη
413 4239 469 4324 μὲν
481 4238 499 4303 ὁ
510 4237 591 4316 Θεὸς
606 4239 639 4303 ἐν
651 4246 695 4324 τῷ
709 4238 832 4324 οὐρανῷ
842 4238 946 4304 πάντα
957 4240 1019 4304 δοα
1105 4241 1182 4302 Jem
1199 4238 1235 4300 in
1248 4237 1330 4299 oerlo
1342 4237 1433 4299 Deus
1449 4234 1529 4298 feeit
1540 4236 1655 4299 omnis
1670 4253 1747 4316 quae
1758 4254 1819 4300 vo·

267 4341 410 4428 ἠθέλησε
432 4339 591 4427 ἐποίησεν,
606 4341 729 4407 οὐδέπω
751 4341 787 4406 δὲ
802 4343 853 4407 ἐπὶ
874 4352 932 4428 τῆς
946 4352 1017 4428 γῆς,
1060 4345 1136 4423 luit,
1154 4341 1305 4405 nondum
1327 4357 1408 4404 vero
1424 4341 1460 4404 in
1476 4343 1567 4405 terre
1590 4357 1817 4423 qnaeeumque

265 4449 370 4515 πάντα
386 4448 447 4512 ὅσα
457 4447 606 4533 ἠθέλησε,
620 4445 780 4532 ἐποίησεν·
792 4449 839 4512 διὸ
850 4446 1018 4534 ἐδιδάχθη·
1059 4449 1170 4511 voluit
1180 4445 1277 4526 feeit3
1290 4445 1380 4510 unde
1395 4446 1505 4510 edocti
1516 4443 1764 4512 fuimusdieere
1777 4449 1815 4512 in

265 4574 322 4640 μεν
337 4553 371 4618 ἐν
386 4553 454 4630 ταῖς
469 4553 580 4638 εὐχαῖς
595 4551 718 4640 λέγειν·
733 4551 903 4638 Γενῆθῆτω
914 4556 951 4619 τὸ
961 4551 1017 4617 θὲ-
1059 4551 1232 4634 preoibus:
1261 4550 1371 4612 «Fiet
1391 4549 1550 4612 voluntas
1573 4553 1643 4630 tuo,
1669 4549 1760 4614 sieut
1779 4552 1818 4614 in

265 4654 355 4741 λῆμά
370 4675 427 4721 σου
444 4654 485 4732 ὡς
501 4655 535 4720 ἐν
552 4657 674 4742 οὐρανῷ
689 4657 743 4721 καὶ
759 4656 810 4721 ἐπὶ
824 4665 881 4743 τῆς
896 4664 966 4742 γῆς.
1060 4656 1142 4720 eaelo
1162 4655 1248 4718 etin
1266 4658 1399 4716 terro.»

306 4781 338 4828 v.
355 4763 408 4826 26.
424 4758 653 4848 Εὐλογῆοομεν
667 4765 721 4828 τὸν
745 4759 863 4846 Κύριον
879 4761 1014 4828 ἀπὸτοῦ
1102 4762 1197 4824 eiii.
1207 4757 1818 4826 Bmoemesoominemeeiocnone

263 4877 316 4935 νῦν
332 4867 391 4945 ἕως
406 4877 462 4933 τοῦ
478 4868 600 4945 αἰῶνος.
1059 4871 1090 4932 et
1103 4881 1205 4948 osque
1219 4865 1257 4928 in
1270 4861 1431 4928 secutus.

296 5120 324 5159 v.
338 5102 538 5160 reduvistis.
553 5105 594 5159 ll.
683 5147 687 5156 ,
1095 5118 1124 5158 ν.
1137 5099 1180 5155 23.
1193 5097 1289 5156 Vstio
1302 5098 1328 5154 5.

203 5265 207 5278 ι
296 5187 468 5246 eduliis
1095 5203 1123 5242 v.
1134 5185 1179 5241 26.
1191 5181 1266 5240 Ibid.
