4006 6090
255 347 270 384 λ

274 441 338 508 356
948 443 1160 509 ORIGENES

274 583 405 670 αἰῶνων,
428 584 518 671 καὶὴ
535 581 703 650 δεσποτεία
724 603 781 650 σου
804 584 839 649 ἐν
861 583 948 668 πάσῃ
971 591 1023 669 γεὲ
1064 585 1264 668 sectatorom,
1282 591 1315 653 ot
1334 587 1508 658 dominatio
1529 594 1587 658 too
1601 593 1638 657 io
1659 594 1748 658 omui
1764 611 1817 678 ρο-

273 699 330 777 vet
345 692 401 756 κοιί
415 698 531 778 γενεά..
554 687 671 767 Πιστὸς
693 687 809 774 Κύριος
832 688 867 754 ἐν
892 696 956 764 τοῖς
970 686 1022 752 λά
1063 692 1228 756 κονπίἰυνιε
1241 696 1274 758 et
1283 695 1494 775 scorcione.
1510 695 1636 762 simtu
1651 697 1808 763 Dominus

273 816 341 883 γοις
354 794 462 878 αὐτοῦ,
475 797 531 860 καί
541 795 626 872 ὅσιος
636 794 671 859 ἐν
683 803 760 859 πάσι
774 803 838 872 τοῖς
849 794 953 880 ίργοις
967 793 1022 858 αὐ
1064 796 1102 858 iot
1111 793 1217 863 eoois
1226 797 1309 877 etis,
1323 802 1355 863 st
1364 801 1496 864 εωιιιίιιν
1505 799 1543 864 iot
1553 799 1698 866 motetus
1711 801 1812 883 operi·

275 903 342 965 ταῶ.
1065 895 1123 963 oo
1136 897 1217 963 sois.

316 999 391 1084 Εἰὴ
409 998 553 1088 βασιλεία
568 1009 623 1066 cot
634 998 718 1067 Θεοῦ
728 997 750 1083 ί]
762 997 884 1086 ἀεωρίοι
892 1007 956 1066 τῶν
965 1023 1018 1087 γε·
1109 1002 1144 1066 Si
1161 1018 1307 1080 regnum
1322 1003 1384 1068 Dei
1401 1009 1452 1068 est
1466 1008 1706 1089 contemplatio
1723 1027 1815 1073 creu-

272 1105 410 1191 γονάτων
432 1105 487 1168 καί
500 1100 721 1189 γενησομένων
736 1101 855 1169 αἰώνων
869 1103 946 1190 ἰστί,
962 1127 1020 1171 κα-
1064 1110 1219 1170 turerum
1241 1112 1276 1170 et
1288 1125 1365 1188 qnae
1380 1113 1461 1172 sunt
1478 1112 1812 1190 νεωτερισάντων-

272 1209 334 1287 λῶς
349 1204 511 1293 εἴρηταιὴ
534 1205 679 1294 βασιλεία
694 1228 761 1291 σου,
785 1206 930 1295 βασιλεία
944 1209 1020 1276 πάν·
1064 1214 1138 1274 tum
1154 1216 1221 1275 est:
1244 1213 1390 1293 Manum
1407 1217 1500 1278 tuom
1515 1230 1651 1296 reanum
1667 1218 1809 1281 omnium

272 1335 334 1382 των
348 1323 409 1379 τῶν
424 1311 554 1380 αἰώνων.
1062 1314 1311 1380 summumst
1321 1315 1466 1381 obelisco
1478 1323 1631 1383 notatum
1646 1325 1697 1384 est
1707 1320 1810 1386 illud:

313 1416 493 1484 Ὠδίλισται
507 1417 543 1481 δὲ
557 1415 611 1481 τό·
630 1413 670 1481 Ἡ
686 1413 830 1502 βασιλεία
845 1437 911 1500 σου,
929 1414 1016 1503 βαπ-
1062 1419 1208 1500 mosomo
1218 1421 1308 1482 tuom
1321 1435 1455 1502 νορουνι
1465 1422 1606 1486 συνοίκων
1612 1424 1808 1490 soculorum.

268 1521 340 1588 λεία
353 1521 479 1587 πάντων
500 1529 562 1586 τῶν
579 1518 709 1585 αἰώνων.
732 1517 824 1605 Πλὴν
845 1521 900 1584 καί
921 1530 1013 1585 τοῦτο
1063 1523 1190 1586 Verum
1213 1527 1248 1586 et
1269 1521 1333 1588 hoo
1354 1520 1540 1606 sciendum,
1555 1529 1810 1606 generationem

268 1625 381 1708 ἰστέον,
400 1625 448 1689 δτι
461 1625 556 1710 γενεά
577 1625 632 1688 καί
646 1625 742 1709 γενεά
764 1623 798 1688 ἐν
820 1631 885 1702 τοῐς
908 1625 1017 1691 αἰῶσιν
1063 1629 1097 1690 et
1104 1627 1358 1704 generationem
1367 1627 1402 1691 in
1411 1631 1545 1694 saeoulis
1555 1630 1632 1711 dici,
1642 1650 1746 1696 unum
1753 1632 1809 1697 do-

269 1729 405 1818 λέγεται,
421 1737 482 1795 τῶν
498 1729 554 1814 μὲν
577 1727 796 1812 διδασκόντων,
813 1738 874 1794 τῶν
889 1730 924 1795 δὲ
941 1751 1017 1816 μαν-
1062 1731 1223 1810 cen'tium,
1238 1731 1380 1804 alterum
1395 1730 1609 1798 discentium.
1624 1735 1689 1800 Sed
1704 1736 1739 1800 in
1754 1755 1804 1800 su-

269 1834 443 1901 θανάντων·
465 1832 500 1899 ἐν
514 1834 549 1898 δὲ
563 1842 604 1919 τῇ
620 1830 697 1918 ἀγίμ
719 1831 832 1917 Τριάδι
845 1835 941 1920 γενεά
962 1837 1018 1900 καί
1062 1852 1119 1898 cro
1134 1836 1255 1900 Triade
1273 1837 1449 1913 generatio
1465 1842 1499 1901 et
1513 1840 1689 1916 generatio
1706 1839 1807 1905 tundo

160 1957 168 1974 ·
267 1941 362 2026 γενεά
377 1939 415 2004 οὐ
430 1936 612 2024 ῥηθήσεται.
635 1937 769 2004 Πάντων
783 1939 818 2004 δὲ
839 1939 1015 2027 γεγονότων
1062 1954 1130 2001 non
1145 1938 1313 2002 audietur.
1336 1941 1458 2004 Omnis
1479 1946 1594 2006 eutem
1617 1961 1694 2025 qun
1715 1944 1805 2008 lecte
1890 1991 1892 1994 -

268 2045 302 2109 ἐν
318 2043 391 2130 Θεῷ
406 2044 450 2126 ἓν,
465 2045 551 2108 κατά
572 2045 631 2129 την
645 2044 828 2130 προσευχὴν
849 2053 906 2110 τοῦ
920 2045 1017 2130 Χριο-
1061 2046 1152 2121 sunt,
1172 2043 1208 2106 in
1230 2044 1299 2106 Deo
1324 2061 1431 2108 unum
1454 2049 1544 2127 sunt,
1563 2045 1666 2126 juxte
1686 2051 1803 2114 votum

267 2158 324 2213 τοῶ
337 2145 511 2233 λέγουσαν·
535 2146 593 2224 Δὸς
609 2147 724 2230 αὐτοῖς,
741 2149 793 2212 tvo
805 2151 860 2213 καί
876 2150 966 2213 αὐτοὶ
981 2149 1015 2214 ἰν
1061 2145 1185 2209 Christi
1207 2149 1392 2228 preeuntis:
1423 2151 1507 2214 «Du
1528 2151 1608 2231 illis,
1632 2155 1672 2215 ut
1695 2171 1804 2218 unum

266 2253 343 2338 ἡμῖν
364 2252 397 2318 ἓν
412 2253 496 2334 ῶοιν,
518 2251 623 2330 καθὼς
643 2251 706 2337 ἐγὼ
729 2254 784 2317 καί
799 2256 838 2318 σύ
853 2253 947 2340 ἐσμὲν
970 2254 1014 2336 ἓν,
1059 2252 1130 2313 sint
1144 2252 1179 2314 in
1196 2250 1302 2332 nobis,
1329 2252 1419 2316 sicut
1434 2270 1499 2333 ego
1521 2258 1556 2318 et
1570 2259 1609 2319 tu
1626 2275 1734 2321 unum
1748 2277 1805 2323 su·

266 2355 384 2442 Πάτερ.
400 2393 441 2405 -
457 2355 556 2421 Γενεά
577 2357 632 2419 καί
645 2353 756 2441 γενεά·
774 2357 855 2441 αὐτη
878 2353 1014 2442 ἡγενεά
1060 2371 1146 2436 mus,
1163 2372 1182 2419 o
1199 2356 1342 2419 Pater.»
1363 2389 1400 2402 --
1418 2359 1598 2424 Gener-etio
1613 2364 1647 2424 et
1662 2379 1803 2440 genera·

266 2461 381 2526 ἐκτῶν
402 2460 473 2525 κατ’
484 2458 601 2543 ἀρετ-ην
622 2459 677 2522 καί
699 2466 814 2544 γνῶσιν
834 2457 1012 2545 γενομένων
1059 2458 1107 2521 tio
1129 2460 1349 2523 constituitur
1363 2476 1406 2524 ex
1424 2462 1556 2526 actibus
1578 2465 1744 2530 virtutum
1767 2472 1801 2531 et

267 2563 456 2630 συνίσταται.
470 2600 511 2612 —-
527 2561 597 2646 Τὴν
611 2559 645 2641 ἐξ
657 2560 843 2648 ἀμφοτέρων
853 2569 916 2628 τῶν
927 2561 1013 2628 λαῶν
1058 2563 1218 2626 scientim.
1241 2564 1445 2643 Designsvit
1457 2566 1644 2631 Ecclesiam
1660 2585 1702 2631 ex
1718 2569 1799 2634 duo·

266 2665 440 2754 ἐκκλησίαν
462 2667 566 2750 φησίν,
582 2665 662 2752 ἔργα
683 2665 719 2730 δὲ
734 2666 832 2731 αὐτοῦ
846 2665 868 2730 ἀ
883 2664 1015 2752 πεποίη-
1059 2666 1122 2730 bus
1134 2666 1508 2749 populiseonflutum,et
1518 2687 1619 2751 opere
1634 2689 1710 2753 quae
1722 2673 1802 2737 fecit

265 2766 595 2857 ταιέντῇοίκονομίρ.
609 2768 738 2849 Δοξάσω
753 2768 829 2853 ont
845 2768 926 2848 Θεάς
942 2791 1012 2856 μου,
1059 2769 1094 2833 in
1109 2771 1230 2834 salutis
1246 2772 1441 2836 oeconomis.
1465 2774 1622 2839 Laudabo
1645 2779 1689 2857 te,
1707 2777 1799 2841 Deus

266 2878 283 2942 t
299 2874 445 2963 βασιλεύς
460 2893 530 2958 μου,
546 2872 563 2938 ὁ
579 2872 705 2953 διδάξας
720 2894 759 2958 με
774 2881 898 2959 γνῶσιν.
1058 2892 1165 2956 meus,
1176 2893 1237 2939 rex
1248 2892 1353 2958 meus,
1366 2877 1425 2958 qui
1437 2895 1490 2942 me
1506 2879 1640 2957 gnosiu
1655 2879 1801 2944 edocuit.

308 3000 341 3045 v.
360 2981 410 3044 15.
432 2977 498 3043 Καὶ
513 2978 551 3041 σύ
570 2974 661 3054 δίδως
683 2978 742 3063 την
764 2979 886 3064 τροφὴν
908 2978 1011 3043 αὐτῶν
1101 2999 1132 3043 ν.
1151 2980 1201 3044 15.
1216 2981 1261 3046 Εἰ
1274 2987 1312 3046 ἰν
1327 2981 1388 3048 dos
1400 3000 1506 3050 escum
1523 2984 1658 3052 telonus
1672 2986 1709 3050 iu
1724 2990 1800 3053 tent·

266 3084 299 3150 to
315 3080 467 3167 εὐκαιρίᾳ.
1052 3099 1132 3164 port
1146 3088 1328 3166 opportuno.

310 3187 431 3276 Ἰατρὸς
445 3195 508 3251 τῶν
530 3185 672 3274 ψυχῶνδ
693 3185 828 3270 Χριοτδς
852 3183 885 3250 ἐν
908 3187 1013 3252 εὐκαι-
1100 3189 1249 3254 Medicus
1280 3190 1472 3254 animorum
1503 3191 1657 3258 Christus
1686 3193 1801 3258 cibum

266 3291 318 3378 ρίρ
332 3289 454 3356 δίδωσιν
475 3288 580 3368 αὐτοῖς
602 3292 661 3376 την
683 3287 812 3376 τροφήν.
835 3289 952 3376 Χρήση
975 3292 1011 3357 ot
1055 3292 1197 3357 suisdut
1220 3294 1255 3356 in
1278 3298 1427 3376 tempore
1444 3311 1605 3374 congruo.
1630 3299 1800 3363 Utendum

264 3407 307 3484 τῷ
323 3396 408 3483 ῥητῷ
423 3394 673 3480 τούτῳ,λύωντὸ
688 3394 801 3472 ἐντοῖς
817 3394 1012 3482 εὐαγγελίοις
1055 3416 1094 3463 eo
1104 3399 1177 3463 loco
1199 3398 1242 3462 od
1253 3398 1451 3462 solvendum
1467 3383 1648 3465 Soloetoris
1659 3403 1800 3468 verbum

265 3505 325 3568 ὑπὸ
347 3511 403 3566 τοῦ
425 3508 567 3584 σωτῆρος
588 3497 774 3585 λεγόμενον·
802 3497 841 3565 Τί
865 3499 934 3585 ἐμοί
956 3503 1010 3566 καί
1055 3503 1091 3565 in
1114 3502 1320 3581 evangeliis:
1346 3503 1465 3578 «Quid
1479 3503 1564 3568 mihi
1580 3509 1615 3568 et
1637 3505 1709 3585 tibi,
1725 3523 1800 3569 mu·

265 3608 323 3690 σοί,
339 3615 440 3691 γῦναη
455 3601 521 3669 Καὶ
536 3605 639 3680 οὔπως
654 3604 726 3688 ἣκει
740 3603 762 3688 ἡ
778 3603 846 3688 ὥρα
860 3627 929 3690 μου.
945 3604 1010 3671 Καί
1054 3607 1138 3672 liert
1159 3609 1203 3670 At
1217 3605 1368 3670 nondum
1390 3607 1485 3670 venit
1499 3607 1583 3671 horu
1605 3626 1689 3672 mes.
1703 3629 1722 3668 ν
1738 3611 1796 3673 nt-

263 3712 325 3796 γάρ
340 3713 451 3794 καιρὸν
466 3704 604 3793 σημείων
618 3707 678 3793 οὐχ
693 3709 783 3792 ἥκειν
806 3710 953 3794 ἔφασκεν,
970 3711 1011 3774 εί·
1054 3711 1285 3776 enimdicebnt
1296 3710 1446 3775 nondum
1454 3712 1586 3776 venisse
1594 3717 1730 3794 tempus
1737 3715 1800 3778 mi-

263 3835 323 3900 περ
344 3815 386 3880 se
411 3819 529 3898 σημεῖα
550 3810 588 3876 οὐ
609 3819 674 3889 τοῖς
696 3811 903 3896 πιστεύουσιν,
925 3811 1010 3878 ἀλλά
1054 3818 1262 3896 reculorum3
1284 3816 1386 3893 signo
1400 3817 1491 3878 enim
1507 3833 1575 3881 non
1590 3823 1671 3882 sunt
1685 3835 1746 3900 pro
1761 3819 1800 3882 fi-

263 3928 329 3996 τοῖς
344 3915 503 3994 ἀπίστοις·
526 3913 655 3980 ἀπιστία
669 3917 731 4001 γάρ
748 3917 827 4000 μετὰ
841 3917 877 3980 τὸ
892 3914 1010 4004 κήρυγ-
1054 3921 1193 3999 delibus,
1205 3918 1264 3982 sed
1275 3936 1336 4000 pro
1348 3918 1551 3983 infidelibus.
1564 3919 1749 3986 Infidelitus
1765 3940 1799 3986 e·

194 4031 195 4034 ’
264 4046 309 4112 μοι
323 4021 413 4088 είωθε
426 4019 575 4108 γίνεσθαι,
591 4019 760 4105 κηρύσσειν
771 4020 806 4084 δὲ
816 4021 1008 4088 οὐπωδΚύ-
1054 4026 1125 4089 nim
1140 4025 1225 4087 solet
1235 4023 1316 4086 oriri
1327 4028 1403 4103 post
1417 4024 1703 4105 predicationem:
1721 4044 1802 4091 non·

263 4149 328 4214 ριος
342 4125 460 4214 ηρξατο
475 4127 534 4210 τὴν
549 4122 710 4210 βασιλείαν
724 4123 874 4209 οὐρανῶν.
892 4164 933 4176 —-
948 4123 1008 4194 Ἀ·
1054 4129 1135 4193 dum
1149 4143 1229 4190 vero
1244 4128 1409 4191 Dominus
1419 4128 1603 4209 inooeperet
1617 4129 1800 4211 praedicsre

264 4255 309 4320 μα
323 4253 358 4298 τε
371 4232 433 4318 γάρ
456 4229 571 4316 βούλει,
593 4229 649 4293 καί
662 4227 816 4296 ἀπολαύει
838 4240 900 4298 τῶν
920 4235 1008 4318 παρά
1052 4249 1199 4310 regnum
1232 4230 1404 4294 coelorum.
1417 4265 1467 4296 .—
1491 4233 1610 4297 Statim
1637 4250 1677 4296 sc
1702 4234 1798 4312 velis,

262 4348 319 4404 σοῶ
333 4330 578 4424 χορηγουμένων
593 4331 727 4410 ἕκαστος
739 4332 876 4418 ἀγαθῶν.
899 4333 1008 4402 Καθά-
1053 4334 1329 4418 quisquebonisu
1340 4339 1375 4397 te
1386 4337 1553 4400 concessis
1564 4336 1700 4417 lruitnr,
1711 4337 1801 4402 sicut

262 4464 321 4527 περ
336 4443 398 4528 γάρ
419 4438 496 4524 ἡμῖν
511 4435 620 4524 ῥᾴδιον
632 4439 707 4514 τοὺς
729 4438 942 4524 συνηγμένους
958 4440 1009 4505 ἐκ·
1053 4440 1145 4503 enim
1172 4437 1269 4502 nobis
1295 4437 1330 4500 in
1360 4444 1518 4520 promptu
1539 4445 1591 4504 est
1611 4445 1800 4506 contractos

262 4557 359 4612 τεῖναι
366 4540 832 4626 δακτύλους,καίάπλῶσοιιτην
839 4551 943 4629 γείρσι,
957 4548 1007 4610 οὐ·
1053 4543 1179 4622 digitos
1194 4541 1384 4622 extendere,
1400 4547 1435 4605 et
1457 4545 1626 4625 explicere
1649 4562 1798 4625 menum,

262 4675 306 4720 τω
329 4653 380 4715 σοί
402 4649 530 4726 εὐπετὲς
552 4645 586 4713 ἐν
601 4644 734 4732 εὐκαιρίᾳ
755 4657 933 4735 παρασχεῖν
947 4658 1009 4715 τῶν
1053 4647 1102 4710 ita
1112 4647 1277 4711 sollicitus
1293 4663 1329 4710 es
1344 4650 1383 4708 tu
1399 4645 1435 4708 in
1450 4651 1599 4728 tempore
1611 4651 1798 4728 opportuno

263 4757 389 4844 ἀγαθῶν
403 4756 463 4840 τὴν
477 4752 587 4838 ροράν.
602 4791 641 4800 -
658 4751 698 4817 Εἰ
713 4751 748 4816 δὲ
763 4753 805 4817 τά
818 4753 897 4838 ἔργα
912 4756 1009 4821 αὐτοῦ
1052 4751 1200 4834 praebere
1212 4751 1377 4814 bonorum
1389 4751 1616 4829 largitionem.
1628 4787 1666 4797 -
1676 4753 1734 4816 Sin
1740 4770 1799 4816 uu·

148 4849 151 4862 '
262 4866 393 4946 διαρκεῖ,
409 4857 497 4942 πάσῳ
520 4856 640 4942 μᾶλλον
657 4858 751 4934 αὐτὸς
769 4856 940 4942 διαρκησαι
954 4860 1008 4924 καί
1053 4861 1121 4919 tem
1137 4873 1237 4937 opera
1253 4853 1326 4935 ejus
1341 4854 1424 4918 sutis
1439 4859 1529 4936 sunt,
1546 4861 1673 4939 quanto
1689 4858 1800 4938 magis

264 4965 410 5044 δυνατός;
1054 4960 1125 5041 ipse
1142 4957 1296 5024 sufficere
1312 4961 1431 5039 potest.

300 5191 326 5230 v.
341 5169 381 5225 15.
395 5169 461 5226 Vct.
473 5167 499 5238 5,
512 5167 553 5223 12.
567 5165 614 5224 Jo.
627 5179 656 5236 11,
668 5165 696 5222 4.
