4020 6098
256 423 321 486 248
926 422 1137 490 ORIGENES

255 585 312 631 ma
330 568 558 648 negleximus,
578 568 806 651 nequicquam
828 565 1003 628 clamanti·
1048 567 1129 626 runt
1140 563 1388 652 adEusebium,
1402 565 1447 628 ad
1460 568 1640 644 vulgatum
1656 565 1697 629 de
1713 565 1812 648 psat,

251 671 316 736 bus
325 671 450 736 nostris
458 670 640 749 codicibus,
651 674 864 749 urgenteque
877 666 1004 729 trustra
1048 668 1112 729 mis
1125 667 1358 746 Athanasium,
1374 668 1417 731 sd
1432 669 1625 751 Didymum,
1639 670 1682 734 ad
1694 670 1800 751 Cyrit-

253 775 419 840 desiderio
440 777 558 838 luxata
573 774 717 853 ligandi,
733 773 899 836 dissoluta
915 787 1007 833 coer·
1051 771 1122 833 lum
1142 770 1419 851 Alexandrinum,
1446 773 1488 836 ad
1511 774 1800 855 chrysostomum,

257 879 365 958 cendi,
379 878 558 960 reparandi
572 878 705 940 mutila.
719 876 1005 941 UtInamlicuerIt
1050 872 1093 936 ad
1116 873 1373 954 Theodoretum,
1396 877 1440 940 ad
1462 877 1674 941 Theodorum
1698 879 1815 957 Hera-¹

253 986 364 1046 totum
376 999 460 1064 opus
485 983 687 1060 instaurare,
708 986 747 1043 ut
767 980 881 1043 omnia
901 979 1005 1042 unde·
1047 978 1201 1058 cleotam,
1224 979 1266 1042 ad
1289 981 1383 1059 alios,
1407 982 1466 1061 qui
1490 981 1525 1042 iu
1543 982 1692 1060 singulte
1715 981 1798 1044 locts

255 1104 391 1168 quaque
411 1103 529 1168 sparsa
545 1087 580 1148 in
597 1104 704 1148 unum
721 1102 844 1166 corpus
867 1083 1019 1148 tandem·
1050 1082 1818 1166 notantur,utsijurepostIIminiiabutamur„,

254 1191 497 1254 coalescerent!
523 1191 656 1252 Interea
677 1206 813 1252 necesse
836 1187 903 1250 tun
925 1204 1007 1250 non·
1050 1205 1140 1250 unus
1155 1187 1301 1268 quisque
1316 1189 1465 1272 prudens
1477 1171 1593 1269 lector,
1606 1208 1642 1254 re
1654 1191 1799 1270 diligen·

256 1295 389 1357 nullaa
408 1293 572 1357 Maurinis
588 1293 750 1371 mutuari,
769 1290 924 1373 quaedam
940 1292 1009 1354 alia
1051 1295 1103 1354 ter
1132 1307 1307 1372 perpensa,
1333 1291 1440 1371 judex
1463 1293 1578 1357 sedeat
1608 1299 1643 1358 et
1664 1294 1801 1358 arbiter.
1866 1361 1870 1374 ,

256 1398 291 1458 in
307 1397 457 1460 corderii
473 1395 646 1474 farragine
659 1395 837 1475 expiscari,
850 1395 953 1457 etiam
968 1397 1009 1457 0-
1053 1395 1159 1468 Quem
1181 1393 1329 1474 tandem,
1344 1394 1552 1459 hisoefinem
1569 1398 1801 1478 impositurus,

255 1502 368 1580 rigent
381 1502 572 1580 restituere,
582 1517 658 1581 quae
671 1499 851 1579 immerito,
860 1481 922 1561 nec
935 1499 1008 1592 sine
1051 1514 1179 1580 precor,
1192 1502 1231 1561 ut
1243 1516 1362 1579 aequus
1376 1500 1554 1582 bonusque
1569 1502 1624 1581 sii,
1640 1505 1674 1565 et
1688 1503 1812 1583 longo„

255 1607 449 1688 corruptela
475 1608 510 1668 et
531 1602 687 1667 adultera
710 1601 847 1684 injuria,
866 1603 1009 1666 transie-
1053 1604 1258 1686 ingratoque
1273 1604 1380 1668 labori
1395 1604 1517 1668 faveat.

921 1746 1145 1844 moennm.

671 1919 898 1997 Prooemium
911 1924 949 2020 ,et
964 1926 1205 2020 orpumontam
1224 1919 1399 2022 Ονίρικίκ

302 2117 330 2182 1.
348 2115 399 2182 Ta
414 2123 557 2201 στοιχεῖα
571 2121 629 2200 τῆς
644 2111 748 2199 ἀρχῆς
758 2121 820 2178 τῶν
835 2103 938 2199 λόγων
952 2121 1008 2178 τοῦ
1099 2116 1130 2178 I.
1160 2117 1305 2196 Littera,
1337 2116 1462 2182 divinis
1490 2118 1605 2183 verbis
1633 2119 1802 2202 prefixae,

255 2218 341 2286 Θεοῦ
355 2220 372 2283 ό
387 2217 497 2305 ἠθικός
519 2219 586 2284 ἐστι
608 2216 714 2300 τόπος,
730 2218 802 2301 περί
817 2219 853 2280 οὔ
872 2215 927 2280 καί
942 2215 1008 2280 δια·
1052 2219 1191 2283 moralis
1220 2224 1417 2300 argumenti
1447 2225 1538 2302 sunt,
1567 2223 1668 2304 idque
1695 2242 1806 2305 perse-

253 2316 624 2408 λαμβόινειόὲκατοστός
639 2318 912 2397 ὀκτωκαιδέκατος
929 2319 1009 2404 ψαλ-
1053 2323 1172 2402 quitur
1200 2326 1351 2404 psalmus
1377 2327 1523 2406 CXVIII,
1554 2328 1613 2407 qui
1629 2325 1730 2406 juxte
1752 2345 1804 2392 se·

254 2427 312 2509 μός
326 2427 412 2490 κατόι
425 2427 467 2490 τόι
479 2423 612 2509 ἑδραίκόι
625 2431 768 2509 στοιχεῖα
779 2421 1008 2512 γεγραμμένος·
1054 2426 1138 2489 riem
1165 2426 1401 2491 hebraIcorum
1430 2429 1675 2493 elementorum
1697 2431 1805 2512 scrip-

254 2529 336 2594 dore
351 2532 423 2606 τοὺς
440 2530 496 2616 μὲν
509 2527 653 2618 γπριίιτους
675 2527 771 2592 αὐτοῦ
787 2525 915 2612 στίχους
930 2527 1010 2592 είναι
1054 2532 1109 2592 tus
1126 2534 1194 2592 est:
1212 2531 1259 2592 ita
1281 2533 1410 2612 priores
1445 2530 1519 2612 ejus
1552 2536 1627 2596 ooto
1657 2534 1806 2597 versicu-

255 2635 339 2698 δκτὼ
352 2633 415 2698 ἀπό
428 2643 483 2698 τοῦ
494 2631 612 2716 Ἀλερ,
629 2631 645 2694 ό
660 2630 743 2696 ἐστιν
756 2629 841 2715 ἀρχὴ
859 2637 920 2695 τιῑιν
935 2629 1010 2715 παρ’
1053 2632 1079 2694 11
1093 2633 1251 2717 abAleph
1265 2635 1455 2717 ordiuntur,
1468 2654 1568 2718 aquo
1581 2637 1804 2722 litteraeapud¹

255 2739 362 2816 αότοίς
377 2733 559 2823 στοιχείων·
582 2739 655 2814 τοὺς
678 2735 713 2800 δὲ
737 2732 901 2818 δευτέρους
923 2734 1007 2799 όκτὼ
1054 2753 1110 2800 eos
1126 2738 1313 2818 Incipiunt;
1328 2745 1509 2821 sequentes
1523 2758 1604 2804 vero
1627 2745 1702 2805 octo
1717 2761 1738 2806 s
1752 2743 1807 2806 lit-

257 2840 320 2905 ἀπό
336 2840 416 2927 Bne,
439 2841 494 2906 καί
510 2842 591 2904 οὕτω
606 2839 679 2904 καθ’
690 2837 773 2925 ἑξῆς.
789 2837 855 2903 Καί
870 2838 1010 2925 περιέχει
1052 2847 1126 2904 tero
1140 2842 1235 2922 Beth,
1252 2845 1350 2907 etsie
1365 2861 1473 2924 perra.
1497 2846 1606 2926 Atque
1633 2845 1690 2908 hio
1717 2846 1807 2928 psal·

255 2966 293 3032 γε
310 2947 327 3010 ό
343 2945 477 3032 ψαλμός.
490 2946 580 3022 οὗτος
596 2941 669 3008 όλον
685 2946 739 3008 τόν
760 2941 858 3008 τόπον
873 2945 927 3008 τόν
942 2943 1010 3029 ἠθι-
1055 2963 1132 3009 mus
1148 2948 1343 3010 universum
1360 2964 1493 3011 morum
1518 2948 1706 3013 doctrinam
1728 2965 1810 3024 oon,

253 3053 311 3115 κόν
328 3051 408 3136 μετόι
422 3048 529 3132 πάσης
543 3045 690 3131 θεωρίας,
706 3055 764 3132 της
779 3047 849 3131 περί
865 3055 927 3112 των
945 3047 1011 3112 δια-
1055 3051 1151 3130 tidet,
1168 3069 1245 3114 oum
1262 3052 1454 3115 omnimoda
1466 3053 1734 3118 considerati0ne
1746 3069 1803 3115 vo-

256 3154 361 3240 ρόρων
376 3161 441 3230 τοῖς
451 3151 578 3238 ἠθικοῖς
592 3149 699 3228 τόποις
716 3149 879 3237 ὀνομάτων
894 3149 1010 3241 ἐνζταῐς
1054 3154 1262 3236 catulorum,
1276 3173 1351 3236 quae
1363 3157 1399 3219 in
1416 3157 1599 3238 scripturis
1614 3157 1656 3220 de
1672 3174 1804 3220 morum

258 3266 409 3344 γραραῖς.
1055 3258 1156 3321 rebus
1173 3264 1393 3340 usurpentur.

304 3365 334 3428 2.
351 3360 470 3428 Ἰστέον
485 3360 520 3425 δὲ
536 3359 578 3438 ὡς
593 3359 674 3425 ἄλλο
690 3360 747 3444 μὲν
762 3357 866 3445 νόμος,
883 3359 963 3425 ἄλλο
975 3360 1011 3425 δὲ
1099 3361 1129 3425 2.
1138 3361 1318 3452 Sciendum
1331 3369 1444 3426 autem
1458 3364 1548 3444 quod
1559 3363 1655 3428 aliud
1666 3364 1804 3446 quidem

259 3463 429 3553 δικαίωμα,
442 3465 521 3531 ἄλλο
532 3466 731 3551 πρόσταγμα,
740 3463 820 3529 ἄλλο
833 3465 1010 3551 μαρτύριον,
1055 3466 1100 3528 sit
1111 3465 1176 3545 Iex,
1188 3465 1282 3529 aliud
1290 3484 1370 3530 vero
1378 3466 1590 3548 justificatio,
1602 3469 1698 3533 eliud
1711 3488 1806 3533 man·

302 3649 465 3712 Hmsmos
486 3645 524 3710 in
540 3645 702 3726 prooemio
722 3662 754 3708 ιι.
778 3647 809 3709 2.
833 3645 952 3709 Plures
976 3663 1009 3708 e·
1052 3642 1150 3706 testis
1165 3643 1262 3708 nobis
1274 3648 1325 3708 est
1336 3651 1475 3709 octavus
1486 3644 1638 3709 decimus
1650 3647 1802 3728 psalmus

258 3738 330 3799 nim
342 3751 449 3817 quum
458 3732 1008 3813 audiuntlegem,justifioationes,
1053 3747 1120 3811 quo
1146 3734 1340 3796 contiuetur
1364 3735 1551 3815 proprietas
1586 3735 1819 3815 uniuscujus··

257 3829 435 3907 praecepts,
446 3821 799 3902 testimonia,judioia,
808 3839 883 3905 quae
895 3825 1010 3886 omnia
1054 3826 1169 3900 quest
1191 3823 1454 3903 nuncupationis
1468 3827 1503 3886 et
1524 3825 1662 3900 genens
1683 3828 1735 3888 etc
1738 3871 1800 3888 ......
1808 3855 1811 3866 .

257 3914 388 3995 Moyses
403 3910 1011 3992 subdiversauniuscujusquegene·
1054 3911 1172 3990 Itaque
1188 3927 1248 3990 per
1262 3911 1393 3974 litteras
1413 3912 1570 3990 sIngulns
1590 3912 1663 3976 hseo
1685 3913 1800 3976 omnis

257 4003 305 4065 rIs
320 4004 447 4064 virtute
468 4000 644 4081 dIsposuit,
670 4017 779 4064 unum
794 4005 896 4081 atque
920 3999 1009 4063 idem
1053 3999 1222 4062 maximus
1238 4003 1272 4061 et
1288 4000 1377 4062 ultra
1390 4004 1528 4063 caeteros
1548 4002 1800 4082 copiosissimus

259 4107 332 4154 esse
344 4091 554 4153 existimant:
568 4089 765 4166 ignorantes
778 4087 873 4151 aliud
884 4088 1008 4168 legem,
1052 4087 1202 4166 psalmus
1218 4088 1281 4149 iste
1293 4087 1464 4166 discernIt,
1476 4093 1515 4151 ut
1526 4107 1586 4170 per
1597 4090 1670 4153 haeo
1685 4091 1802 4154 verbo·

257 4179 352 4242 aliud
364 4177 655 4258 justificationem,
675 4176 769 4240 alind
791 4182 1007 4258 praeoeptum,
1053 4191 1129 4237 rum
1146 4176 1313 4238 elementa
1328 4173 1485 4240 credendi
1500 4182 1534 4240 et
1556 4179 1695 4242 vivendi
1711 4183 1746 4241 et
1769 4195 1801 4240 e-

257 4267 351 4330 aliud
367 4267 610 4342 testimonium,
627 4264 720 4327 aliud
736 4282 809 4329 esse
820 4264 989 4345 judiqum
1000 4259 1012 4328 ι’
1053 4261 1210 4326 rudIendi
1220 4265 1261 4328 'In
1276 4265 1458 4328 Dominum
1475 4268 1561 4328 ratio
1577 4273 1611 4330 et
1626 4267 1799 4330 distinctio

255 4374 331 4439 qua
346 4357 495 4420 multum
514 4371 586 4418 ase
602 4352 740 4417 differre
757 4357 791 4416 et
810 4354 1011 4435 discrepare,
1056 4351 1242 4414 doceretur.
1815 4369 1818 4376 ·

288 4601 314 4656 1.
327 4599 507 4656 Prooemium
520 4615 557 4655 ex
576 4598 643 4654 Vat.
661 4598 687 4668 6,
700 4599 725 4668 9,
741 4597 782 4668 11,
802 4597 844 4653 16.
858 4589 905 4654 ΑΒ
924 4583 1016 4654 initio
1054 4603 1123 4670 mat,
1140 4604 1278 4657 revocato
1296 4617 1350 4656 suo
1367 4599 1399 4656 in
1420 4617 1465 4675 ps.
1489 4617 1567 4660 xvrn
1585 4585 1814 4672 commentar-io,¹
1884 4589 1888 4596 ’

256 4705 355 4759 grreoa
366 4687 568 4744 MaurInorum
578 4685 737 4758 sequimur,
747 4684 859 4756 rejects
869 4701 1011 4757 qucmre·
1054 4686 1105 4758 qui
1125 4687 1234 4760 partim
1252 4694 1394 4762 superest,
1413 4694 1445 4744 et
1461 4689 1493 4744 in
1504 4688 1552 4744 his
1569 4706 1635 4761 quse
1653 4689 1806 4745 nobiscum

255 4780 398 4848 oeperunt
410 4774 550 4830 intricata
562 4772 695 4828 corderii
705 4770 863 4842 latinitate,
873 4769 1010 4844 admissa,
1052 4771 1173 4842 faciunt,
1186 4791 1251 4845 quse
1269 4773 1367 4846 legere
1381 4781 1439 4830 est:
1458 4777 1488 4830 '0
1506 4782 1554 4830 τοῦ
1571 4779 1703 4844 Μωδσίως
1720 4766 1803 4846 νόμος

252 4861 304 4916 ubi
317 4860 458 4934 oportuit,
471 4859 613 4916 nonnulla
626 4857 838 4927 emendatione,
850 4857 896 4913 uti
907 4857 1010 4914 statim
1053 4861 1185 4927 διαφόρως
1202 4863 1376 4930 ὀνομάζεται·
1395 4863 1504 4931 λόγεται
1520 4867 1573 4932 γόιρ
1591 4869 1681 4933 νόμος,
1700 4859 1737 4930 ὣς
1754 4865 1803 4932 τήν

251 4946 289 5003 ab
302 4947 440 5003 exordio:
459 4949 489 5002 '0
508 4949 584 5013 δείός
597 4949 652 5016 tort
668 4949 759 5016 τόπος,
773 4942 824 4999 ubi
837 4943 955 4999 omnino
967 4945 1009 5001 le-
1051 4949 1187 5002 πολιτείαν
1205 4949 1349 5017 ῥυθμίζων·
1372 4953 1508 5018 μαρτυρία,
1526 4952 1567 5004 ότι
1590 4953 1803 5019 διαμαρτύρεται,

250 5033 380 5103 gendum
391 5036 486 5102 ἠθικός
500 5038 555 5090 ἐστι
567 5037 658 5100 τόπος.
1051 5035 1086 5086 τὰ
1097 5037 1146 5102 τῆς
1162 5036 1339 5101 παραδόσεως
1349 5041 1472 5103 τιμωρίαν
1490 5038 1607 5101 δεικνύς·
1626 5039 1799 5106 δικαιώματα,

285 5119 311 5174 2.
325 5119 460 5192 Genuiua
471 5137 537 5178 esse
549 5127 652 5180 nostre
664 5120 728 5194 ipse
746 5118 891 5191 Origenes
903 5117 1006 5174 confir·
1052 5122 1092 5176 ότι
1103 5122 1169 5188 πρός
1180 5123 1212 5174 τό
1223 5123 1309 5176 καλόν
1320 5127 1472 5192 προκρίτων
1483 5125 1643 5192 ἀπαγορεύει
1651 5125 1683 5176 τό
1697 5125 1809 5188 όδικον·Ι
