4008 6094
817 446 859 512 IN
883 445 1069 513 Parthos
1696 449 1715 510 9

164 605 224 652 ται
237 585 273 652 τό
283 583 474 672 ἐξώσθησαν.
487 579 525 652 Ὁ
537 584 599 671 γάρ
614 592 816 669 προφητικῶς
827 604 920 669 ιιροο-
965 587 1065 668 dieat,
1081 585 1171 650 siout
1181 600 1240 667 pro
1255 583 1465 666 repellentur,
1483 584 1570 650 dixit
1583 585 1714 668 caputet

164 700 234 775 ρῦν
247 693 288 756 τὰ
302 689 447 776 ἐσόμενα,
460 691 558 767 οὕτως
573 686 919 774 coadumbrata
962 695 1049 755 rwat.
1072 692 1137 766 Qui
1159 691 1250 754 enim
1272 690 1466 772 prophetice
1482 690 1644 771 praevidet
1658 691 1709 754 iu-

164 816 231 874 τως
245 795 443 882 γενησόμενα
459 797 523 879 (1)·
539 795 650 859 τούτου
673 793 777 879 χάριν,
800 792 842 870 ὡς
855 792 920 879 ἤδη
964 799 1052 874 tura,
1068 796 1097 858 is
1121 795 1181 859 illa
1195 793 1288 858 videt
1309 795 1407 876 quasi
1423 795 1560 858 omnino
1576 800 1714 859 eventu·

164 899 335 985 γενόμενα,
356 900 438 964 αὐτὰ
452 896 628 983 διορίζεται.
645 895 701 961 Δεῖ
714 896 750 960 δὲ
769 895 832 981 άρσι
846 914 921 980 προ-
965 917 1013 981 ra,
1031 899 1155 964 idcirco
1174 915 1213 962 ea
1227 904 1391 980 tanquam
1405 898 1477 979 jam
1496 898 1585 962 iacta
1604 899 1711 963 deter-

164 1002 294 1079 σιόντας
310 1001 391 1088 Θεῷ,
407 1009 469 1066 τῶν
485 1001 542 1087 μὲν
557 997 684 1086 άγαθῦν
695 996 849 1063 ποιεῖσθαι
859 999 918 1082 τὴν
965 1005 1083 1068 minat.
1106 1005 1233 1068 Verum
1256 1005 1388 1084 oportet
1409 1018 1466 1066 eos
1488 1003 1549 1082 qui
1566 1003 1635 1066 Deo
1658 1020 1711 1066 ac-

167 1109 306 1193 αῐτησιν,
329 1105 547 1192 παραιτεῖσθαι
567 1107 602 1171 δὲ
624 1107 660 1169 τὸ
683 1104 803 1172 άλῦναι
831 1103 922 1189 ψυχι-
966 1106 1101 1186 cedunt,
1122 1107 1211 1171 bona
1233 1105 1370 1188 quidem
1392 1105 1574 1186 postulare,
1597 1105 1713 1187 depre-

164 1219 238 1288 ειοίς
260 1209 495 1297 ἀρρωστημάσι,
514 1210 625 1275 καὶτὸ
647 1209 708 1273 ὑπὸ
729 1217 823 1293 χεῖρα
836 1205 922 1294 γενά-
966 1211 1037 1274 cari
1058 1229 1138 1275 vero
1160 1228 1203 1275 ne
1225 1211 1453 1290 corripiantur
1474 1209 1600 1273 morbis
1615 1211 1713 1291 spiri·

166 1313 244 1380 σθαι
269 1315 464 1402 διαβολικὴν,
488 1316 548 1401 τὴν
572 1315 623 1380 ἀεὶ
648 1313 844 1396 σαλρόουσαν
868 1313 924 1378 aet
967 1316 1130 1396 tualibus,
1159 1332 1243 1379 neve
1272 1314 1473 1378 diabolicam
1503 1315 1539 1377 in
1572 1331 1713 1378 manum

163 1421 242 1496 τοὺς
272 1419 402 1485 ἑστάναι
436 1418 616 1503 δοκοῦντας,
653 1421 680 1485 εἰ
716 1417 923 1506 ῥᾳθυμοῦντες
968 1421 1117 1499 veniant,
1140 1435 1216 1500 quae
1238 1435 1372 1499 semper
1397 1420 1511 1481 movet
1531 1418 1634 1481 etiam
1657 1435 1714 1483 eos

167 1523 374 1610 εὑρίσκοιντο,
405 1525 464 1591 οῦκ
492 1523 595 1590 ἐῦσοιν
626 1534 739 1608 στῆναι
767 1526 840 1600 τοὺς
870 1523 922 1589 διά
965 1525 1026 1605 qui
1040 1529 1129 1588 stare
1137 1522 1313 1601 ridentur,
1330 1521 1359 1584 si
1376 1522 1592 1603 reperiantur
1605 1522 1715 1601 negli-

165 1627 320 1713 πλείστην
346 1631 426 1714 ῦσην
452 1627 598 1716 ἀσέβειαν
620 1627 811 1709 ἐξωσθέντσις
833 1628 922 1712 παρά
965 1631 1102 1706 gentem
1132 1643 1207 1707 quae
1236 1641 1303 1688 non
1333 1625 1500 1706 permittit
1527 1627 1710 1690 consistere

166 1733 272 1802 Θεοῦ·
287 1734 360 1820 ὃδὴ
377 1731 512 1800 πέπονθε
527 1736 582 1799 καὶ
598 1733 615 1800 ό
629 1735 715 1799 κατά
730 1733 836 1818 σάρκα
860 1731 921 1798 Ἰσ-
966 1747 1022 1795 eos
1051 1731 1112 1811 qui
1139 1733 1276 1810 propter
1302 1728 1486 1809 plurimam
1512 1733 1712 1811 tantamque

131 1915 136 1924 Ι
166 1835 264 1922 pail,
284 1836 496 1924 τιεπαρῴνηκε
510 1840 572 1925 γάρ
588 1837 755 1925 ἀφορήτους
778 1837 822 1915 εἰς
844 1835 921 1921 Χρι-
965 1835 1173 1916 impietatem
1189 1851 1210 1896 a
1225 1835 1294 1896 Deo
1308 1830 1436 1912 expulsi
1448 1835 1544 1896 scat:
1561 1831 1596 1920 id
1618 1833 1708 1913 quod

169 1939 256 2008 στόν.
964 1955 1085 2021 passus
1114 1939 1167 2000 est
1191 1936 1249 1998 ille
1279 1935 1383 1998 Israel
1417 1934 1604 1998 secundnm
1639 1953 1711 2000 car·

964 2059 1054 2122 nem,
1077 2040 1136 2122 qui
1151 2039 1319 2122 petulanti
1335 2039 1370 2101 et
1383 2037 1588 2102 intolerabili
1610 2038 1709 2104 modo

203 2161 244 2234 (1)
257 2161 627 2234 ῦοεεαοοσισςογιγονσια.
967 2165 1051 2229 erga
1073 2145 1245 2210 Christum
1267 2143 1443 2222 sogessit.

770 2361 940 2440 Psalmis
964 2352 1162 2439 XXXVI.

209 2582 241 2628 v.
260 2566 289 2647 1,
313 2565 343 2628 2.
359 2561 414 2650 Μὴ
437 2560 624 2649 ααραζηλου
646 2562 682 2630 ἐν
703 2560 915 2649 πονηριυσμό-
1005 2580 1040 2628 ν.
1056 2563 1085 2643 1,
1097 2563 1128 2626 2.
1140 2557 1379 2628 Notiamotna·
1392 2558 1429 2624 ic
1443 2554 1708 2642 ναοῖίραααόὶόιισ,

164 2685 240 2749 νοις,
256 2667 337 2752 μηδὲ
359 2665 459 2751 ζήλου
482 2669 554 2744 τοὺς
575 2677 741 2745 ποιοῦντας
763 2668 822 2752 την
844 2665 916 2731 dvo·
958 2685 1060 2752 οισριισ
1079 2667 1235 2734 ulmam
1247 2665 1413 2748 facientes
1433 2665 1650 2746 iniquitatem.
1669 2697 1707 2708 -

165 2769 250 2856 μίαν.
268 2809 309 2820 -
325 2771 398 2838 Ὀτι
412 2769 487 2836 ὡσεὶ
500 2770 623 2857 χόρτος,
640 2773 723 2858 ταχὺ
739 2769 916 2855 ἀποξηραν-
964 2773 1120 2850 Quacum
1147 2775 1301 2854 ntiquom
1317 2769 1438 2851 seam
1463 2768 1614 2834 velociter
1642 2783 1713 2834 cre·

160 2873 330 2960 3ησσνεαι,
357 2878 411 2940 καὶ
440 2875 514 2941 ὡσεὶ
540 2876 669 2961 λάχανα
694 2873 807 2963 χλόης,
831 2876 915 2961 ταχὺ
959 2880 1057 2956 accat,
1082 2873 1394 2956 aequamentum
1416 2871 1708 2952 ornamentum,

166 2979 410 3046 &occaecaverat
435 2984 502 3049 Vct.
520 2981 594 3064 645,
612 2983 643 3046 2.
962 2979 1025 3047 otro
1045 2977 1196 3044 medat.

209 3080 283 3148 Ὀτι
299 3082 373 3148 ὡσεὶ
387 3083 500 3169 χόρτος
514 3085 615 3168 τροφὴ
627 3091 751 3168 κιηνῦν
762 3081 854 3166 ἐστὶν,
866 3083 920 3148 τόν
1008 3081 1173 3160 Quoniam
1199 3081 1290 3146 sicut
1316 3080 1433 3145 tenum
1466 3084 1518 3144 est
1543 3079 1708 3162 pabulum

165 3187 261 3252 αὐτόν
275 3186 390 3272 τρόπον
405 3189 461 3253 καὶ
475 3187 505 3254 οἱ
519 3185 766 3273 πονηρευόμενοι
780 3195 842 3254 τῦν
861 3207 919 3252 αα-
960 3187 1204 3270 jumentorum,
1213 3185 1370 3250 similiter
1381 3184 1526 3267 improbi
1536 3189 1707 3265 suntprae·

209 3419 264 3483 rs.
286 3421 437 3485 Πανί.
457 3423 606 3486 annus
623 3420 662 3484 οι
681 3437 711 3484 ο.
734 3419 765 3484 a.
789 3377 919 3484 senam
967 3419 1063 3483 orbus
1072 3421 1154 3483 est...
1167 3417 1263 3481 sicut
1272 3418 1364 3481 orem
1375 3415 1656 3497 ergonerearum,
1664 3417 1710 3481 01-

165 3513 340 3572 mutorum
357 3513 392 3572 et
414 3510 699 3574 irrationabilium
716 3509 919 3573 animalium
964 3513 998 3573 to
1010 3507 1366 3588 decident...Sequitur
1377 3523 1455 3570 eum
1467 3507 1527 3587 qni
1539 3506 1707 3569 interma-

197 3801 247 3858 Ps.
269 3819 379 3862 xxxvi.
399 3802 551 3875 Integrum
571 3803 664 3859 latine
687 3802 819 3860 servavit
835 3801 912 3874 psal·
956 3801 1094 3860 Vaticani
1105 3800 1220 3858 codices
1232 3801 1338 3872 nostri3
1352 3799 1420 3856 dein
1430 3799 1551 3856 minime
1567 3816 1705 3874 spernan-

162 3905 243 3944 mum
255 3889 387 3960 Rufinus,
397 3896 540 3961 quantum
550 3888 670 3945 liberior
680 3889 740 3944 fert
750 3887 814 3960 ejus
822 3887 912 3944 inter·
955 3895 1005 3944 tur
1016 3888 1128 3944 scholia
1140 3907 1168 3960 v,
1177 3887 1241 3961 jam
1253 3894 1321 3944 ante
1334 3887 1512 3944 clarissimos
1524 3887 1583 3942 BB.
1594 3893 1625 3942 et
1638 3886 1707 3942 Gal-

163 3975 305 4048 pretati03
319 3991 356 4030 ex
368 3993 426 4047 qua
437 3981 517 4032 certe
532 3975 617 4031 nobis
635 3975 714 4032 foret
725 3974 823 4048 ampla
835 3991 912 4030 com·
954 3975 1085 4032 lendium
1094 3975 1181 4046 edita,
1194 3975 1246 4031 sed
1258 3975 1401 4046 neglecta,
1413 3991 1479 4046 quse
1490 3973 1582 4031 habet
1598 3972 1706 4030 Gorde-

162 4059 301 4116 mentarii
312 4060 439 4134 ubertas,
452 4079 541 4133 quum
549 4061 581 4117 in
589 4062 646 4117 hoc
654 4079 712 4116 nno
722 4061 835 4134 psalmo
846 4059 910 4117 Ori·
954 4062 1050 4136 riuep.
1058 4061 1180 4132 684,685,
1188 4063 1249 4132 6863
1258 4062 1364 4133 quibus
1374 4061 1475 4118 lubeat
1480 4061 1601 4117 tandem
1607 4065 1711 4116 nostra

163 4162 253 4216 genes
265 4146 423 4218 magistros
435 4164 504 4203 suos
516 4148 707 4218 revocaverit,
723 4146 911 4220 Clementem,
956 4150 1065 4206 addere
1077 4148 1211 4222 symbola
1221 4164 1342 4205 numero
1355 4165 1403 4218 xv,
1414 4165 1479 4220 quae
1492 4165 1547 4204 nos
1559 4164 1637 4202 nnnc
1649 4147 1709 4220 pri·

164 4239 217 4288 ant
234 4233 409 4290 Pantaennm
426 4235 539 4310 (Petrol-
558 4253 613 4306 xrr,
633 4235 703 4291 1334
718 4235 751 4304 Β,
767 4235 836 4289 1340
853 4233 913 4307 O);
956 4235 1202 4292 mnmetenebris
1212 4235 1349 4290 eruimus.
1359 4234 1637 4293 verumenimvero
1647 4234 1708 4288 Ru-

164 4325 307 4393 praeterea
329 4321 407 4377 clare
430 4322 595 4394 respexerit
616 4321 823 4395 imperatorem
845 4320 913 4376 Ale·
956 4323 1049 4378 finum
1061 4323 1087 4378 si
1099 4339 1160 4396 prae
1173 4321 1265 4378 oculis
1276 4321 1395 4392 habeas,
1410 4321 1624 4393 diligenterque
1642 4337 1708 4375 cum

164 4405 308 4462 xandrum
320 4407 434 4480 (Patrai.
449 4407 518 4463 1323
529 4407 562 4478 Β,
578 4427 606 4466 v.
616 4425 706 4481 supra
717 4426 745 4481 p.
757 4407 830 4480 331),
840 4413 913 4464 tres·
957 4407 1537 4480 eoversaveris,commenteriosEueebii,
1542 4406 1708 4479 Athanasii,

164 4508 220 4563 qne
244 4499 367 4548 caeteros
384 4498 456 4549 tunc
480 4493 621 4567 temporie
638 4494 831 4567 imperantes,
850 4500 913 4550 tum
956 4495 1143 4565 Theodoreti,
1154 4494 1300 4550 'dheodori
1310 4495 1501 4564 Heracleotae,
1512 4495 1602 4550 etiarn
1610 4512 1709 4566 μωσιν

162 4577 349 4649 Marcionem,
361 4579 559 4651 Valentinum,
577 4580 737 4637 Basilidern
754 4581 913 4638 mulctave-
956 4583 1093 4654 origenis
1106 4582 1196 4640 verba
1207 4582 1318 4656 passim
1331 4581 1541 4655 deprehendes,
1551 4599 1709 4638 acmecum

163 4665 211 4732 rit,
232 4682 306 4736 quos
328 4683 382 4721 suo
403 4684 463 4722 non
484 4668 560 4724 solet
578 4667 695 4724 nomine
713 4667 860 4739 insectari,
877 4687 913 4724 ac
955 4675 1026 4727 vota
1046 4668 1146 4737 facies,
1169 4673 1203 4723 ut
1224 4667 1344 4725 tandem
1364 4667 1582 4726 Alexandrinus
1607 4676 1709 4726 noster

161 4751 255 4806 multa
266 4751 351 4808 bonae
363 4751 443 4824 frugi
457 4754 621 4826 protulerit,
639 4771 704 4826 qnae
721 4754 849 4828 pretium
867 4773 911 4812 es·
955 4755 1013 4812 toti
1024 4772 1086 4810 suae
1097 4754 1264 4826 integritati
1275 4756 1458 4811 restituatur.

163 4841 209 4891 set
220 4835 251 4891 in
264 4837 381 4910 plenem
393 4843 424 4894 et
436 4839 605 4898 continuam
623 4841 729 4897 seriem
746 4848 910 4900 contexere.
990 4862 1017 4901 v.
1025 4844 1049 4912 l,
1059 4843 1085 4897 2.
1091 4842 1158 4898 Vet.
1170 4844 1195 4912 5,
1206 4843 1248 4897 15.
1257 4843 1436 4911 Quibuscum
1445 4841 1575 4900 cohaeret
1583 4843 1710 4900 Rufinus

71 4991 75 5003 Ι
163 4922 771 4999 conflenturigitureregioneltnfinianae
780 4929 910 4986 latinita-
954 4929 1057 4986 Patrai.
1069 4945 1124 4998 ιιι,
1135 4927 1205 4983 1320
1217 4927 1250 4998 Β,
1262 4929 1458 4999 1323A3tum
1468 4929 1557 4985 etiem
1567 4929 1621 4984 col.
1633 4930 1710 5001 1322,

163 5009 202 5065 tis
210 5010 458 5083 primnmscholia
471 5029 526 5072 xlv
539 5013 704 5070 aMaurinis
711 5015 912 5086 collecta,tum
956 5015 1034 5084 1324,
1053 5015 1130 5085 1325,
1149 5014 1226 5084 1327,
1245 5013 1322 5086 1333,
1342 5015 1420 5086 1334,
1440 5015 1516 5086 1335,
1536 5015 1613 5086 1338,
1627 5015 1705 5086 1339,

162 5096 222 5153 alia
240 5115 318 5158 mr
337 5100 452 5157 sincera
464 5107 495 5157 et
513 5103 606 5158 multo
618 5101 762 5175 uberiora,
775 5121 840 5175 qum
852 5106 911 5178 pri-
956 5101 1128 5172 1340,1341,
1149 5101 1225 5170 1342,
1246 5100 1323 5172 1343,
1344 5101 1421 5173 1345,
1440 5101 1518 5172 1346,
1537 5101 1707 5174 1347,1343,

162 5201 227 5242 mus
238 5184 298 5242 luci
310 5184 393 5246 dedit
403 5185 583 5258 Gallendius,
593 5205 717 5261 quocum
725 5191 912 5248 consentiunt
959 5187 1127 5258 13531354.
1146 5187 1274 5260 Egregie
1284 5187 1458 5248 confirmant
1476 5189 1663 5248 Gallandium
1681 5195 1711 5245 et
