4020 6098
319 396 381 459 196
983 395 1194 459 ORIGENES
1289 435 1291 442 ·

313 536 370 617 ξαν
390 538 487 602 αὐτοῦ
506 535 646 623 πληρους
667 535 798 624 χάριτος
820 537 875 601 καί
897 533 1058 619 ἀληθείας.
1103 537 1224 600 ritatis.
1248 540 1292 601 llt
1313 537 1488 601 considera
1503 539 1670 619 quomodo
1693 555 1797 602 causa
1811 541 1856 602 sit

313 637 397 727 Ὅρα
412 643 447 708 δέ
462 643 546 719 ύπως
561 641 660 708 αίτιόν
675 643 742 707 ἐστι
756 649 814 726 τῆς
828 647 889 704 των
906 635 1060 726 βασιλέων
1105 640 1194 704 unde
1220 659 1320 720 reges
1346 641 1582 723 subjiciantur,
1598 648 1632 707 et
1654 643 1854 707 erudiantur

312 745 476 832 ύποταγης
490 747 545 810 καί
559 755 617 832 της
632 755 692 816 τῶν
715 745 812 810 ἐθνῶν
826 740 1059 829 ίπιγνύσεωςη
1106 747 1626 828 gentes,Sionisaediiicatio,non
1633 746 1706 827 jam
1718 749 1754 810 in
1770 751 1857 811 tem·

308 859 371 934 πης
387 850 468 916 Σιὼν
484 850 647 936 οἰκοδομὴ,
664 851 701 916 οὐ
716 859 772 915 τοῦ
786 849 872 933 ἱεροῦ
884 846 990 928 λίθοις,
1007 846 1061 910 ἀλ-
1104 854 1153 933 pli
1172 851 1351 932 lapidibus,
1367 851 1427 914 sed
1446 851 1482 914 in
1500 853 1664 931 portentis
1683 855 1718 915 et
1732 851 1855 931 gratia

221 959 223 964 ’
313 953 355 1019 la
385 953 529 1041 θαύμασι
558 956 613 1019 καὶ
642 954 815 1040 χαρίσμασι
840 959 1060 1038 πνευματικοῖς
1105 956 1202 1020 donis
1222 955 1466 1036 spiritualibus,
1482 956 1709 1038 gloriosisque
1731 960 1856 1039 myste·

312 1060 367 1123 καί
384 1057 564 1144 μυστηρίοις
589 1058 738 1138 ἐνδόξοις·
754 1059 905 1144 οἰκοδομὴ
922 1055 1010 1142 ύφθη
1027 1055 1061 1120 έν
1104 1062 1175 1125 riis.
1191 1061 1357 1142 Apparuit
1375 1059 1551 1124 edificatio
1574 1061 1611 1124 in
1634 1060 1747 1138 gloria
1769 1057 1856 1140 eJ'us,

311 1171 353 1248 τη
368 1161 443 1247 δόξη
459 1163 566 1244 αὐτοῦ,
581 1160 678 1247 ἡνίκα
694 1160 788 1248 μέσος
799 1171 859 1229 τῶν
876 1158 1060 1226 ἀποστόλων
1105 1165 1239 1248 qnando
1251 1164 1383 1228 medius
1397 1165 1486 1227 inter
1502 1165 1670 1246 apostolos
1685 1167 1789 1245 stetit,
1805 1166 1857 1230 in-

312 1268 401 1350 ἔστη,
424 1267 477 1332 έπί
498 1268 557 1352 τὴν
579 1268 707 1350 ἔρευναν
729 1263 982 1350 προτρεπομένου
1003 1273 1059 1329 τοῦ
1103 1269 1196 1332 fideli
1211 1270 1339 1333 Thoma
1353 1268 1396 1332 ad
1410 1268 1642 1350 probationem
1658 1273 1849 1351 provocabo.

312 1371 413 1457 Θωμά
428 1369 678 1455 ἀπατήσαντος·
692 1369 786 1450 δόξαν
797 1369 832 1434 δέ
843 1371 884 1434 τά
895 1367 981 1454 πάθη
994 1369 1059 1433 δια·
1104 1375 1255 1438 Gloriam
1269 1390 1349 1436 vero
1365 1374 1537 1455 passiones
1555 1373 1780 1438 diversimode
1796 1391 1858 1455 ap-

295 1474 416 1562 ρόρως
438 1473 533 1560 λέγει.
551 1512 592 1522 -
608 1467 655 1540 Ἠ
677 1476 732 1539 καί
755 1476 864 1555 οὕτως,
890 1470 913 1557 ἡ
940 1474 1059 1539 οἰκοδο-
1103 1479 1217 1561 pellat.
1235 1513 1274 1524 -
1290 1480 1353 1542 Vel
1369 1479 1471 1542 etiam
1487 1479 1546 1559 sio,
1565 1478 1730 1542 {edificata
1749 1496 1770 1543 a
1790 1480 1856 1542 Do-

236 1623 243 1642 .
313 1577 452 1665 μουμένη
470 1579 532 1642 ἀπὸ
548 1574 665 1663 Κυρίου
680 1576 838 1663 ἐκκλησία
851 1575 873 1662 ἡ
886 1576 968 1643 Σιών
983 1578 1058 1659 ἐστι,
1103 1583 1196 1646 mino
1212 1582 1364 1647 Ecclesia
1379 1587 1431 1647 est
1445 1583 1535 1663 Sion,
1552 1601 1627 1664 quae
1642 1583 1854 1662 intelligitur

311 1683 540 1769 οκοπευιηριον
562 1681 806 1769 έρμηνευομένη,
829 1681 903 1765 ἐνῇ
926 1679 1061 1766 ὀφθήσε-
1103 1686 1385 1768 speculamque
1406 1686 1579 1751 videbitur
1593 1689 1706 1765 gloria
1720 1687 1804 1767 ejns,
1825 1688 1855 1750 si

311 1809 364 1852 ται
380 1787 414 1852 ἐν
435 1796 473 1873 τη
497 1786 571 1872 δόξη
588 1787 694 1868 αὐτοῦ,
718 1785 748 1849 εί
768 1806 813 1864 τις
835 1785 999 1870 οἰκοδομεῖ
1009 1784 1061 1849 ίπί
1105 1789 1856 1871 quisaedificaveritsuperfundamentumhoc

312 1894 367 1957 τόν
381 1891 531 1978 θεμέλιον
552 1901 663 1958 τούτου
686 1889 824 1977 χρυσίον,
845 1889 1002 1976 ἀργύριον,
1017 1887 1061 1954 λί·
1104 1913 1237 1975 aurum,
1254 1900 1447 1975 argentum,
1466 1895 1595 1978 lapides
1609 1897 1784 1978 pretiosos.

313 1995 385 2073 θους
400 1995 529 2081 τιμίους.

355 2123 388 2166 ν.
408 2103 458 2183 19,
475 2103 528 2166 20.
545 2099 611 2165 Καί
624 2098 702 2178 λαός
717 2099 734 2164 ό
750 2097 932 2184 κτιζόμενσς
945 2095 1062 2163 αἰνέσει
1148 2119 1181 2166 v.
1199 2103 1250 2180 19,
1266 2103 1318 2165 20.
1333 2102 1527 2184 urpoprrlas
1548 2103 1607 2186 qui
1625 2105 1764 2182 creditur,
1783 2101 1853 2167 lort-

311 2206 366 2270 τὸν
391 2203 520 2289 Κύριον,
547 2205 594 2268 ότι
616 2202 768 2288 ἐξέκυψεν
789 2202 823 2282 ἐξ
845 2203 944 2287 ύψους
969 2200 1061 2287 ἀγίου
1105 2205 1390 2285 duiitDomioum,
1409 2207 1664 2287 qutaprovprait
1682 2207 1721 2271 dc
1735 2206 1855 2271 οαοσίσο

312 2311 421 2374 αὐτοῦ.
436 2308 553 2394 Κύριος
567 2308 601 2389 ἐξ
616 2310 750 2394 ούρανοῦ
773 2309 826 2372 έπί
840 2309 899 2393 τὴν
913 2315 976 2394 γῆν
990 2305 1061 2372 έπέ-
1105 2317 1214 2378 saaca
1228 2328 1296 2376 suo.
1311 2311 1471 2376 Dominus
1481 2309 1518 2374 dc
1529 2311 1603 2376 carlo
1613 2312 1651 2375 ιἰι
1666 2315 1789 2376 terrum
1803 2327 1855 2375 os·

315 2411 423 2498 βλεψε.
1099 2417 1203 2497 penit.

356 2515 444 2596 Λαός
459 2518 476 2584 ό
491 2516 683 2604 κτιζόμενος,
699 2517 729 2581 εί
741 2537 787 2595 τις
802 2516 837 2582 έν
851 2517 979 2602 Χριστῷ
994 2529 1063 2580 και·
1150 2521 1299 2600 Populus
1313 2525 1457 2601 creatus,
1472 2521 1502 2583 si
1514 2537 1582 2601 qua
1594 2524 1644 2584 est
1659 2537 1747 2583 nova
1761 2537 1852 2582 crea·

314 2624 352 2708 νὴ
370 2621 477 2699 κτίσις.
498 2659 536 2669 -
554 2622 599 2688 'ld
612 2622 805 2709 κνιζόμενον,
821 2623 892 2708 ητοι
914 2619 1008 2686 πόλιν
1030 2615 1062 2684 ἒ·
1103 2624 1152 2686 tio
1165 2623 1200 2686 in
1214 2623 1356 2688 christo.
1373 2628 1500 2689 Rursus
1512 2630 1668 2688 creatura
1679 2626 1739 2688 illa
1755 2641 1852 2687 mun-

313 2726 413 2792 στίνό
435 2725 563 2813 κόσμος,
579 2726 739 2811 έκατέρων
758 2726 793 2791 δέ
808 2726 911 2791 αὐτων
933 2725 951 2789 ό
972 2723 1060 2805 λαός,
1105 2727 1169 2790 dus
1196 2733 1257 2808 est,
1280 2734 1314 2791 et
1336 2745 1377 2791 ex
1400 2729 1564 2792 alterutra
1579 2733 1683 2807 gente
1697 2729 1854 2810 populus,

314 2832 370 2895 καί
382 2830 468 2918 τάχα
479 2841 533 2896 νῦν
549 2831 566 2895 ό
581 2830 645 2895 ἀπὸ
656 2839 717 2897 τῶν
732 2829 839 2898 ἒθνῶν.
849 2828 938 2894 -Εί
950 2830 993 2914 μη
1007 2828 1061 2892 obv
1105 2850 1144 2894 ao
1160 2831 1300 2896 fortasse
1315 2834 1410 2913 plebs
1432 2833 1600 2912 gentium.
1624 2868 1661 2878 —
1679 2833 1751 2896 Nisi
1772 2849 1855 2911 ergo

312 2931 466 3018 ἐξέκυψεν
488 2933 523 3014 ἒξ
545 2935 642 3020 ύψους
665 2932 757 3021 ἀγίου
773 2934 870 2998 αὐτοῦ
892 2935 910 2996 ό
933 2931 1060 3016 Κύριος,
1104 2936 1268 2999 Dominus
1285 2937 1328 3000 ab
1344 2939 1475 3010 excelso
1497 2941 1613 3001 sancto
1632 2953 1694 3000 suo
1717 2953 1856 3018 prospe-

313 3040 373 3104 οὐκ
387 3039 426 3104 ἂν
440 3041 559 3123 ᾔνησαν
574 3041 668 3104 αὐτόν
681 3040 768 3122 λαὸς,
781 3041 799 3102 ό
810 3035 1059 3122 ἔτικτιζόμενος,
1104 3042 1219 3120 nisset,
1238 3059 1349 3123 neque
1372 3061 1449 3106 eum
1465 3044 1612 3124 populus
1633 3041 1855 3120 laudavisset,

310 3145 368 3208 καί
383 3143 442 3220 ἕως
461 3153 519 3228 της
534 3142 713 3221 συντελείας
736 3141 927 3228 κνιζόμενος,
944 3139 986 3216 ὡς
1002 3138 1061 3204 πά-
1104 3147 1164 3227 qui
1179 3153 1314 3210 creatur
1335 3147 1445 3211 adhuc
1466 3153 1500 3210 et
1518 3153 1656 3215 creatur
1679 3163 1789 3228 usque
1808 3146 1852 3210 ad

312 3247 366 3312 λαι
381 3247 415 3326 έξ
431 3249 564 3332 ούρανοῦ
586 3248 638 3312 έπί
652 3250 711 3334 την
726 3255 787 3333 γην
811 3245 910 3331 ύρθη,
927 3246 982 3309 καί
996 3252 1060 3320 τοῖς
1103 3251 1428 3315 consummationem
1442 3253 1568 3332 saeculi,
1583 3253 1673 3316 sicut
1688 3252 1853 3315 Dominus

314 3350 487 3440 ἀνθρώποις
503 3352 753 3438 συνανεστράηη.
1104 3355 1185 3418 olim
1207 3373 1225 3418 e
1247 3355 1331 3419 ooelo
1354 3357 1390 3419 in
1412 3361 1503 3420 terra
1524 3359 1619 3421 visus
1640 3361 1699 3437 est,
1717 3361 1753 3419 et
1774 3374 1853 3419 cum

677 3465 684 3476 '
1104 3459 1297 3524 hominibus
1312 3466 1529 3525 conversatus
1546 3466 1606 3526 est.

354 3581 385 3626 v.
403 3563 455 3625 21.
478 3561 543 3627 'loo
566 3560 701 3625 ἀκούσαι
722 3567 777 3624 του
801 3565 978 3642 στεναγμοῦ
1000 3564 1061 3622 των
1147 3566 1240 3628 v.2l.
1256 3565 1851 3650 Utorult'retpcmttarcompcditorum,

311 3663 547 3751 πεπεδημένον,
563 3673 618 3730 τοῦ
634 3664 727 3729 λῦσαι
747 3664 821 3741 τοὺς
836 3660 921 3738 υἱοὺς
936 3669 998 3725 τῶν
1013 3680 1061 3725 τε·
1103 3671 1142 3734 ut
1154 3668 1389 3753 solveretstlios
1402 3671 1674 3752 interemptorem.

311 3767 548 3854 θανατωμένων.

355 3871 455 3938 Πὲδαι
470 3873 504 3937 δὲ
521 3873 582 3939 elev
597 3875 634 3938 τὸ
651 3873 742 3957 cupa
756 3879 813 3956 τῆς
828 3867 1059 3945 ταπεινώσεως·
1146 3878 1328 3960 Compedes
1350 3882 1464 3942 autem
1486 3878 1612 3943 dixeris
1635 3897 1707 3943 esse
1725 3894 1850 3961 corpus

310 3977 370 4043 uici
384 3979 419 4043 δὲ
434 3987 497 4044 τῶν
511 3974 773 4063 τεθανατωμένων
784 3976 911 4042 λύονται
926 3975 986 4038 ὑπὸ
1004 3983 1059 4039 τοῦ
1103 3981 1318 4062 humilitatis,
1330 3986 1366 4046 at
1376 3983 1439 4046 iilii
1451 3983 1703 4047 interfectorum
1713 3985 1851 4048 solvun-

310 4083 416 4168 λόγου.
433 4081 533 4149 Τίνων
548 4081 763 4167 taetriores
778 4077 998 4165 ἀντικειμένων
1010 4079 1060 4144 δυ
1103 4093 1160 4152 tur
1171 4089 1318 4152 averbo.
1329 4087 1782 4171 sedquorumnam‘filii‚nisi
1794 4106 1852 4171 po·

310 4187 451 4272 υάμεων;
467 4187 496 4251 σί
518 4188 580 4273 γάρ
603 4183 746 4270 πατέρες,
769 4185 813 4249 ὧν
835 4182 878 4260 ὡς
901 4182 1059 4262 ζὼντωνδ
1103 4197 1263 4257 testatum
1285 4193 1485 4256 rebellium?
1507 4195 1622 4256 Patres
1645 4195 1745 4273 enim,
1769 4210 1852 4274 quo-

309 4290 390 4368 Θεύς
412 4291 506 4372 ἐστιν,
530 4291 567 4355 ού
582 4287 806 4375 πεπεδημένων
828 4288 888 4352 eici
907 4285 1059 4372 πατέρες·
1104 4316 1180 4361 rum
1204 4303 1319 4378 utpote
1340 4298 1541 4378 viventium,
1561 4299 1660 4372 Deus,
1674 4304 1725 4361 est
1748 4298 1849 4377 Deus,

310 4396 472 4460 ἒλεύσετοιι
494 4395 562 4459 δὲδ
584 4393 701 4479 λέγων·
725 4390 998 4476 Τεθανατωμὲνωθ
1020 4401 1059 4476 τῇ
1103 4421 1172 4467 non
1195 4407 1276 4467 sunt
1297 4409 1408 4484 patres
1430 4401 1706 4483 compeditorum.
1730 4403 1853 4465 Veniet

310 4499 448 4585 ἁμαρτίᾳ
459 4507 521 4563 τῶν
532 4497 676 4581 πατέρων
688 4495 750 4562 υίοὶ
762 4495 920 4581 δεδεμένοι
932 4496 991 4560 ὑπό
1002 4504 1059 4560 τοῦ
1104 4513 1219 4572 autem
1236 4509 1295 4590 qui
1310 4507 1408 4571 dicit:
1433 4505 1690 4570 1nt0rfe0t0pum
1714 4521 1756 4567 ex
1778 4523 1854 4586 pec.

318 4603 423 4689 Λόγου
438 4603 575 4668 λύονται.
1105 4618 1179 4676 cato
1195 4616 1329 4693 patrum
1341 4609 1405 4674 iiiii
1416 4610 1563 4673 vinculis
1577 4610 1724 4690 exempti
1740 4612 1852 4674 aVer-

1103 4717 1146 4780 bo
1160 4717 1348 4780 solvuntur.

345 4907 372 4944 v.
386 4890 429 4956 19,
442 4889 486 4941 20.
500 4886 566 4940 Vnt.
579 4885 606 4954 4,
619 4886 643 4940 5.
657 4884 739 4941 Adeo
756 4901 856 4940 rarum
873 4884 959 4942 video
972 4883 1004 4940 in
1015 4884 1059 4940 hi·
1104 4880 1337 4955 quamproxime
1353 4878 1507 4954 expressis,
1527 4877 1660 4934 Cordarii
1677 4877 1736 4934 fido
1748 4883 1854 4948 tamem

309 4990 359 5029 ace
371 4972 491 5028 scholiis
503 4971 709 5028 commercium
721 4971 879 5042 Origenem
890 4970 968 5027 inter
981 4976 1011 5028 at
1020 4972 1060 5028 A·
1104 4969 1142 5026 ad
1154 4969 1369 5042 Apollinarium
1380 4965 1493 5022 referri.

310 5055 505 5132 pollinarium,
517 5063 551 5113 ut
569 5063 672 5112 noima
684 5057 733 5112 iric
747 5056 859 5129 juverit
875 5063 971 5113 totum
983 5058 1060 5114 hnnc
1140 5075 1167 5112 v.
1180 5057 1223 5111 21.
1237 5055 1303 5111 Vat.
1320 5055 1346 5109 4„
1365 5053 1513 5110 Nonnulla
1530 5051 1693 5108 obscuritas
1705 5051 1800 5108 oritur
1817 5069 1856 5110 ox

310 5148 414 5215 locum,
436 5162 495 5201 non
518 5163 554 5202 cx
574 5145 720 5202 sententia
741 5149 864 5214 tantum,
886 5143 938 5200 sed
962 5143 1060 5202 verbis
1105 5142 1177 5202 locis
1191 5140 1349 5214 Scriptura
1361 5139 1410 5199 vel
1422 5138 1538 5195 omissis
1550 5139 1598 5197 vel
1610 5138 1762 5196 truncatis.
