4006 6090
306 435 370 498 292
985 437 1195 501 ORIGENES

351 573 393 639 ut
403 595 450 652 τις
468 575 536 661 ἔχει
552 577 605 642 τὸν
621 571 717 660 λόγον
732 583 787 641 τοῦ
799 573 892 658 Θεοῦ,
908 577 964 639 καί
977 582 1057 660 χρῆ·
1146 578 1181 642 Si
1197 578 1273 659 quis
1296 579 1398 643 habet
1422 579 1572 644 Verbum
1595 579 1668 658 Dei,
1684 594 1790 660 eoque
1812 579 1848 642 in

307 697 358 743 ται
374 677 517 765 τῷλόγῳ
540 679 574 746 ἐν
597 680 685 764 πάσῃ
708 679 828 765 πράξει,
845 678 887 757 ὡς
909 681 991 774 ἔστιν
1014 679 1057 744 εί·
1102 682 1194 745 omni
1217 683 1349 747 actione
1372 684 1491 763 utitur,
1518 688 1557 747 ut
1586 683 1636 746 ita
1661 682 1783 762 dicam,
1805 683 1849 746 ad

307 793 387 867 πεῖν,
410 783 483 850 καθ’
494 786 630 850 ἕκαστον
646 783 734 870 βίίίίίι
749 781 885 869 ἐπαίρων
905 786 982 868 πρὸς
1003 784 1057 850 τὸν
1101 787 1258 864 singulos
1280 803 1419 866 gressus
1435 787 1553 868 pedem
1575 789 1698 852 tollens
1712 786 1755 850 ad
1776 803 1847 851 am·

305 889 486 973 περιπατεῖν
497 892 552 954 τόν
562 887 655 969 πόδα,
668 891 759 964 ούτος
771 887 807 952 οὐ
821 887 950 952 δύναται
961 907 1058 971 προσ·
1101 889 1299 970 bulandum,
1324 891 1380 955 hic
1406 909 1473 955 non
1503 895 1613 974 potest
1639 893 1846 972 impingere;

306 993 423 1077 κόψαι·
437 995 506 1079 ἔχει
520 995 582 1079 γὰρ
596 996 651 1058 τὸν
667 992 793 1078 λύχνον,
809 993 864 1057 καί
873 1000 991 1078 χρῆται
1004 992 1057 1056 ud-
1101 992 1204 1056 habet
1225 995 1316 1058 enim
1338 996 1512 1060 lucernam
1536 1012 1643 1079 eaque
1669 997 1787 1059 utitur.
1811 993 1847 1058 Si

305 1107 359 1184 τῷ.
376 1097 416 1162 Εἰ
438 1099 473 1162 δὲ
494 1097 689 1183 παρεδέξατο
705 1098 762 1183 μὲν
785 1099 838 1164 τὸν
859 1096 985 1183 λύχνον,
1001 1097 1057 1160 καί
1101 1113 1181 1160 vero
1195 1099 1368 1162 lucernam
1384 1100 1522 1181 quidem
1535 1099 1766 1182 assumpserit,
1781 1098 1848 1162 illi-

306 1203 461 1268 πιστεύειν
477 1204 561 1289 αύτῷ
585 1202 682 1284 δοκεῖ,
698 1203 736 1267 οὐ
760 1200 1001 1287 παραλαμβάνει
1022 1201 1057 1266 δὲ
1101 1202 1848 1284 quecrederevideatur,nonassumatautem

305 1308 400 1374 αύτόν
414 1307 448 1373 ἐν
462 1307 549 1392 πάσῃ
572 1305 692 1392 πράξει,
715 1305 820 1370 καλόν
842 1306 936 1370 παντί
950 1301 1057 1388 διαύή-
1101 1305 1195 1368 illam
1219 1306 1254 1370 in
1277 1307 1369 1370 omni
1391 1311 1480 1386 actu,
1504 1310 1538 1372 at
1559 1309 1595 1370 in
1618 1308 1710 1371 omni
1725 1323 1848 1386 gressu

305 1431 380 1496 ματι
395 1412 501 1493 αὐτοῦ,
519 1411 555 1474 ού
575 1419 691 1474 σκοπεῖ
711 1411 790 1495 μετά
808 1418 864 1474 τοῦ
883 1408 980 1493 λόγου
995 1416 1056 1472 ποῦ
1101 1426 1163 1472 auo
1175 1426 1242 1474 non
1253 1410 1441 1474 consideret
1452 1428 1530 1474 eum
1542 1412 1645 1476 verbo
1657 1412 1717 1475 ubi
1729 1411 1850 1492 pedem

303 1513 351 1598 θῷ
370 1515 424 1581 τόν
446 1514 529 1578 πόδα
552 1514 619 1596 (τόν
641 1513 725 1578 πόδα
747 1511 831 1597 λέγω
846 1521 903 1598 τῆς
925 1504 1055 1597 ψυχῆς),
1101 1513 1196 1594 figat,
1212 1513 1492 1598 (pedaminquam
1506 1513 1849 1598 rainaldumque

304 1619 396 1696 ούτος
411 1619 450 1702 δὴ
468 1617 641 1703 ἁμαρτάνει
655 1617 769 1701 διπλῆν
785 1615 953 1702 ἁμαρτίαν,
965 1617 1013 1682 ότι
1027 1617 1058 1680 ἔ·
1102 1621 1238 1699 peceato
1261 1617 1388 1699 duplici
1413 1624 1540 1701 peccat,
1568 1620 1657 1702 quod
1684 1621 1848 1684 nimirum

303 1739 356 1806 χει
370 1722 423 1786 τόν
438 1720 544 1806 λόγον,
567 1723 622 1787 καί
637 1722 673 1785 οῦ
688 1730 806 1806 χρῆται
829 1722 914 1806 αῦτῷ
939 1740 1057 1786 παντα-
1102 1721 1225 1786 habeat
1238 1723 1390 1804 verbum,
1402 1728 1437 1788 et
1447 1740 1486 1788 eo
1500 1741 1568 1787 non
1581 1724 1707 1805 ubique
1719 1727 1846 1802 utatur,

303 1833 374 1911 χοῦ,
388 1825 482 1892 οίονεί
492 1835 632 1903 τοιοῦτος
643 1823 823 1912 γεγένηται·
834 1824 983 1902 ἐλθόντος
993 1827 1055 1910 γὰρ
1101 1827 1240 1908 perinde
1254 1845 1293 1890 ac
1316 1827 1352 1891 in
1374 1831 1532 1909 promptu
1551 1826 1599 1892 fit.
1622 1827 1732 1890 Verbo
1753 1827 1846 1890 enim

302 1928 469 2016 τοῦλόγου
492 1931 555 1995 άπὸ
576 1939 639 1996 τῷν
661 1932 810 2016 οὐρανῶν,
835 1930 970 2008 ἔκαστος
993 1933 1054 1996 τῶν
1101 1930 1142 1994 de
1157 1932 1249 1995 eoelis
1263 1933 1432 2010 veniente,
1452 1933 1511 1995 illo
1526 1932 1665 1996 minime
1688 1931 1847 1994 imminu·

304 2034 521 2118 πιστευόντων,
547 2038 590 2122 μὴ
615 2035 801 2122 μειουμένου
826 2035 957 2119 ἐκείνου,
980 2034 1056 2121 ἀνῷ-
1100 2039 1145 2116 to,
1166 2037 1310 2118 quilibet
1331 2034 1483 2100 fidelium
1495 2037 1538 2099 ab
1561 2053 1600 2114 eo
1616 2037 1789 2100 lucernam
1811 2039 1848 2098 et

305 2161 364 2224 φεν
379 2138 435 2205 ἀπ’
446 2139 568 2206 ἐκείνου
582 2140 616 2205 ἐν
632 2139 733 2227 ἐαυτῷ
747 2144 801 2207 τόν
816 2141 934 2228 λύχνον
948 2142 1005 2205 καί
1019 2143 1054 2205 τὸ
1100 2141 1216 2204 lumen
1239 2142 1275 2203 in
1296 2141 1477 2222 semetipso
1498 2140 1661 2219 sucendit,
1683 2143 1717 2204 et
1735 2141 1784 2204 sic
1800 2139 1845 2204 ab

307 2251 384 2327 φῶς,
399 2245 454 2307 καί
469 2246 568 2322 οὕτως
588 2243 723 2329 άρ”ἐνός
746 2246 848 2330 φωτός
868 2244 980 2309 πολλοὶ
1001 2265 1054 2329 γε·
1075 2235 1079 2244 ’
1100 2261 1170 2308 una
1191 2244 1266 2308 luce
1288 2244 1445 2325 plurimae
1466 2246 1613 2308 luoernae
1628 2243 1724 2306 factas
1745 2247 1842 2324 aunt;

302 2345 411 2434 γόνασι
433 2346 552 2432 λύχνοι,
580 2349 636 2411 καί
664 2347 799 2426 ἕκαστος
829 2357 892 2414 τῦν
916 2348 1054 2434 ἐχόντων
1099 2351 1134 2411 et
1156 2365 1247 2412 uuus
1269 2349 1412 2429 quisque
1435 2364 1552 2412 eorum
1576 2349 1635 2428 qui
1650 2347 1761 2412 Verbo
1782 2347 1845 2410 Dei

304 2452 359 2514 τὸν
374 2449 513 2534 ἀρθέντα
535 2450 651 2538 λύχνον
665 2450 760 2538 Λόγῳ
782 2452 865 2521 Θεοῦ
887 2450 995 2538 λέγει·
1017 2451 1057 2518 ut
1099 2469 1274 2516 accensam
1300 2454 1475 2516 lucernam
1496 2451 1609 2531 habet,
1631 2451 1729 2515 dicit:
1751 2473 1768 2512 α
1792 2452 1846 2514 An

303 2553 436 2640 δοκιμὴν
465 2555 590 2640 ζητεῖτε
621 2565 677 2622 τοῦ
710 2556 744 2622 ὲν
777 2557 846 2642 ἐμοὶ
880 2556 1055 2634 λαλοῦντος
1099 2558 1369 2637 experimentum
1393 2557 1545 2638 quaeritis
1560 2556 1633 2637 ejus
1648 2556 1708 2637 qui
1730 2557 1766 2618 in
1789 2572 1844 2618 me

305 2657 446 2742 Χριστοῦ
460 2659 528 2726 κτλ.
546 2659 601 2726 Ἐν
612 2663 704 2726 παντί
715 2663 771 2725 οῦν
782 2668 882 2746 καιρῷ
896 2658 981 2739 ἅπαξ
995 2682 1055 2724 πα-
1099 2661 1251 2742 loquitur
1265 2661 1455 2725 Christus.»
1478 2663 1516 2724 In
1532 2661 1624 2724 omni
1639 2661 1748 2738 igitur
1762 2663 1847 2724 tem·

304 2761 494 2847 ραλαόόντες
520 2766 574 2830 τὸν
601 2763 695 2850 λόγον
722 2775 777 2830 τοῦ
806 2764 900 2845 Θεοῦ,
926 2764 1054 2851 μάλλον·
1098 2781 1178 2846 pore
1192 2782 1330 2847 prorsus
1344 2769 1516 2828 sumentes
1527 2763 1670 2828 verbum
1681 2765 1753 2844 Dei,
1766 2781 1845 2828 eum

303 2887 355 2944 τες
369 2877 465 2933 κινεῖν
481 2869 521 2933 τά
537 2867 675 2955 βήματα,
692 2870 756 2934 είτε
774 2869 808 2936 ἐν
823 2869 917 2956 λόγῳ,
933 2869 995 2933 εἴτε
1015 2870 1050 2934 ἐν
1098 2886 1237 2947 gressus
1260 2869 1384 2932 moturi
1410 2885 1539 2948 sumus,
1562 2869 1634 2932 sive
1661 2868 1697 2932 in
1730 2868 1844 2948 verbo,

305 2970 508 3057 διαλογισμῷ,
524 2971 719 3058 χρησώμεθα
733 2981 777 3057 τῷ
792 2972 897 3058 λύχνῳ
917 2974 1052 3058 ἐμπροσ-
1098 2974 1169 3038 sive
1193 2974 1228 3037 in
1251 2991 1360 3056 opere,
1383 2974 1454 3038 sive
1477 2973 1513 3036 in
1531 2973 1747 3052 cogitatione,
1771 2976 1845 3036 uta·

304 3072 358 3138 θεν
372 3074 479 3160 ἡμῶν·
495 3077 596 3153 οῦδείς
610 3078 671 3162 γὰρ
687 3076 804 3162 λύχνον
820 3077 915 3161 ἅψας,
931 3075 1052 3142 καλύπ-
1097 3095 1175 3141 mur
1195 3078 1335 3142 lucerna
1350 3078 1385 3140 in
1401 3081 1584 3156 conspectu
1599 3080 1722 3140 nostro.
1748 3079 1845 3140 «Ne-

303 3199 349 3242 τει
365 3180 459 3244 αὐτὸν
475 3179 590 3246 σκεύει.
1098 3198 1152 3244 mo
1167 3183 1259 3245 enim
1274 3180 1459 3246 accendens
1471 3180 1659 3260 lucernam,
1672 3181 1847 3245 abscondit

1098 3303 1173 3350 earn
1188 3286 1252 3350 sub
1268 3287 1389 3350 modio.
1406 3308 1423 3346 υ

347 3386 412 3452 Καὶ
436 3389 504 3474 μετ’
518 3389 620 3475 ὀλίγα.
644 3388 769 3477 Λύχνος
794 3390 878 3456 ίστὶν
904 3389 922 3454 ὁ
948 3389 1053 3477 Λόγος
1140 3390 1186 3453 Et
1193 3393 1270 3470 poet
1279 3390 1400 3472 αίίριοα.
1418 3392 1569 3454 Lucerna
1584 3394 1635 3454 est
1645 3405 1756 3452 sermo
1770 3389 1843 3468 Dei,

304 3501 360 3557 τοῦ
383 3490 466 3559 Θεοῦ
488 3495 523 3559 ὃν
539 3493 732 3579 παρεδέξατό
756 3515 811 3576 τις,
835 3493 873 3560 δι’
885 3497 922 3558 ού
941 3494 1052 3561 πεπίσ-
1098 3509 1199 3574 quam
1216 3494 1275 3574 qui
1297 3495 1446 3574 suscepit
1458 3511 1519 3576 per
1541 3494 1605 3558 hoc
1628 3492 1717 3575 quod
1737 3493 1844 3558 credi-

303 3615 394 3661 τευκε
418 3605 461 3682 τῷ
476 3596 558 3682 Θεῷ,
582 3599 672 3674 ούτος
694 3599 748 3664 ούν
772 3600 853 3663 ἔστω
874 3601 1051 3683 καιόμενος,
1096 3595 1147 3658 dit
1170 3596 1250 3676 Deo,
1266 3595 1337 3660 haec
1361 3597 1475 3677 itaque
1498 3598 1544 3660 sit
1558 3597 1678 3660 ardens
1703 3601 1736 3660 et
1757 3615 1844 3661 nun-

301 3702 356 3764 καί
371 3701 530 3785 μηδέποτε
545 3701 731 3788 σβεννύσθω.
748 3701 822 3779 Φῷς
838 3700 970 3780 δικαίοις
986 3704 1051 3767 δια·
1097 3716 1200 3779 quam
1220 3701 1452 3778 extinguatur.
1471 3721 1487 3760 υ
1512 3701 1584 3764 Lux
1602 3699 1706 3780 J'ustis
1727 3717 1844 3783 perpe·

302 3806 418 3882 παντὸς
435 3804 592 3890 [καίεταιβ
609 3815 674 3891 ρῦς
690 3806 725 3870 δὲ
740 3806 862 3892 ἀσεβῶν
878 3805 1050 3874 σβέννυται.
1097 3806 1155 3866 tuo
1167 3803 1268 3884 lucet,
1279 3805 1340 3867 lux
1351 3809 1466 3867 autem
1479 3803 1659 3883 impiorum
1672 3803 1845 3882 extingui-

302 3907 367 3973 Καί
389 3910 423 3974 ἐν
443 3918 482 3995 τῷ
503 3920 606 3996 σκηνῇ
621 3921 677 3976 τοῦ
694 3908 862 3996 μαρτυρίου
885 3910 999 3997 λύχνος
1015 3913 1051 3976 ά-
1096 3908 1182 3968 tur.»
1196 3908 1308 3970 Etiam
1316 3909 1352 3971 iu
1363 3907 1579 3971 tabernaculo
1591 3907 1776 3970 testimonii
1791 3907 1843 3970 lu·

300 4031 422 4093 πτεται,
438 4013 489 4079 ίνα
504 4014 533 4079 oi
548 4015 751 4099 λατρεύοντες
767 4022 810 4100 τῷ
827 4013 899 4099 Θεῷ
915 4013 1052 4100 βλέπωσι
1096 4028 1197 4074 cerna
1219 4011 1424 4091 accenditur,
1444 4016 1483 4075 ut
1504 4011 1541 4075 hi
1565 4013 1624 4090 qui
1647 4011 1844 4074 ministrant

300 4118 354 4181 τόν
370 4116 495 4203 λύχνον,
511 4120 565 4183 καί
581 4119 637 4196 τάς
649 4117 797 4203 λατρείας
813 4117 977 4184 ἑπτελῦσι
988 4141 1051 4205 pu-
1096 4115 1175 4194 Deo,
1187 4116 1361 4179 lucernam
1376 4115 1522 4196 videant,
1534 4121 1568 4179 et
1578 4115 1769 4179 ministeria
1782 4131 1846 4177 sua

302 4219 459 4306 τιζόμενοι
473 4222 525 4287 ὑπ’
540 4224 654 4287 α’ῦτοῦ·
670 4225 769 4301 οὕτως
779 4223 814 4288 ἐν
825 4232 865 4308 τῇ
877 4232 980 4308 σκηνῇ
996 4232 1051 4290 τοῦ
1097 4220 1264 4300 expleant,
1280 4219 1323 4282 ab
1338 4221 1398 4282 illa
1412 4221 1590 4283 illustrati:
1610 4220 1659 4282 eie
1675 4219 1711 4281 in
1735 4217 1845 4282 taber·

302 4325 480 4410 μαρτυρίου,
496 4327 568 4412 ἤτοι
583 4336 621 4412 τῇ
638 4324 804 4412 ἐκκλησίᾳ,
827 4325 942 4412 λύχνος
958 4328 1052 4392 ἅπτε-
1097 4323 1218 4386 naculo
1233 4325 1429 4404 testimonii,
1444 4323 1478 4386 id
1494 4325 1595 4387 estin
1616 4322 1777 4401 Ecclesia,
1792 4322 1843 4384 lu-

300 4448 361 4492 ται.
385 4424 423 4493 ‘0
445 4428 561 4514 λύχνος
583 4438 638 4493 τοῦ
661 4428 805 4514 σύματός
828 4429 912 4495 ἐστιν
933 4429 1049 4515 ὀφθαλ-
1096 4443 1197 4490 oerna
1208 4429 1412 4492 accenditur.
1430 4449 1448 4487 «
1465 4428 1617 4490 Lucerna
1631 4426 1780 4507 corporis
1791 4430 1844 4488 est

301 4532 377 4616 μός·
391 4533 482 4608 ούτος
497 4531 514 4596 ὁ
529 4531 690 4619 ὀφθαλμός
706 4535 749 4619 μὴ
766 4531 884 4619 λεγέτω
900 4541 939 4618 τῇ
956 4531 1049 4620 χειρί·
1096 4533 1224 4595 oculus.
1251 4532 1344 4594 «Hic
1363 4533 1482 4595 oculus
1504 4548 1572 4594 non
1593 4529 1685 4594 dicat
1705 4529 1841 4592 manui:

298 4707 410 4764 frustra
426 4709 581 4765 Corderins
599 4710 657 4766 huc
673 4711 742 4766 illuc
760 4711 911 4768 interserit
932 4713 1051 4770 nomina
1093 4707 1148 4763 bus
1159 4709 1233 4764 meis
1249 4707 1360 4764 Verbum
1371 4711 1487 4776 tunm„
1501 4703 1533 4760 id
1554 4703 1632 4776 quod
1653 4701 1773 4758 memini
1792 4718 1841 4757 me

299 4795 454 4866 Theodori,
467 4793 595 4869 Didymi,
608 4797 738 4853 Eusebii.
756 4797 784 4852 Λ
796 4798 924 4871 Didymo
942 4804 973 4855 et
992 4800 1050 4855 Eu·
1093 4793 1193 4851 videre
1205 4795 1237 4849 in
1246 4794 1344 4865 aliquo
1353 4793 1597 4849 codiceDuaceno
1607 4807 1672 4846 τωο.
1683 4805 1730 4850 xn
1739 4787 1776 4844 ab
1784 4788 1842 4844 ela·

299 4883 381 4939 sebio
391 4882 489 4938 omnia
502 4883 619 4940 exulare
629 4883 782 4957 jusserunt
790 4883 886 4940 Maius
896 4890 927 4941 et
937 4885 1051 4942 Monte·
1093 4881 1215 4952 guntulo
1232 4881 1343 4954 pictore
1367 4877 1477 4935 affabre
1499 4895 1564 4934 cum
1585 4875 1722 4950 penicillo
1740 4873 1841 4930 adum·

298 4968 450 5038 falsarius,
475 4967 512 5024 ab
535 4969 677 5042 allegoria
698 4971 923 5044 Mopsuestenus
945 4971 1050 5026 abhor·
1093 4966 1218 5022 bratum
1232 4965 1343 5022 Inloco
1356 4965 1464 5022 litteras
1481 4963 1610 5036 majoris,
1624 4960 1662 5018 ab
1679 4959 1765 5017 initio
1776 4976 1841 5018 rer-

298 5061 359 5125 ret;
378 5056 475 5112 omnia
486 5055 524 5112 ab
537 5073 595 5113 uno
613 5075 663 5114 ore
682 5058 874 5115 Alexandrini
892 5057 996 5114 fluunt.
1017 5089 1050 5100 -
1094 5053 1188 5123 siculi,
1200 5053 1315 5125 puellus
1324 5057 1411 5123 astat,
1422 5051 1460 5108 ad
1471 5050 1555 5124 cujus
1566 5047 1671 5124 pedem
1681 5047 1768 5120 ρίεοίε
1777 5045 1841 5106 sive

299 5141 340 5198 Ut
351 5143 472 5214 vulgata
484 5142 627 5215 Origenes
645 5143 775 5215 legebat:
795 5145 953 5202 “Lucerna
969 5144 1049 5218 pedi·
1093 5143 1166 5210 ἰχθύς
1177 5139 1293 5197 emicat.
