4006 6090
303 410 367 472 278
984 414 1194 477 ORIGENES

351 570 382 614 v.
402 553 452 616 70.
469 550 629 636 Ἐτυρίιθη
653 549 694 628 ὡς
709 549 794 636 γάλα
815 549 836 635 ἡ
860 550 976 635 καρδία
999 553 1052 616 αθ·
1140 574 1171 619 ν.
1188 556 1240 619 70.
1261 556 1469 640 &aquinum
1484 560 1535 620 est
1547 557 1633 622 είιιιί
1647 557 1698 622 loc
1723 573 1777 623 cor
1799 575 1847 620 ιυ-

305 663 376 734 τῶν,
392 653 455 738 ἐγὼ
471 655 507 720 δέ
522 657 575 720 τὸν
589 654 684 740 νόμον
700 676 757 719 σου
772 653 960 739 έμελέτησα.
1095 652 1181 738 rom,
1200 675 1254 743 eqo
1268 678 1342 726 uero
1357 663 1458 744 lupam
1475 664 1567 726 tilam
1580 661 1754 726 maiolus
1764 678 1845 726 ειιιιι.

348 756 457 843 Λεπτη
476 760 531 844 μέν
553 759 653 844 ἡτῶν
675 756 781 844 ἁγίων,
803 757 880 824 πίων
896 756 967 842 usi]
991 762 1052 825 των
1141 764 1255 827 Tenue
1283 768 1317 827 et
1340 765 1465 828 subtile
1482 770 1533 828 ost
1556 782 1613 828 cor
1640 771 1844 844 sanctorum,

305 863 515 948 ὑπερηφάνων
530 861 654 950 καρδία.
1094 867 1223 946 pingue
1240 872 1352 932 autem
1376 873 1410 932 et
1439 887 1591 932 crassum
1613 885 1670 934 cor
1684 868 1841 949 superbo

1098 989 1184 1034 rum.

347 1093 379 1152 v,
398 1074 448 1136 71.
465 1070 604 1156 Ἀγαθάν
627 1092 679 1158 μοι
700 1073 746 1136 ὅτι
766 1070 978 1151 ἐταπείνωσάς
1001 1094 1049 1159 με,
1136 1092 1168 1136 v.
1185 1075 1237 1138 71.
1251 1075 1376 1138 Βοιιιιιιι
1390 1074 1534 1140 ιιίιιιιἹιι·
1548 1075 1627 1155 quia
1653 1071 1841 1138 humiliasti

305 1176 388 1252 ὅπως
404 1176 442 1240 ἂν
459 1176 547 1261 μάθω
562 1178 602 1241 τά
617 1176 813 1262 δικαιώματά
829 1198 896 1243 σου.
1092 1194 1151 1256 ναι,
1169 1181 1208 1240 toi
1221 1177 1344 1242 discum
1354 1179 1612 1261 justificationes
1627 1182 1711 1244 ίιιαε.

347 1279 694 1365 Εὐαρεστοθμενοςτοίς
703 1279 859 1358 ἐπιπόνοις
867 1292 1051 1368 πειρασμοῖς
1137 1282 1279 1344 Gratum
1306 1281 1435 1346 habens
1458 1299 1529 1346 esse
1553 1282 1589 1345 in
1612 1283 1740 1363 asperis
1763 1301 1849 1346 aeru·

304 1386 359 1448 ιιαί
375 1385 603 1468 περιστάσεσιν,
619 1385 709 1450 άτινα
724 1384 793 1461 έθος
813 1384 997 1452 ταπείνωσιν
1020 1389 1051 1451 δ·
1094 1401 1253 1448 mnarum
1269 1387 1417 1466 casibus,
1434 1387 1493 1467 qui
1517 1387 1626 1450 solent
1646 1387 1714 1450 dici
1737 1386 1848 1450 bumi-

303 1487 503 1574 νομάζεσθαι,
518 1488 618 1553 ταῦτά
634 1509 739 1573 φησιν,
756 1487 829 1552 ὡσεί
844 1488 970 1574 ἔλεγεν·
989 1489 1051 1555 Eo
1093 1490 1199 1570 liatio,
1223 1490 1295 1556 baec
1311 1491 1359 1553 ait
1373 1507 1411 1554 ac
1425 1492 1455 1554 si
1471 1490 1617 1555 diceret:
1637 1491 1746 1554 «Mihi
1761 1507 1849 1553 eom-

303 1593 387 1658 δοκῶ
413 1593 447 1657 έν
469 1591 651 1675 ἀσθενείαις,
679 1593 713 1657 ἐν
740 1591 872 1676 θθρεσιν,
899 1593 932 1658 έν
955 1591 1052 1679 ἀνάγ·
1092 1597 1208 1676 placeo
1231 1596 1268 1660 in
1290 1595 1560 1675 infirmitatibus,
1590 1596 1627 1658 in
1650 1593 1848 1677 opprobriis,

302 1717 384 1778 παις,
411 1696 444 1761 ἐν
467 1697 622 1782 διωγμοῖς,
650 1695 683 1760 έν
706 1695 943 1781 στενοχωρίαις,
963 1697 1051 1763 ἵν’ἐκ
1094 1702 1129 1763 in
1146 1701 1414 1780 necessitutibus
1427 1701 1461 1762 in
1485 1699 1693 1778 angustiis»
1712 1703 1751 1761 ut
1767 1699 1848 1761 dum

304 1809 359 1866 τοῦ
375 1811 474 1866 ταῦτα
489 1799 768 1886 ὑπομεμενηκέναι,
786 1801 870 1879 άξιος
885 1801 980 1887 αριθω
996 1811 1051 1867 τοῦ
1094 1806 1179 1869 illud
1202 1806 1412 1884 sustulerim,
1432 1805 1559 1884 dignus
1578 1803 1706 1868 efficiar
1720 1802 1849 1866 discere

306 1904 473 1990 μανθάνειν
488 1905 528 1969 τά
539 1904 736 1990 δικαιώματά
751 1928 817 1988 σου,
832 1909 955 1984 οὐδενὸς
971 1908 1053 1972 αὐτά
1094 1908 1357 1988 justificaoones
1378 1915 1465 1990 tuas,
1485 1927 1590 1990 quum
1607 1925 1706 1972 nemo
1722 1925 1779 1971 eas
1798 1908 1849 1970 in·

302 2009 473 2095 είδομένου,
498 2012 541 2094 μὴ
559 2009 710 2094 πρότερον
733 2011 974 2089 ταπεινωθέντας
996 2016 1052 2077 καί
1101 2013 1249 2093 telligat,
1266 2013 1332 2076 uisi
1348 2015 1442 2094 prius
1468 2013 1668 2076 humiliatus
1690 2011 1794 2076 fuerit
1816 2014 1851 2074 et

304 2115 338 2178 έν
352 2113 481 2190 πολλοῖς
496 2112 668 2199 θλιβέντος.
1094 2119 1130 2181 in
1144 2119 1260 2181 multis
1277 2117 1432 2182 afflictus.

346 2238 377 2282 v.
396 2221 446 2282 72.
464 2217 601 2302 Ἀγαθάν
618 2239 669 2303 μοι
684 2219 701 2284 δ
717 2218 810 2305 νθμος
825 2229 881 2286 τοῦ
896 2219 1050 2307 στόματός
1137 2239 1168 2282 ν.
1184 2220 1236 2284 72.
1258 2222 1383 2284 Butram
1404 2220 1553 2284 mikilos
1575 2221 1643 2288 oris
1658 2219 1722 2298 tui,
1749 2237 1847 2301 super

304 2342 361 2386 σου
376 2323 454 2406 ὑπὲρ
469 2321 613 2407 χιλιάδας
627 2323 758 2408 χρυσίου
774 2326 828 2387 καὶ
844 2323 1001 2410 άργυρίου.
1092 2324 1204 2387 baillia
1218 2325 1296 2387 cori
1307 2328 1340 2388 ci
1354 2324 1490 2406 ιιιροιιίί.

345 2425 621 2511 Εθαρεστοίιμενος
638 2427 705 2492 ἀντὶ
720 2437 785 2510 τοῦ,
798 2427 918 2513 ἀγαθάν
934 2451 986 2515 μοι
1001 2430 1050 2494 έσ-
1140 2427 1343 2490 Gratissima
1366 2427 1462 2506 mibi,
1486 2427 1557 2490 sive
1580 2427 1708 2492 bonum
1721 2433 1773 2492 cst
1793 2431 1849 2492 lex

301 2551 349 2596 τιν
364 2530 381 2594 ὁ
397 2528 498 2614 νόμος,
515 2532 551 2596 δν
575 2531 637 2595 άπὸ
652 2541 708 2595 τοῦ
730 2531 884 2617 στόματός
907 2555 963 2598 σου
979 2533 1051 2598 έλά-
1069 2503 1081 2530 Ι
1100 2549 1201 2612 quam
1219 2550 1261 2594 ex
1276 2548 1333 2594 ore
1349 2535 1408 2594 tuo
1424 2533 1604 2612 protulisti.
1622 2533 1665 2594 Os
1690 2548 1770 2596 vcro
1795 2537 1850 2596 tu-

302 2636 414 2720 λησας.
431 2635 539 2722 Στάμα
554 2634 588 2699 δέ
604 2657 660 2700 σου
676 2636 693 2700 ὁ
709 2635 844 2719 Χριστός
860 2638 937 2701 ἐστι·
952 2659 1050 2701 κατα-
1095 2653 1153 2698 um
1170 2636 1323 2700 Christus
1354 2641 1414 2700 est.
1437 2636 1594 2717 Despicio
1623 2637 1714 2698 enim
1740 2637 1850 2700 millia

305 2749 408 2824 φρονῶ
423 2739 485 2825 γάρ
508 2739 658 2825 χιλιάδων
673 2738 803 2825 χρυσίου
825 2740 880 2803 καί
899 2737 1049 2825 ἀργυρίου
1094 2741 1173 2803 auri
1190 2744 1224 2803 et
1238 2741 1384 2820 argenti,
1405 2742 1636 2822 potiusquam
1659 2739 1754 2804 fruar
1771 2742 1850 2820 lege

304 2947 358 3025 τάς
374 2968 440 3012 σου.
457 2946 641 3012 Advocandi
656 2969 702 3025 τις
717 2949 772 3010 καί
787 2946 880 3032 νόμον
896 2946 1050 3033 στόματος
1101 2950 1222 3013 seriem
1244 2951 1457 3013 oraculorum
1476 2966 1563 3029 quae
1586 2951 1852 3030 pronuntiantur

305 3051 408 3138 λέγειν
428 3054 485 3138 τὴν
508 3051 593 3130 τάξιν
615 3053 676 3116 τῶν
694 3049 974 3137 χρηματιζομένων
996 3053 1051 3114 καὶ
1104 3056 1303 3118 etdicuntur
1314 3072 1375 3136 per
1387 3073 1423 3118 os
1436 3056 1508 3133 Dei,
1521 3071 1666 3135 quorum
1678 3056 1787 3135 prima
1799 3073 1851 3118 re-

304 3156 481 3243 λεγομένων
496 3156 548 3221 διά
562 3156 718 3240 στόματος
733 3155 826 3237 Θεοῦ,
842 3163 905 3221 τῶν
919 3155 1050 3238 πρώτων
1098 3159 1248 3221 citantur
1263 3159 1304 3220 iis
1314 3159 1372 3239 qui
1385 3176 1501 3221 recens
1513 3159 1738 3240 instruuntur,
1751 3163 1851 3240 etpo-

304 3271 369 3338 τσίς
384 3258 596 3345 εἰσαγομένοις
619 3258 807 3345 λεγομένων,
823 3260 877 3322 καὶ
900 3257 1051 3343 δευτέρων
1096 3263 1238 3325 steriora
1257 3262 1299 3325 iis
1312 3263 1370 3342 qui
1383 3263 1496 3343 priora
1511 3268 1743 3344 susceperunt,
1756 3269 1790 3327 et
1800 3266 1851 3329 sic

304 3373 371 3441 τοῖς
385 3366 425 3429 τά
441 3364 577 3448 πρότερα
591 3363 785 3448 άνειληράσι,
806 3365 859 3426 καὶ
875 3365 955 3427 οθτω
979 3363 1051 3428 καθ’
1096 3367 1265 3447 deinceps,
1282 3383 1390 3446 usque
1407 3365 1488 3429 dum
1504 3383 1602 3446 porro
1622 3367 1761 3448 perfecti
1776 3367 1849 3432 iue-

307 3469 379 3554 ἑξης
395 3470 453 3547 ἕως
468 3471 504 3533 οίι
518 3468 729 3532 τελειωθῶσιν.
1096 3473 1175 3533 rint.

348 3599 379 3642 ν.
406 3579 455 3641 73.
480 3575 521 3641 Αἱ
543 3573 646 3661 χεῖρές
672 3595 729 3638 σου
756 3573 908 3658 ἐποίησάν
937 3594 975 3658 με
997 3575 1052 3638 καί
1140 3593 1171 3638 v.
1189 3576 1241 3639 73.
1258 3577 1378 3640 Manus
1393 3578 1454 3639 ίιια
1467 3573 1621 3656 secarunt
1635 3591 1693 3654 otc,
1708 3579 1740 3639 et
1754 3575 1848 3656 plus·

307 3669 449 3746 έπλασάν
461 3702 510 3765 με·
522 3678 679 3744 συνέτισάν
693 3700 731 3764 με
739 3680 793 3742 καὶ
804 3677 985 3764 μαθήσομαι
996 3679 1052 3754 τάς
1095 3684 1265 3744 account
1278 3697 1340 3759 ιιιιρ
1354 3680 1396 3744 da
1412 3679 1494 3743 milti
1515 3678 1722 3758 intellectum,
1747 3683 1779 3742 ct
1799 3678 1850 3742 di-

308 3783 438 3860 ἐντολάς
453 3806 519 3849 σου.
1096 3783 1348 3848 acommodata
1363 3789 1430 3849 too.

353 3982 515 4042 linimus
531 3979 568 4042 ιἰι
590 3997 620 4042 ο.
648 3981 690 4044 72
719 3983 762 4044 Os
785 3983 899 4042 autem
913 3978 975 4041 Dei
1003 3981 1054 4040 est
1141 3979 1330 4040 Auasosrus
1345 3977 1420 4040 ibid.
1437 3979 1501 4042 Hic
1515 3980 1624 4060 aliqui
1650 3980 1763 4057 legem
1777 3978 1847 4041 oris

312 4068 1054 4149 ille,quietvirtusDeiest,quietsapientia
1098 4065 1159 4128 Dei
1181 4069 1354 4146 tamquam
1379 4066 1491 4143 legem
1526 4068 1630 4131 Verbi
1668 4069 1729 4131 Dei
1762 4066 1849 4131 acci-

306 4157 368 4219 Dei
385 4162 444 4234 est,
462 4157 521 4238 qui
538 4158 652 4234 imago
668 4159 727 4220 Dei
745 4163 804 4236 est,
821 4157 911 4219 Deus
923 4155 1055 4220 scilicet
1098 4154 1205 4235 piunt,
1225 4161 1264 4216 ut
1279 4155 1307 4216 si
1323 4154 1416 4218 dicas
1432 4157 1545 4234 legem
1561 4157 1711 4220 dexteras
1728 4156 1800 4218 Dei.

306 4249 341 4307 et
355 4247 519 4309 Dominus
532 4250 644 4308 noster
654 4247 754 4309 Jesus
767 4245 931 4309 Christus.

340 4467 367 4506 v.
383 4450 425 4505 70.
438 4449 504 4506 Vat.
517 4449 543 4519 4,
558 4449 583 4503 5.
1135 4467 1163 4506 v.
1178 4447 1221 4503 73.
1234 4447 1302 4505 vac.
1320 4448 1346 4519 4,
1360 4449 1439 4518 5,1o.
1453 4447 1613 4504 Incidimus
1625 4448 1656 4504 in
1678 4448 1774 4504 locum
1784 4447 1851 4506 Ori-

340 4555 368 4594 ν.
383 4537 425 4592 71.
434 4536 512 4592 ·Ibid.
524 4535 624 4594 11Gor.
638 4552 678 4607 vr,
689 4536 715 4591 4.
726 4537 868 4605 Εἱάομένου
880 4553 934 4610 pro
945 4539 1056 4603 εἰδότος.
1099 4535 1183 4606 genis
1196 4534 1349 4606 insignem,
1360 4553 1412 4590 suo
1425 4535 1542 4592 nomine
1557 4535 1664 4590 iterum
1676 4533 1851 4608 inscriptum

341 4641 370 4680 ν.
385 4623 427 4679 72.
440 4623 506 4678 vac.
519 4623 545 4693 4,
559 4623 601 4690 11,
615 4621 657 4676 16.
1099 4621 1131 4676 in
1142 4621 1358 4677 commentariis
1370 4621 1519 4677 variorum
1530 4622 1732 4694 interpretum.
1746 4620 1846 4676 Diser-

339 4727 367 4766 ν.
381 4709 425 4763 ta.
439 4709 504 4765 vat.
518 4708 543 4778 θ,
556 4709 581 4776 9,
596 4709 636 4761 11.
654 4706 822 4762 Formulam
844 4723 971 4778 agnosce
993 4707 1054 4762 Me·
1098 4715 1128 4764 ta
1142 4707 1218 4762 enirn
1231 4725 1337 4763 nomen
1350 4706 1486 4778 Origsnis
1499 4707 1627 4762 refertur
1639 4706 1670 4761 in
1683 4707 1747 4779 ipso
1765 4705 1848 4760 scho-

305 4796 408 4852 litonis
420 4796 456 4851 ab
469 4794 562 4866 initio,
576 4801 607 4850 st
619 4795 649 4850 in
662 4795 719 4850 fine
741 4795 849 4850 classes
871 4795 1052 4850 catechnms-
1096 4793 1137 4848 lio
1150 4792 1227 4866 apud
1237 4794 1459 4865 Theodoretum,
1470 4801 1500 4849 at
1510 4795 1698 4866 Anonymum
1714 4789 1847 4846 Cordorii

306 4901 418 4954 norum,
432 4889 555 4953 utroque
568 4883 633 4937 loco
646 4887 749 4937 notatu
763 4881 944 4952 dignissimo,
957 4897 991 4936 ao
1003 4899 1053 4938 va·
1097 4885 1185 4949 atque
1198 4879 1365 4950 Eusebium,
1381 4877 1609 4934 Montefalconio
1623 4884 1801 4946 recensente,
1815 4885 1847 4932 st

307 4968 388 5024 leant
399 4975 460 5024 tres
472 4968 566 5024 nostri
579 4968 693 5023 codices
706 4975 808 5023 contra
820 4967 990 5024 Corderium
1003 4967 1053 5038 qui
1097 4965 1288 5020 confirmante
1312 4973 1371 5021 vat.
1392 4967 1417 5020 b.
1436 4967 1477 5022 At
1494 4965 1624 5021 codicem
1642 4963 1846 5020 Barbarinium

306 5055 364 5110 huo
376 5054 496 5127 Didymi
508 5072 613 5110 noman
625 5055 754 5126 intrusit,
773 5055 851 5128 quod
872 5052 969 5110 Maius
987 5054 1054 5126 jura
1099 5070 1143 5122 nr,
1156 5053 1190 5107 59
1203 5051 1345 5124 aperiens,
1358 5051 1449 5107 incidi
1460 5053 1492 5108 in
1503 5051 1559 5106 hoo
1571 5051 1685 5120 lemma,
1699 5065 1755 5120 quo
1769 5054 1799 5103 at
1809 5048 1848 5104 ad

309 5159 328 5196 a
341 5159 394 5196 suo
407 5140 533 5214 Didymo
545 5139 696 5213 expunxit.
1098 5155 1161 5194 rem
1175 5143 1351 5196 convocatur
1363 5137 1448 5209 quasi
1465 5137 1572 5192 chorus
1583 5141 1717 5194 veterum
1728 5141 1849 5208 patrum
