4006 6090
300 426 365 488 298
971 429 1180 493 ORIGENES

345 562 481 640 Μῦνοςδ
504 567 601 650 σορὸς
623 563 733 642 δοῦλός
756 563 821 628 ἐστι
840 571 898 647 τῆς
919 563 1047 650 σοφίας·
1138 572 1235 634 Solus
1251 572 1384 652 sapiens
1405 579 1455 636 est
1469 573 1643 654 sapientiae
1666 589 1792 654 servus,
1806 582 1840 638 et

303 667 396 754 μόνος
412 665 429 732 δ
445 665 563 745 δίκαιος
587 668 697 747 δοῦλος
712 678 769 754 της
785 667 984 753 δικαιοσύνης
999 669 1049 734 io·
1094 675 1186 737 solus
1197 672 1322 753 iustus,
1335 673 1489 756 justitiae,
1501 679 1590 741 siout
1601 679 1730 744 Paulus
1742 698 1777 744 se
1791 683 1841 743 io·

301 772 357 837 τίν.
382 769 473 837 Οῦτω
496 773 551 836 καὶ
573 771 684 837 ἑαυτὸν
703 771 830 850 Παῦλος
851 771 1050 859 προέγραφεν
1094 778 1228 858 scripsit
1242 795 1377 842 servum
1392 781 1476 844 Jesu
1492 781 1626 845 Christi.

300 876 413 941 δοῦλον
428 874 534 960 Ἰησοῦ
550 873 702 960 Χριστοῦ.

339 981 557 1062 ν.126,127.
582 979 701 1066 Καιρδς
716 990 770 1046 τοῦ
786 987 915 1065 ποιησαι
926 988 970 1066 τῷ
981 978 1046 1046 Κυ-
1137 1003 1169 1048 v.
1188 985 1261 1048 126.
1279 988 1415 1068 aaapas
1427 985 1589 1068 faciendi,
1608 989 1751 1068 Domina,
1773 989 1839 1054 ais-

300 1083 366 1170 ρίιρ,
382 1081 588 1150 ozena-ua
610 1088 664 1152 τὸν
678 1086 773 1172 νόμον
789 1107 868 1152 σου·
891 1086 942 1152 διὰ
956 1097 1049 1151 τοῦτο
1093 1089 1283 1169 στ’ρωοειιαιί
1305 1089 1405 1173 ίερσπν
1418 1095 1518 1170 tuam,
1539 1091 1608 1156 ideo
1628 1092 1731 1156 aiiaai
1748 1111 1840 1158 maa·

299 1188 456 1276 ἡγάπησοι
470 1191 527 1269 τὰς
542 1187 672 1266 ἐντολάς
685 1211 745 1255 σω
755 1191 838 1275 ἢ
849 1188 982 1275 χρυσίον
994 1191 1048 1255 καὶ
1093 1189 1171 1256 daia
1186 1193 1243 1256 iao
1257 1208 1356 1274 saper
1369 1207 1487 1258 aarum
1498 1197 1530 1258 ei
1544 1195 1697 1275 iopaaima.

301 1292 463 1371 τοπάζιον.

346 1397 465 1482 Καιρδς
480 1398 515 1463 δὲ
538 1396 689 1482 κεκράξαι
710 1407 754 1485 τῷ
776 1395 883 1482 Κυρίιρ
906 1399 953 1462 ὅτι
975 1418 1047 1462 σκε-
1138 1398 1284 1478 Tempus
1311 1401 1362 1462 esi
1387 1401 1734 1484 omniaomina,
1757 1419 1839 1485 quo-

300 1501 464 1566 δαννθουσι
478 1500 572 1586 νόμον
588 1523 655 1567 σου.
670 1499 748 1567 'Ota
765 1504 819 1566 οῦν
833 1504 942 1585 καιρὸς
956 1501 1048 1589 γίγο-
1095 1500 1188 1563 niam
1213 1501 1416 1583 dispergunt
1438 1506 1551 1584 legem
1573 1509 1677 1569 tuam.
1702 1509 1841 1584 Quando

302 1627 354 1673 νιν
367 1615 422 1671 τοῦ
437 1615 566 1691 ποιησαι
581 1615 624 1690 τῷ
639 1604 756 1691 Κυρίῳ,
769 1605 1046 1683 διασκεδασθέντος
1095 1603 1203 1682 igitur
1217 1607 1312 1669 venit
1325 1611 1459 1688 tempus
1473 1610 1672 1690 cooperandi
1685 1612 1838 1692 Domino,

304 1720 360 1775 τοῦ
390 1711 487 1796 νόμου
509 1711 569 1775 ὑπὸ
591 1719 651 1775 των
674 1708 921 1795 παραλαβόντων
944 1711 1048 1792 αυτὸν,
1094 1707 1257 1788 dissipata
1268 1711 1344 1788 lege
1355 1710 1399 1774 ab
1410 1707 1464 1776 his
1476 1712 1535 1792 qui
1548 1719 1742 1794 receperant
1754 1732 1841 1796 eam,

304 1813 376 1889 τότε
391 1815 462 1900 ἐρῶ,
477 1814 494 1876 6
509 1813 571 1898 ἐγὼ
588 1812 652 1879 ἀπὸ
672 1822 735 1878 τῶν
749 1813 855 1896 ἐθνῶν,
872 1815 908 1878 οῦ
931 1835 1051 1899 προσω-
1094 1817 1177 1876 tuno
1204 1813 1323 1894 dicam,
1346 1831 1412 1894 ego
1427 1817 1487 1896 qui
1510 1833 1551 1878 ex
1566 1818 1728 1895 gentibus
1750 1837 1838 1898 sum,

304 1927 433 1984 ποποιεῦ
444 1917 656 2002 δπροφήτης·
671 1917 845 2003 Ἠγάπησα
855 1919 911 1996 τάς
922 1917 1051 1995 ἐντολὰς
1095 1914 1193 1995 cujus
1216 1934 1393 1998 personam
1418 1921 1493 1998 agit
1515 1920 1693 2000 propheta:
1728 1923 1844 1988 Dilaai

304 2043 360 2088 σου
376 2022 454 2106 ὑπὲρ
466 2019 596 2106 χρυσίου
611 2022 666 2085 καί
681 2019 842 2101 τοπαζίοω·
859 2019 1051 2107 τελεώτερον
1095 2019 1247 2084 aaaadata
1280 2025 1337 2085 iaa
1360 2039 1458 2103 ευμεν·
1488 2039 1607 2087 amm
1634 2028 1665 2088 ai
1686 2028 1840 2106 topazion.

302 2127 338 2192 δέ
353 2129 436 2193 ἐστιν
451 2127 487 2190 τδ
511 2136 609 2191 ποιεῖν
629 2128 708 2211 μετὰ
731 2135 787 2191 τοῦ
810 2126 956 2211 ἀγαπᾶν·
979 2125 1048 2191 ἀτε-
1096 2123 1281 2188 Perfeotius
1303 2131 1416 2190 autem
1433 2131 1485 2190 est
1507 2128 1615 2192 iacere
1638 2132 1672 2192 ai
1686 2129 1841 2211 diligere,

303 2234 451 2319 λέστερον
466 2232 501 2296 δὲ
516 2242 615 2298 ποιεῖν
628 2234 693 2318 μὲν,
706 2233 743 2296 οὐ
756 2235 835 2318 μετά
849 2243 905 2298 τοῦ
923 2231 1050 2318 ἀγαπᾶν
1096 2230 1210 2292 minus
1225 2235 1339 2293 autem
1355 2229 1552 2312 perfeetum,
1572 2231 1681 2297 facere
1696 2234 1844 2315 quidem,

304 2338 348 2404 δὲ.
365 2338 435 2403 Τῶν
451 2336 485 2400 δὲ
508 2336 541 2401 ἐν
563 2344 607 2421 τῷ
623 2335 731 2422 κόσμῳ
749 2335 941 2422 τιμιωτάτων
965 2335 1055 2400 δοκεῖ
1096 2333 1243 2397 sednon
1265 2338 1341 2415 post
1361 2335 1512 2398 mandati
1537 2353 1695 2400 amorem.
1720 2341 1844 2402 Rerum

304 2443 383 2507 είναι
398 2441 513 2525 χρυσὸς
524 2441 579 2504 καὶ
590 2437 668 2503 λίθοι
683 2437 795 2524 τίμιοι·
809 2437 1048 2524 παρακειμένων
1096 2453 1177 2498 vero
1200 2454 1275 2517 quae
1300 2438 1335 2500 in
1359 2438 1484 2502 mundo
1504 2445 1585 2502 sunt
1607 2443 1842 2522 praestantiom

305 2556 380 2632 γοῦν
402 2546 519 2610 τούτων
542 2546 597 2609 καὶ
619 2543 749 2628 ὲντολης
772 2565 839 2625 σου,
866 2545 927 2628 οὐχ
952 2545 1050 2622 οὕτως
1096 2539 1256 2603 videntur
1276 2558 1398 2605 aurum
1414 2548 1448 2605 et
1469 2543 1597 2624 lapides
1612 2547 1759 2626 pretiosi.
1781 2548 1841 2610 His

304 2650 430 2735 ἐνεῦρον
444 2648 526 2714 αὐτὰ
543 2649 594 2733 [τά
609 2649 702 2733 αὐτὰ]
718 2649 751 2714 ἐν
766 2657 805 2734 τῇ
822 2647 934 2732 ἐντολῇ
951 2667 1018 2712 σου.
1096 2659 1177 2706 vero
1194 2645 1312 2725 positis
1335 2646 1478 2710 afronia
1501 2649 1651 2712 mandati
1666 2651 1729 2729 tui,
1747 2650 1839 2714 haud

1097 2747 1223 2811 similia
1238 2766 1278 2812 ea
1289 2754 1349 2812 tuo
1364 2751 1522 2814 mandato
1539 2753 1664 2816 inveni.

348 2877 380 2924 v.
400 2859 471 2922 128.
487 2857 545 2922 Διά
563 2865 655 2921 τοῦτο
677 2857 754 2940 πρὸς
776 2856 881 2932 πάσας
897 2857 954 2933 τὰς
969 2857 1054 2922 ἐντο-
1140 2870 1172 2913 V·
1201 2853 1273 2916 128·
1295 2855 1468 2934 Propterea
1491 2854 1534 2919 aa
1559 2857 1666 2921 omnia
1691 2857 1845 2922 madata

305 2959 363 3038 λάς
387 2982 444 3025 σου
467 2960 704 3046 κατωρθούμην,
724 2969 830 3026 πᾶσαν
852 2959 924 3025 ὁδὸν
946 2960 1054 3026 ἄδικον
1099 2959 1156 3021 tua
1174 2957 1348 3040 aiaiaabar:
1364 2975 1488 3022 ammae
1502 2960 1589 3024 πίονα
1609 2961 1757 3042 iaiqaam
1777 2961 1849 3026 odia

304 3064 450 3151 ἐμίσησα.
1097 3061 1204 3126 habeti.

348 3166 386 3234 Ὀ
410 3171 452 3254 μη
476 3167 582 3246 πάσας
603 3169 659 3245 τὰς
682 3167 811 3245 ὲντολάς
837 3167 1051 3251 κατορθώσας,
1150 3167 1213 3242 Qui
1236 3165 1350 3228 omnia
1365 3166 1524 3230 mandata
1545 3185 1613 3230 non
1635 3171 1793 3250 servavit,
1817 3173 1847 3234 is

304 3281 409 3337 πᾶσαν
432 3273 504 3336 δδδν
519 3271 642 3349 ἀδικίας
666 3273 725 3337 οὐκ
743 3272 911 3358 ἐμίσησεν·
934 3272 961 3336 εἰ
982 3272 1051 3337 δὲῦ
1098 3289 1161 3335 neo
1184 3288 1316 3334 omnem
1340 3274 1430 3336 viam
1450 3274 1603 3354 iniquam
1618 3275 1694 3338 odio
1716 3275 1845 3340 habuit.

304 3375 400 3462 φόδος
423 3385 479 3440 τοῦ
500 3375 619 3461 Κυρίου
642 3387 727 3463 μισεῖ
747 3375 881 3460 ἀδικίαν,
905 3380 996 3456 οὕτος
1011 3378 1051 3463 δὴ
1099 3378 1133 3441 Si
1149 3394 1229 3440 vero
1244 3379 1346 3440 timor
1361 3379 1494 3442 Domini
1511 3379 1587 3442 odio
1604 3379 1706 3443 habet
1721 3381 1845 3462 iniqui-

306 3481 365 3545 οίικ
379 3478 534 3565 ημίσησεν
549 3477 681 3562 ἀδικίαν,
694 3481 777 3558 δστις
793 3482 830 3545 οὐ
849 3478 989 3566 ροὸεῐται
1001 3484 1053 3547 τὸν
1099 3484 1213 3560 tatem,
1229 3483 1258 3544 is
1274 3499 1355 3546 sana
1371 3498 1438 3546 non
1455 3482 1526 3546 odia
1545 3484 1768 3563 iniquitatem,
1785 3485 1847 3564 qui

305 3582 431 3668 Κύρων.
448 3580 486 3648 ‘0
497 3582 532 3646 δὲ
544 3586 588 3669 μὴ
602 3583 792 3669 ροδούμενος
803 3589 856 3651 τὸν
872 3584 998 3671 Κύριον,
1010 3587 1047 3650 οὔ
1098 3602 1166 3650 non
1181 3587 1279 3649 timet
1296 3586 1487 3649 Dominum.
1508 3587 1551 3648 ut
1571 3589 1630 3668 qui
1651 3587 1758 3650 Deum
1774 3605 1843 3653 non

306 3688 468 3773 μακάριος,
493 3688 579 3772 εῐπερ
596 3689 748 3773 μακάριος
768 3688 849 3774 ἀνήρ
864 3690 947 3754 ἐστιν
962 3691 980 3754 δ
996 3710 1051 3775 φο-
1098 3689 1217 3768 timei,
1248 3690 1387 3752 minime
1417 3689 1539 3754 beatus
1575 3695 1646 3770 est,
1679 3691 1848 3771 siquidem

306 3789 455 3876 θοῦμενος
470 3795 523 3856 τὸν
539 3790 665 3876 Κύριον.
1101 3794 1254 3856 «Beatus
1269 3793 1323 3855 vir
1337 3794 1398 3873 qui
1416 3794 1513 3856 timei
1528 3795 1719 3858 Dominum.
1737 3817 1753 3854 ν

346 3917 378 3960 ν.
398 3899 469 3961 130.
486 3890 526 3959 Ἡ
542 3892 677 3978 δήλωσις
699 3905 767 3985 τῶν
782 3895 884 3981 λόγων
907 3917 964 3961 σου
987 3915 1049 3980 ρω-
1141 3915 1173 3959 ν.
1191 3899 1263 3960 130.
1279 3898 1464 3962 Βεείωναίίο
1500 3915 1680 3963 aarawaam
1712 3904 1843 3965 cmm

307 4009 368 4064 τιεῖ
379 4001 434 4063 καί
449 4007 583 4063 συνετιεί
595 3997 731 4083 νηπίους.
1097 3999 1307 4080 illuminabit,
1326 4005 1358 4064 ai
1369 4001 1458 4066 duait
1471 4001 1670 4067 intellectam
1677 4003 1842 4082 paroeciis.

349 4099 389 4167 ‘H
405 4100 555 4188 ἑρμηνεία
578 4111 639 4166 των
654 4102 756 4188 λόγων
771 4111 826 4167 τοῦ
848 4101 966 4187 Κυρίου
988 4124 1052 4188 φω-
1141 4105 1330 4185 Explioaiio
1345 4121 1538 4170 sermonum
1558 4107 1691 4170 Domini
1717 4107 1843 4170 illumi·

305 4208 382 4287 τίζει
398 4211 472 4287 τοὺς
488 4209 615 4293 νηπίους
631 4209 664 4273 ἐν
680 4209 816 4294 Χριστῷ.
1098 4215 1158 4274 nai
1172 4211 1332 4291 purvulos
1348 4210 1382 4272 in
1400 4210 1541 4275 Christo.

348 4335 380 4378 v.
396 4316 468 4380 131.
482 4313 526 4378 Ti
539 4313 640 4398 στῦμα
652 4334 711 4398 μου
722 4311 841 4397 ἠνοιξα,
854 4313 907 4377 καὶ
919 4311 1055 4378 είλκυσα
1142 4332 1174 4376 v.
1195 4315 1266 4377 131.
1286 4316 1327 4378 Os
1340 4331 1446 4378 meam
1461 4317 1585 4397 ῦμσννιί,
1604 4317 1770 4380 eiaiiraai
1779 4317 1844 4396 api-

304 4428 436 4504 πνεῦμα,
450 4419 497 4481 ὅτι
512 4419 568 4494 τάς
583 4417 713 4494 ἐντολάς
729 4437 786 4480 σου
801 4415 983 4483 ἐπεπίθουν.
1097 4420 1209 4497 eiiam,
1228 4419 1306 4498 qaia
1320 4418 1474 4485 auidam
1489 4423 1546 4484 aa
1561 4419 1791 4484 desiderabam.

337 4627 366 4666 ν.
380 4609 439 4665 126.
453 4608 519 4665 Vei.
535 4609 561 4677 5,
590 4605 711 4663 16.Huo
736 4607 846 4664 inserta
865 4607 953 4663 estin
975 4613 1053 4664 oste-
1098 4605 1201 4662 eadem
1224 4605 1360 4678 Origsuis
1371 4606 1498 4678 vestigia
1519 4613 1700 4680 prosecutus.
1713 4605 1758 4662 ef.
1779 4605 1848 4662 Cor·

303 4695 351 4750 nis
382 4693 503 4766 elegans
534 4697 659 4762 ἀκρρασις
691 4699 738 4750 τοῦ
768 4699 904 4762 τοπαζίοω,
934 4699 1053 4750 auctora
1098 4693 1158 4749 der.
1173 4710 1220 4763 ιιι,
1233 4692 1295 4749 479.

303 4781 478 4852 Xenocrate,
501 4781 652 4836 rarissimo
686 4787 716 4837 ei
748 4779 870 4838 olassioo
902 4779 1053 4854 sompiore,
1132 4797 1160 4838 ν’.
1175 4779 1313 4836 Μανία.
1327 4780 1472 4836 5.16.Ρε.
1487 4797 1547 4852 oxi,
1562 4799 1582 4839 1.

305 4885 392 4940 quem
409 4868 589 4938 Ambrosius,
610 4885 665 4941 pro
687 4885 740 4924 sua
760 4867 859 4924 indole
880 4866 1053 4936 academica,
1132 4884 1160 4923 ν.
1173 4865 1234 4921 160.
1247 4865 1314 4921 Vni.
1328 4867 1353 4922 5.

305 4955 384 5010 ultro
397 4958 428 5010 et
448 4961 528 5010 aerio
548 4955 585 5010 ab
598 4954 725 5026 Origene
737 4954 856 5027 rsoepii,
878 4952 923 5009 nii
943 4951 1054 5008 <linium
1133 4970 1161 5011 v.
1175 4953 1235 5009 131.
1249 4952 1314 5008 vna
1327 4953 1353 5022 4,
1366 4953 1392 5022 5,
1405 4953 1448 5008 16.
1462 4951 1501 5008 Π.
1515 4951 1580 5009 Cor.
1593 4953 1688 5024 v1,11.
1702 4951 1780 5010 Joan
1804 4969 1846 5023 τι,

305 5040 337 5096 in
358 5047 438 5097 tomo
451 5041 600 5115 superiore
621 5061 649 5116 p.
662 5043 723 5114 641,
744 5043 805 5100 342.
827 5043 895 5116 Ιριο
922 5041 1054 5098 Hilarius
1099 5041 1142 5096 14.
1160 5037 1204 5096 Of.
1223 5038 1273 5094 ΒΒ
1286 5038 1336 5112 qui
1347 5056 1441 5112 pauca
1459 5057 1496 5096 ex
1513 5039 1623 5098 noemia
1639 5055 1795 5110 corruere,
1815 5045 1847 5095 et

308 5126 423 5184 curiosa
436 5127 472 5186 de
483 5126 601 5201 topasio
612 5144 671 5186 ooo
680 5127 819 5200 neglexit,
829 5127 919 5186 etiam
927 5127 1054 5187 sortasse
1097 5127 1236 5202 pauciora
1253 5127 1386 5200 quodam
1402 5127 1461 5184 alia
1479 5145 1498 5184 a
1513 5125 1653 5185 cornerio
1664 5131 1846 5200 rsoepsrunt.
