4008 6094
300 465 341 530 12
940 489 942 494 ·
960 467 1170 536 ORIGENES

326 602 420 671 Ὀὐκ
434 606 537 671 εἶπεν·
553 603 850 692 ἐγκαταληφθέντα,
867 605 938 672 ἀλλ’
956 606 1050 694 έγκα·
1138 613 1211 676 Non
1235 608 1323 674 dixit
1349 613 1385 674 in
1412 616 1561 694 tempore
1589 613 1764 682 indefinito
1789 615 1841 684 de·

298 708 552 796 ταλελειμμίνον,
575 707 733 774 τουτέστιν
748 712 808 787 έυς
822 709 897 795 ἥξοι,
919 712 967 776 δτι
985 713 1048 798 γὰρ
1092 714 1252 794 relictum,
1281 714 1340 778 sed
1356 717 1392 779 in
1406 719 1575 798 prateriis
1594 717 1841 806 (ἐγκαταλελειμ-

296 811 585 900 έγααταλίμπονται
614 809 644 876 οί
670 811 798 882 δίκαιοι,
813 815 890 897 πρὸς
927 816 1047 898 καιρὸν,
1092 815 1201 900 μένον),
1213 818 1247 881 id
1259 823 1319 899 est,
1335 819 1441 884 donec
1455 821 1605 884 veniam:
1617 825 1742 906 quippe
1753 826 1840 906 justi

296 915 429 1003 δοκιμης
449 916 553 1004 χάριν.
575 911 614 982 Ὁ
639 914 756 1002 Κύριος
778 919 856 1002 πρὸς
881 919 934 983 τὸν
957 916 1049 984 ‘lus
1093 920 1136 985 ad
1157 925 1291 1006 tempus
1313 923 1606 1006 derelinquuntur,
1634 928 1840 1008 probationis

297 1019 352 1106 Μή
369 1042 407 1108 με
423 1023 490 1086 σίου
502 1021 606 1099 ἄλλος
618 1042 668 1086 σοι
681 1019 949 1108 κεχρηματικέναι
962 1023 985 1108 η
997 1023 1048 1088 ίνα
1092 1026 1214 1102 gratia.
1238 1028 1402 1092 Dominus
1424 1028 1466 1091 ad
1488 1030 1509 1092 J
1512 1029 1569 1093 ob:
1593 1032 1698 1095 «Noli
1719 1037 1840 1113 putare

297 1123 465 1212 ἀποφανῇς
480 1123 608 1204 δίκαιος.
1091 1146 1145 1193 me
1174 1131 1273 1193 aliter
1304 1135 1418 1194 tecum
1449 1133 1670 1215 respondisse,
1701 1136 1769 1199 nisi
1802 1141 1842 1198 ut

1086 1229 1203 1312 justus
1224 1235 1451 1299 ostendaris.»

342 1333 427 1398 Ibid.
443 1331 526 1398 Οὐδὲ
537 1331 663 1418 σπέρμα
678 1332 775 1398 αὐτοῦ
790 1329 907 1416 ζητοῦν
924 1331 1047 1416 ἄρτους.
1136 1336 1218 1401 Ibid.
1234 1338 1343 1420 Neque
1355 1355 1462 1404 remea
1475 1340 1546 1421 ejus
1559 1355 1838 1423 quarumpiam.

341 1437 382 1503 Εἰ
396 1437 418 1524 ἡ
435 1437 615 1525 δικαιοσύνη
632 1437 729 1524 ἀρετ-η
745 1437 821 1521 ἐστι,
833 1439 874 1503 τὰ
884 1435 1050 1523 σπέρματα
1137 1441 1172 1504 Si
1190 1440 1327 1521 iustitia
1341 1444 1452 1508 virtus
1475 1449 1537 1524 est,
1552 1446 1683 1508 semina
1704 1463 1840 1528 quoque

296 1550 360 1608 τῶν
386 1542 505 1628 ἀρετῶν
530 1545 585 1608 καί
611 1545 693 1608 αὐτὰ
719 1541 838 1630 ἀρεταί.
869 1541 987 1620 Καλῶς
1013 1542 1049 1606 τὸ
1094 1544 1168 1626 ipsa
1188 1548 1356 1610 virtutum
1382 1548 1528 1611 virtutes
1553 1553 1644 1612 sunt.
1669 1551 1759 1614 Bene
1789 1555 1841 1614 est

297 1646 424 1734 σπέρμα
439 1657 496 1733 τῆς
510 1648 636 1734 ἀρετῆς,
654 1651 731 1735 ὅπερ
752 1649 835 1715 ἐστίν
850 1646 872 1733 ἡ
888 1647 996 1733 ἀρετὴ,
1012 1648 1049 1712 οὐ
1094 1648 1184 1729 quod
1205 1667 1320 1712 seman
1335 1651 1485 1730 virtutis,
1501 1654 1618 1731 utpote
1631 1653 1753 1732 virtus,
1771 1669 1840 1716 nou

297 1753 390 1839 ζητεῖ
410 1755 541 1839 ἄρτους·
564 1755 658 1838 ἄρτον
680 1755 715 1820 δὲ
735 1753 822 1842 λέγει
843 1755 902 1840 την
923 1762 1047 1840 γνῶσιν,
1092 1757 1223 1835 quoerat
1244 1771 1357 1835 panes.
1386 1756 1511 1818 Panem
1539 1754 1623 1818 dicit
1648 1756 1837 1838 scientiam,
1970 1803 1978 1816 ,

295 1860 365 1945 ἣτις
379 1863 439 1947 οὐχ
453 1861 577 1946 ὑστερεῖ
585 1861 619 1926 έν
630 1869 674 1947 τῷ
690 1860 845 1947 σπέρματι
856 1869 911 1926 τοῦ
927 1858 1047 1926 δικαίου
1092 1875 1168 1940 quae
1190 1875 1258 1922 non
1273 1857 1389 1922 deficit
1403 1858 1439 1922 in
1459 1859 1588 1922 semine
1606 1858 1693 1939 justi
1715 1859 1841 1944 (semen

296 1964 435 2053 (σπέρμα
450 1966 485 2031 δὲ
506 1965 628 2032 δικαίου
643 1975 797 2052 τροπικῶς
813 1966 893 2043 θλυς
913 1967 1045 2051 εἴρηται,
1091 1967 1206 2026 autam
1237 1964 1377 2027 omnino
1406 1963 1590 2042 allegorice
1618 1962 1747 2028 dictum
1780 1969 1842 2045 est,

295 2070 333 2133 τὸ
346 2068 626 2156 καταθαλλόμενσν
648 2069 682 2135 έν
697 2078 765 2147 ταῖς
787 2070 904 2155 ψυχαῖς
925 2077 988 2134 τῶν
1010 2069 1047 2134 ἀ·
1090 2067 1181 2148 quod
1219 2065 1396 2148 projicitur
1429 2067 1465 2130 in
1494 2065 1672 2130 animabus
1704 2067 1842 2132 audien-

295 2173 476 2258 κουόντυν),
493 2173 619 2260 σπέρμα
640 2176 702 2260 γὰρ
724 2171 943 2258 πλησθήσεται
968 2171 1047 2259 γνὼ·
1091 2168 1200 2253 tium),
1225 2189 1312 2234 sane
1340 2169 1404 2233 hoc
1433 2187 1548 2233 semen
1573 2168 1745 2250 justorum
1780 2173 1841 2235 im-

297 2295 386 2359 σευς,
402 2275 527 2361 σπέρμα
541 2276 576 2340 δὲ
591 2285 730 2362 πονηροῦ
745 2275 779 2342 έν
793 2275 897 2362 ἐνδείᾳ
911 2277 1009 2342 έσται.
1090 2275 1240 2357 plebitur
1265 2275 1418 2353 scientia,
1441 2291 1557 2338 semen
1579 2279 1695 2338 autam
1718 2277 1840 2360 impro-

819 2365 821 2372 ’
1090 2379 1211 2444 borum
1234 2378 1270 2440 iu
1292 2379 1436 2459 penuria
1458 2379 1532 2440 erit.

339 2501 371 2548 v.
388 2484 441 2548 26.
456 2477 559 2568 Ὅλην
584 2484 644 2569 την
665 2481 788 2568 ἡμέραν
812 2481 897 2548 ἐλεεῖ
916 2484 972 2548 καί
990 2480 1045 2547 δα-
1133 2500 1165 2546 ν.
1188 2482 1241 2546 26.
1259 2484 1341 2546 Tota
1357 2481 1409 2548 die
1422 2481 1595 2547 miseretur
1608 2487 1641 2548 et
1659 2483 1840 2550 cmumodat.

298 2585 401 2667 νείζει.

339 2688 470 2778 Ὅμοιον
503 2700 569 2778 τῷ·
590 2691 711 2760 Ἐλεῶν
735 2694 884 2778 πτωχὸν,
912 2688 1046 2770 δανείζει
1131 2693 1238 2757 Juxta
1249 2693 1349 2758 iliud:
1371 2693 1466 2770 «Qui
1482 2692 1841 2775 pauperismissretur,

298 2793 380 2881 Θεῷ.
401 2833 442 2844 -
466 2792 506 2862 ‘0
527 2795 676 2876 δανείζων
700 2796 813 2883 λόγους
838 2793 1046 2879 καθαίροντος
1088 2797 1158 2862 Deo
1173 2798 1403 2863 commodat.»
1426 2833 1464 2844 -
1485 2799 1550 2875 Qui
1565 2797 1754 2860 commodat
1774 2817 1842 2863 ser·

297 2900 415 2986 ψυχην,
439 2899 704 2986 εὐλογηθηστται·
728 2901 745 2966 ὁ
768 2899 803 2966 δὲ
824 2902 868 2988 μη
891 2898 1045 2976 ἐπιδιδοὺς
1088 2919 1205 2966 mones
1228 2903 1353 2984 quibus
1367 2904 1491 2966 animas
1508 2902 1727 2982 mundentur,
1740 2902 1842 2968 bene·

295 3006 412 3088 αθτοῖς,
427 3005 657 3091 έπικατίιρατίς
672 3006 771 3072 ἐσται.
1089 3004 1220 3070 dicetur
1227 3029 1236 3087 ς
1260 3008 1320 3090 qui
1343 3025 1424 3071 vero
1451 3024 1508 3072 eos
1530 3024 1598 3071 non
1620 3007 1743 3071 tribuit
1759 3007 1839 3086 iilis,

1089 3111 1290 3176 maledictus
1313 3113 1387 3176 erit.

338 3230 371 3276 ν.
387 3213 440 3277 27.
455 3211 627 3278 Ἐκκλινον
643 3211 707 3277 ἀπὸ
718 3221 831 3296 κακοῦ,
846 3214 901 3278 καί
912 3210 1046 3297 ποίησον
1133 3233 1166 3281 ν.
1188 3216 1241 3279 27.
1264 3217 1403 3283 reclina
1424 3232 1445 3281 a
1466 3214 1561 3296 ναοῖο,
1587 3214 1694 3298 etfac
1714 3215 1837 3282 bouum.

300 3313 429 3400 ἀγαθόν.

340 3419 385 3484 Τὸ
400 3417 542 3486 έκκλίναι
557 3421 620 3487 ἀπὸ
631 3430 734 3487 κακοῦ
749 3421 767 3486 ὁ
782 3430 838 3487 τοῦ
852 3419 971 3506 Κυρίου
987 3419 1042 3506 ut·
1130 3421 1307 3486 Deoiinurs
1328 3439 1349 3484 a
1371 3423 1478 3501 maio,
1501 3422 1564 3486 hoc
1586 3429 1724 3505 praestat
1738 3425 1839 3488 timor

295 3520 351 3610 βος
373 3523 529 3611 παρέχει·
553 3527 589 3591 τδ
612 3526 647 3591 δὲ
669 3529 857 3612 ποιήσαιτο
879 3524 1042 3612 ἀγαθδνὴ
1086 3525 1238 3606 Domiui;
1260 3525 1388 3590 bonum
1416 3529 1533 3590 autem
1556 3526 1665 3592 facere
1691 3530 1838 3593 charitas

296 3628 408 3716 ἀγαπη
433 3630 633 3714 προστάσσει.
1088 3629 1249 3710 praeaipit.

341 3755 373 3800 v.
390 3737 443 3800 28.
460 3729 532 3800 Ὀτι
546 3734 661 3819 Κύριος
677 3733 788 3821 ἀγαπᾷ
803 3732 911 3820 κρίσιν.
1132 3751 1164 3796 v.
1177 3735 1229 3799 28.
1242 3735 1396 3811 Quoniam
1404 3734 1561 3798 Dominus
1571 3733 1835 3815 amtjudtcuun.

341 3837 462 3923 Κρίσιν,
479 3836 714 3924 δικαιοκρισίαν,
730 3841 766 3904 οὐ
778 3841 836 3926 την
850 3838 1044 3922 δικαστικην,
1133 3838 1308 3903 Judicium
1334 3836 1478 3918 quoius
1501 3839 1675 3917 statuitur,
1701 3855 1768 3902 non
1791 3839 1837 3902 io-

297 3941 383 4008 ἀλλίι
396 3944 456 4029 την
471 3942 506 4022 ἐξ
520 3941 681 4020 ἀπλανοῦς
691 3945 746 4008 καὶ
757 3945 861 4030 δγιους
875 3940 1045 4029 κριτηρίου.
1092 3960 1200 4022 reuse,
1223 3942 1281 4006 sed
1304 3942 1394 4023 quod
1417 3943 1462 4006 sit
1484 3942 1519 4005 in
1543 3942 1691 4006 veridico
1705 3947 1740 4005 et
1754 3959 1837 4006 sano

1089 4046 1264 4109 tribunali,

339 4171 370 4216 v.
388 4152 440 4215 33.
461 4148 499 4216 ‘0
522 4151 557 4217 δὲ
579 4151 695 4238 Κύριος
718 4152 755 4216 οθ
778 4153 821 4238 μη
846 4148 1043 4236 έγκαταλίπη
1134 4166 1166 4212 ν.
1189 4150 1241 4211 33.
1256 4149 1415 4213 Durnium
1436 4152 1543 4214 autem
1556 4164 1620 4211 uua
1640 4145 1840 4228 derelinquet

295 4253 389 4319 αὐτὸν
404 4255 448 4331 είς
467 4255 524 4332 τὰς
546 4255 654 4341 χείρας
674 4255 780 4338 αὐτοῦ,
797 4257 869 4320 οὔτε
886 4255 930 4341 μη
946 4273 1046 4318 κατα-
1089 4270 1161 4319 οαυι
1178 4253 1216 4317 iu
1230 4269 1347 4317 maus
1363 4254 1443 4334 ejus,
1462 4268 1562 4333 παραυ
1575 4249 1834 4333 duumuirum,

294 4357 423 4423 δικάσαι
438 4361 542 4443 αὐτὸν,
559 4361 634 4424 ὅταν
649 4358 794 4444 κρίνηται
808 4359 902 4444 αὐτῷ.
1088 4373 1189 4442 quum
1203 4356 1408 4438 judicabitur
1428 4354 1493 4420 illi.

230 4527 234 4536 .
339 4462 394 4551 Μὴ
409 4463 630 4548 καταδικάσαι,
647 4463 792 4549 δηλονότι
805 4463 823 4528 ὁ
839 4461 1004 4539 ἀντίδικος.
1131 4463 1199 4526 Nea
1214 4460 1391 4524 damnabit
1409 4476 1497 4538 eum,
1513 4457 1671 4522 videlieet
1685 4457 1839 4525 adversa·

1089 4583 1171 4629 rius.

339 4687 372 4734 v.
387 4671 440 4734 35.
455 4667 521 4736 Καὶ
535 4669 707 4756 παρῆλθον,
724 4671 779 4735 καὶ
795 4670 861 4735 ἰδοὺ
877 4671 936 4735 οὐκ
948 4669 1000 4756 ην.
1133 4686 1166 4733 ν.
1190 4670 1243 4733 35.
1266 4669 1312 4733 Et
1333 4666 1488 4747 ίασκιίοί,
1513 4669 1547 4730 et
1565 4682 1632 4730 οιοι
1652 4681 1716 4730 nou
1737 4669 1816 4732 erut.

338 4769 395 4851 Ὦς
409 4773 562 4841 δύσκολον
573 4777 608 4840 τὸ
621 4773 787 4860 παρελθεῖν
802 4777 855 4841 τὸν
866 4773 967 4860 ἀσεδη
985 4795 1045 4862 μη·
1138 4776 1247 4851 Quam
1259 4771 1395 4837 difficile
1407 4775 1468 4851 est,
1480 4770 1623 4852 impium
1630 4771 1835 4848 transivisse,

296 4876 349 4942 δέν
367 4876 518 4945 παθόντα.
536 4873 581 4944 Ἦ
596 4878 683 4965 τάχα
704 4877 726 4964 ἡ
749 4877 825 4944 θεία
846 4889 938 4944 τοῦτο
960 4878 1048 4966 λέγει
1091 4879 1175 4959 quin
1197 4895 1317 4959 passus
1339 4875 1469 4957 aliquid
1491 4873 1609 4939 fuerit!
1633 4876 1696 4937 Vel
1718 4871 1752 4936 id
1771 4871 1835 4935 for·

297 4978 406 5067 γραρη
417 5002 424 5018 ·
437 4982 519 5048 αὐτὰ
532 4981 647 5050 ἐννοεῖν
663 4981 861 5069 βουλόμενος,
880 4981 1046 5072 θευρησυ,
1092 4988 1182 5047 tasse
1193 4982 1242 5046 ait
1252 4997 1347 5045 saura
1359 4981 1548 5062 Scriptura:
1561 4979 1632 5042 hoea
1644 4976 1836 5053 intelligere

286 5271 289 5276 ,
331 5227 359 5268 ν.
371 5209 415 5282 26,
428 5209 471 5283 27,
483 5210 527 5283 28,
539 5209 581 5269 θθ.
594 5212 661 5274 Vst.
675 5213 700 5270 5.
713 5212 800 5274 Prov.
815 5229 880 5285 ιιι,
893 5213 935 5270 17.
1148 5227 1176 5269 v.
1189 5209 1232 5282 35,
1245 5209 1312 5272 Vat.
1326 5211 1352 5282 5,
1365 5209 1407 5267 15.
1420 5207 1464 5268 Ct'.
1480 5224 1511 5269 ιι.
1524 5207 1590 5265 Gor.
1604 5223 1633 5276 x,
1646 5205 1672 5260 5.
