4006 6090
743 441 785 501 IN
809 439 1009 504 PSALMUM
1031 441 1164 502 CXVIII
1656 445 1719 506 303

189 576 371 659 κουοῦῖγναι,
394 578 449 640 καί
470 578 510 641 τὰ
540 573 736 661 δικαιώματά
757 597 819 642 cco
841 575 936 661 ἐκζη-
979 594 1052 642 ναιιι
1073 579 1418 664 tucrjcsttflcctioncc,
1439 587 1472 645 et
1487 582 1670 661 diligenter
1685 601 1736 648 ea

188 682 275 768 τήοω
297 684 352 747 καί
375 680 509 767 cepisse
532 682 614 746 αὐτὰ
636 680 763 766 νοήσας,
787 685 883 767 σοφὸς
900 682 935 748 ἒν
979 685 1178 765 perpriens,
1191 685 1227 746 in
1240 685 1288 748 eis
1300 687 1433 768 sapiens
1446 686 1726 764 efficior-Quae

191 789 296 865 αὐτοῖς
311 785 446 873 γίνομαι.
464 823 506 836 -
529 784 643 871 Οίιχὴ
670 789 794 873 κραυγὴ
811 787 934 874 μεγάλη
980 802 1045 848 vox
1061 803 1128 850 non
1151 792 1203 850 est
1216 788 1343 852 clamor
1358 790 1501 868 validus,
1517 789 1578 854 sed
1594 793 1726 870 magni·

188 891 255 956 ἐστὶ
269 893 368 977 φωνὴ,
384 889 469 955 ἀλλὰ
490 892 527 955 τδ
550 889 681 976 μέγεθος
703 899 764 959 τῶν
787 913 936 977 οημαινο-
979 890 1061 953 tudo
1082 907 1196 955 rerum
1220 909 1304 972 quas
1326 909 1440 956 coram
1460 895 1529 957 Deo
1544 895 1726 973 significat.

192 993 292 1081 μένων
314 994 364 1059 ὑπ’
376 995 473 1079 αὐτῆς
496 1003 540 1080 τῷ
562 993 644 1080 Θεῷ.
670 993 708 1061 ‘0
730 997 792 1081 γὰρ
817 993 936 1074 δίκαιος
979 995 1114 1058 Etenim
1133 994 1248 1074 justus
1272 1013 1434 1074 magnam
1457 996 1590 1078 perficit
1611 1014 1728 1062 vocem

188 1099 331 1187 μεγάλην
346 1097 497 1164 ἀποτελεῖ
505 1101 581 1183 πρὸς
596 1099 648 1163 τδν
660 1097 741 1166 Θεὸν
757 1101 872 1186 φωνὴν,
889 1100 935 1164 αί-
980 1097 1069 1178 apud
1089 1099 1207 1180 Deum,
1224 1115 1330 1178 quum
1343 1102 1492 1181 postulat
1516 1103 1666 1166 coelestia
1681 1105 1730 1165 ab

189 1213 250 1271 τῦν
266 1203 437 1288 ἔπουράνια
453 1206 507 1269 καί
524 1203 658 1291 μεγάλα.
981 1219 1047 1282 quc
1062 1218 1188 1280 magna
1204 1213 1360 1266 munera:

231 1304 270 1373 ‘0
291 1305 443 1392 ἐπιμένων
465 1306 573 1393 ζητεῖν
603 1306 637 1372 ὲν
657 1315 735 1371 πῦοι
760 1309 825 1385 τοῖς
850 1302 935 1372 κτίο·
1025 1308 1089 1383 Qui
1111 1311 1303 1390 perseverat
1325 1309 1497 1390 inquirere
1513 1309 1548 1372 in
1569 1309 1729 1374 omnibus

190 1431 267 1496 μασι
279 1411 335 1476 καί
350 1409 486 1496 μάλιστα
499 1419 565 1488 ταῖς
588 1410 726 1496 λογικοῖς
741 1419 819 1475 πᾶσι
833 1410 935 1492 ζώοις,
980 1412 1154 1491 creaturis
1176 1417 1251 1476 tum
1273 1413 1420 1476 maxtme
1443 1414 1480 1477 in
1502 1412 1727 1478 rationalibus

190 1511 362 1578 τὸδίκαιον
377 1522 434 1599 τῆς
449 1513 595 1597 προνοίας
608 1523 666 1579 τοῦ
681 1513 773 1596 Θεοῦ,
790 1516 880 1592 οὗτος
895 1517 937 1580 τίι
981 1515 1251 1596 quibuscumque
1273 1515 1488 1596 animalibus,
1513 1534 1615 1599 quam
1634 1516 1729 1596 J'usta

188 1616 386 1703 δικαιώματα
400 1615 532 1701 ἐκζητεί
549 1627 604 1682 τοῦ
620 1615 713 1701 Θεοῦ,
736 1617 801 1683 οίον
817 1619 875 1703 τὴν
890 1617 937 1682 αἰ·
980 1619 1027 1682 sit
1048 1619 1260 1699 providentia
1282 1620 1355 1698 Dei,
1379 1620 1436 1684 ille
1457 1622 1606 1701 exquirit
1628 1621 1730 1702 justi·

192 1720 261 1787 τίαν
276 1721 435 1806 ὑπεροχῆς
449 1719 584 1806 λογικῶν
598 1741 688 1786 τινων
703 1719 776 1805 παρ’
788 1718 936 1805 {septulo
981 1720 1154 1787 ficationes
1180 1723 1251 1803 Dei,
1279 1725 1426 1804 exempli
1447 1726 1562 1803 gratia
1582 1723 1665 1808 [Per
1692 1729 1726 1790 te

189 1823 375 1910 Μονογενὲς,
392 1824 454 1888 εἴτε
466 1824 697 1908 ἐντοῐςίθεοιν,
710 1825 772 1890 είτε
784 1823 938 1909 ὲνχαρίο-
982 1825 1100 1908 lieeat]
1124 1845 1143 1892 0
1159 1827 1348 1907 unigenite,
1365 1828 1424 1908 qui
1447 1827 1487 1892 fit
1509 1834 1549 1893 ut
1569 1830 1728 1910 spiritua·

190 1936 293 2016 μαὀιν,
309 1929 372 1995 είτε
387 1928 421 1994 ἐν
435 1928 572 2007 διατάξει
587 1937 643 1994 τοῦ
658 1930 784 2009 παντὸς,
797 1927 860 1991 εἴτε
875 1935 938 1994 τῦν
982 1933 1068 1995 lium
1083 1933 1215 1996 entium
1230 1933 1298 1995 alia
1309 1933 1379 1996 sint
1390 1934 1563 1997 nonnullis
1577 1936 1728 2015 superio·

190 2033 225 2097 tv
239 2030 411 2116 ἀνθρώποις
425 2030 673 2118 συμπτωμάτων.
686 2029 790 2096 Ἀλλὰ
803 2033 859 2095 καί
869 2030 886 2095 δ
898 2031 938 2096 τίι
983 2053 1033 2114 ra,
1049 2037 1121 2100 sive
1144 2036 1180 2098 in
1197 2036 1357 2115 moribus,
1373 2036 1444 2100 sive
1468 2036 1504 2101 in
1520 2036 1731 2102 charismati-

190 2136 224 2203 ἐν
239 2144 279 2221 τῇ
294 2145 401 2220 γραφῇ
425 2134 644 2221 ὀνομαζόμενα
665 2133 863 2221 δικαιώματα
881 2133 938 2199 ἀκ-
983 2139 1057 2218 bus,
1072 2139 1145 2202 sive
1162 2140 1197 2201 in
1215 2141 1368 2217 generali
1383 2141 1487 2204 totIus
1511 2141 1729 2223 ordinemve

190 2239 281 2324 ριδῦς
297 2239 460 2322 ἐξετάζων,
486 2239 682 2324 δικαιώματα
703 2249 759 2304 τοῦ
781 2238 864 2328 Θεοῦ
885 2237 937 2302 ἐκ·
987 2245 1023 2309 ln
1053 2244 1198 2308 decursu
1220 2261 1362 2308 casuum
1384 2245 1637 2310 bumanorum?
1665 2247 1730 2312 Sed

193 2343 292 2426 ζητεῖ.
308 2340 416 2427 Μάνης
432 2343 467 2407 δὲ
483 2341 634 2427 δηλοῦται
645 2343 795 2429 [κραυγὴ]
808 2341 939 2428 καρδίας
983 2353 1019 2411 et
1041 2349 1100 2428 qui
1123 2347 1325 2426 diligentins
1340 2349 1467 2412 cribrat
1488 2351 1674 2414 sententias
1690 2351 1727 2414 in

190 2446 271 2523 δλως
285 2449 362 2532 πρὸς
377 2445 459 2514 Θεὸν
483 2445 608 2532 βοωοης
627 2447 737 2531 ἐντῷ·
758 2445 939 2531 Ἐκέκραξα
983 2453 1166 2538 Scriptpris
1180 2453 1430 2533 pronunciatas,
1451 2453 1509 2516 ille
1521 2451 1652 2533 judicia
1667 2455 1730 2518 Dei

190 2549 225 2614 ἐν
240 2549 297 2634 δλῃ
312 2548 429 2635 καρδίᾳ
443 2571 523 2636 μου·
538 2560 691 2636 παρασπᾷ
705 2552 767 2636 γὰρ
783 2553 818 2615 τὸ
833 2550 867 2616 ἐν
879 2551 937 2636 δλη
983 2554 1140 2634 exquirit.
1149 2556 1192 2617 llt
1202 2555 1307 2618 solius
1314 2555 1423 2618 cordis
1431 2556 1607 2620 clamored
1617 2558 1726 2622 Deum

191 2651 501 2739 παραλαμδανομίνη
523 2655 647 2738 κραυγὴ
668 2656 724 2718 καί
745 2652 767 2738 ἠ
791 2655 937 2741 αίοΘητίγ.
983 2676 1025 2722 ex
1048 2662 1119 2722 toto
1137 2663 1270 2739 pectore
1292 2659 1509 2724 vociferantis
1535 2665 1587 2724 est
1609 2663 1644 2724 in
1667 2663 1731 2728 hoc

190 2756 426 2843 Προτραπωμεν
449 2759 487 2823 ἐκ
509 2755 676 2836 διαθέσεως
692 2759 808 2825 εἰπεῖν·
825 2757 875 2825 Ta
897 2759 939 2825 δι·
983 2781 1101 2828 versu:
1121 2762 1389 2829 Clcmuoiictoto
1404 2762 1493 2828 corde
1507 2781 1584 2828 ιιιαο.
1599 2767 1728 2844 Ιιιίοίο,

192 2860 359 2948 καιίιματά
374 2873 430 2926 σου
445 2860 636 2946 ἐπιζητήσει.
984 2867 1070 2931 illud
1098 2867 1164 2930 sibi
1194 2867 1345 2932 vindicat
1367 2872 1532 2948 usurpata
1554 2869 1732 2934 clamantis

920 2989 921 2992 ¹
983 2987 1059 3049 vox,
1075 2972 1177 3034 etiarn
1192 2987 1295 3034 sensu
1310 2974 1477 3051 percepta.
1493 2972 1674 3035 Enitamur
1689 2990 1733 3036 ex

982 3075 1097 3139 animo
1108 3074 1233 3138 dicere:
1248 3073 1451 3138 Ιαιίίιίοικιιιι
1466 3078 1733 3142 tauromenum

656 3213 660 3222 ·
985 3179 1052 3244 tior
1072 3179 1248 3260 requiram.

237 3302 268 3346 v.
285 3284 357 3346 147.
371 3279 564 3366 Προὲρθαοα
575 3281 608 3346 ἐν
620 3279 729 3366 ἀωρίᾳ,
742 3282 797 3345 καί
808 3279 939 3365 ἐκέκρα-
1026 3300 1059 3344 ν.
1077 3281 1150 3344 147.
1166 3283 1313 3346 Maneat
1335 3281 1536 3362 ascelmum,
1562 3287 1594 3348 et
1614 3285 1732 3350 οἰωνοπ-

192 3386 242 3467 ξα,
258 3387 301 3462 είς
316 3388 389 3462 τοὺς
404 3385 517 3472 λόγους
532 3406 588 3450 σου
604 3383 775 3468 ίπήλπισα.
981 3387 1027 3464 oi,
1046 3388 1078 3449 et
1098 3386 1135 3450 νἰι
1156 3385 1251 3450 corbo
1274 3389 1332 3450 ίνῦ
1352 3389 1589 3467 supersperavi.

237 3487 302 3555 Καί
318 3491 353 3555 τδ
368 3488 463 3574 ῥητὸν
478 3489 563 3574 ἡμᾶς
578 3489 827 3574 οίκοδομηοίιτω,
845 3490 900 3553 καί
915 3485 937 3572 ἡ
1027 3491 1071 3554 Et
1085 3504 1145 3552 nos
1157 3488 1300 3552 aedificet
1314 3490 1437 3569 littera,
1450 3495 1484 3554 et
1495 3492 1592 3556 nobis
1603 3509 1730 3571 anago-

190 3593 342 3678 ἀναγωγὴ
364 3593 570 3677 ὠφελησάτω.
589 3591 633 3659 Τὸ
646 3592 702 3676 μὲν
718 3592 812 3677 ῥητὸν
828 3602 939 3657 τοῦτον
984 3610 1028 3673 ge
1043 3595 1158 3676 prosit.
1176 3594 1302 3657 Littera
1317 3596 1454 3676 quidem
1477 3593 1568 3660 hunc
1591 3615 1731 3660 sensum

192 3700 260 3783 ἔχει
287 3701 342 3764 τδν
364 3708 454 3763 νοῦν·
477 3699 514 3762 ob
536 3695 717 3782 περιέμενον
739 3699 797 3782 τὴν
817 3695 938 3782 ἡμέραν
983 3699 1142 3763 continet:
1155 3715 1222 3760 non
1235 3699 1471 3779 exspectabam
1480 3701 1570 3764 diem
1582 3703 1729 3765 vicinam

191 3802 390 3888 ὶγγίζουσαν,
405 3803 457 3866 ἵνα
479 3800 613 3886 εὔξωμαι
634 3803 711 3886 πρὸς
734 3799 789 3866 σέ·
812 3801 883 3866 ἀλλ’
894 3803 940 3866 ἔτι
984 3807 1024 3866 ut
1045 3811 1176 3880 orarem
1199 3801 1242 3864 ad
1264 3805 1318 3880 te;
1347 3802 1407 3866 sed
1433 3803 1544 3867 adhuc
1570 3805 1734 3886 intempe-

194 3905 295 3992 ἀωρίᾳ
309 3906 430 3990 νύκτωρ
445 3903 630 3990 ἀνιστάμην,
645 3903 813 3989 προλαδὼν
827 3905 868 3969 τὰ
882 3926 939 3989 οη-
983 3911 1036 3972 sta
1057 3909 1155 3970 nocte
1177 3905 1371 3984 surgebam,
1394 3906 1462 3970 diei
1484 3908 1587 3986 signa
1608 3927 1735 3991 praeoc·

194 4019 269 4096 μεία
282 4018 339 4094 τῆς
352 4007 483 4094 ἡμέρας,
505 4009 556 4072 ίνα
571 4009 682 4085 νυκτδς
698 4007 864 4095 εὐξάμενός
879 4030 939 4093 σοι,
983 4028 1122 4094 cuperus,
1141 4013 1181 4073 nt
1203 4015 1304 4074 noctu
1327 4014 1361 4073 te
1379 4010 1588 4093 deprecatus,
1605 4015 1732 4093 gaude-

236 4237 399 4299 Hrmnrus
411 4233 448 4297 in
461 4252 491 4297 c.
510 4234 582 4296 147.
594 4236 667 4296 Non
683 4237 875 4315 expectavit
890 4237 941 4300 in·
1027 4237 1218 4298 Annnosrus
1229 4233 1267 4298 ιἰι
1280 4232 1375 4298 mord
1386 4251 1415 4298 ο.
1431 4235 1614 4298 Praecurrit
1624 4237 1733 4300 etatis

193 4325 325 4388 firmam
344 4323 386 4386 nd
408 4323 493 4385 vitia
511 4326 729 4402 senectutem,
753 4341 863 4404 neque
886 4325 940 4388 de-
984 4323 1215 4388 maturitatem
1247 4323 1402 4403 quisquis
1436 4323 1472 4386 in
1505 4322 1733 4387 adolescentia

193 4411 458 4478 fervescentibus
493 4412 595 4489 longo
622 4429 688 4475 usu
713 4413 859 4476 luxuriae
883 4433 940 4478 sss·
984 4413 1125 4494 positus,
1148 4411 1290 4475 senilem
1317 4412 1524 4489 gravitatem
1548 4411 1669 4490 induit,
1700 4417 1735 4476 et

194 4501 298 4580 tibus,
317 4500 450 4579 frigide
467 4500 575 4562 aetatIs
590 4506 723 4582 tempus
743 4502 858 4580 elegit,
881 4503 940 4566 sed
981 4499 1151 4581 juveniles
1167 4517 1272 4562 annos
1288 4504 1448 4562 veterana
1463 4500 1610 4578 quadum
1625 4501 1731 4564 conti-

192 4589 424 4654 maturitatem
454 4605 587 4651 omnem
618 4587 683 4652 fide
710 4594 745 4652 et
773 4590 939 4668 religione
984 4590 1102 4652 nentia
1130 4589 1231 4666 regii,
1261 4587 1493 4668 fervoremque
1523 4589 1672 4668 corporIs
1697 4590 1732 4652 in

194 4679 366 4760 praevenit,
381 4678 521 4740 vincens
543 4693 603 4757 per
624 4677 866 4740 continentIam
885 4677 940 4758 ju·
985 4695 1070 4740 cana
1083 4693 1216 4739 morum
1235 4675 1431 4739 maturitate
1447 4677 1626 4756 componit.

194 4771 366 4830 ventutem
383 4771 417 4830 et
431 4767 708 4845 comprimentem
727 4766 940 4832 lascivientes

194 4871 301 4919 annos
316 4859 377 4918 etc.

228 5092 256 5131 v.
269 5073 328 5128 147.
341 5073 407 5128 Vnt
420 5073 446 5143 6,
459 5075 484 5143 9,
498 5074 540 5129 11.
552 5071 670 5130 NemIni
682 5089 741 5129 non
753 5075 897 5132 arridebit
909 5076 941 5132 ln
984 5071 1120 5149 protetio,
1144 5088 1232 5144 quam
1251 5088 1310 5129 non
1335 5071 1468 5145 neglexit
1488 5078 1575 5132 vetus
1602 5075 1735 5135 corderii

195 5160 357 5235 posteriore
368 5157 479 5215 scholio
497 5175 611 5218 amoenn
623 5165 671 5230 τῆς
689 5163 832 5230 ἀναγωγῆς
853 5159 942 5220 inter·
985 5175 1166 5253 anonymus..
