4020 6098
742 485 785 548 IN
809 481 1007 548 PSALMUM
1037 482 1172 547 CXVIII
1279 515 1281 520 ·
1664 479 1748 542 251.

188 626 295 714 λήφθιν
318 625 390 692 καθ’
401 625 537 691 ἕκαστον
559 633 620 691 τῶν
640 585 808 710 ιστοιρρείιυν
830 623 865 690 ἓν
890 629 934 708 τῷ
978 607 1087 705 posito
1102 622 1198 686 nobis
1214 621 1344 706 psalmo
1358 636 1523 685 numerus
1537 617 1729 682 octonarius

187 727 391 818 προκειμένῳ.
403 727 459 796 Ἐν
473 728 573 813 τούτῳ
588 737 665 812 γοῦν
679 737 724 814 τῷ
738 728 863 814 ψαλμῷ,
876 730 934 814 τὴν
978 729 1209 820 persingulas
1225 729 1355 793 litteras
1371 727 1578 792 continetur.
1598 727 1630 788 Is
1650 739 1733 802 ergo
1828 743 1831 750 ·

187 838 248 900 τῶν
264 832 361 921 όιγίιυν
383 833 550 918 διαγράφει
572 830 741 916 πολιτείαν,
758 835 830 909 τοὺς
853 831 936 918 άγῶ-
980 834 1131 916 psalmus
1142 821 1336 897 sanctorum
1349 828 1510 894 describit
1524 827 1662 892 vivendi
1673 844 1732 906 ge-

187 961 253 1022 νας,
273 941 329 1018 τὰς
345 935 479 1023 θλίψεις,
495 939 536 1003 τά
551 937 724 1026 σκάμματα
737 940 793 1003 καί
807 939 847 1002 τά
863 936 936 1025 βρα-
980 957 1056 1018 nus,
1083 938 1279 1017 certamina,
1302 934 1512 1020 afflictiones,
1528 933 1650 1011 agonis
1665 935 1733 996 sta·

188 1042 269 1110 6εῑα.
980 1041 1037 1106 dia
1052 1046 1086 1106 et
1103 1043 1255 1124 proemia.
1496 1027 1497 1031 ¹

231 1366 263 1412 v.
279 1347 308 1412 1.
320 1344 481 1432 Μακάριοι
495 1345 620 1433 ἄμωμοι
630 1345 665 1412 έν
677 1344 748 1430 ὁδῷ,
761 1340 791 1408 οἱ
805 1341 935 1428 πορευό·
1024 1340 1064 1401 V.
1082 1339 1111 1401 1.
1123 1339 1222 1402 Beati
1236 1339 1442 1406 immaculati
1455 1341 1493 1404 ίιι
1506 1341 1572 1422 οἱα,
1589 1341 1649 1425 qai
1667 1319 1734 1407 αρί-

186 1471 272 1537 μενοι
287 1451 321 1518 έν
335 1450 421 1538 νόμῳ
435 1450 563 1537 Κυρίου.
978 1440 1092 1507 aaran
1105 1444 1143 1507 ιἰι
1165 1442 1232 1525 tegre
1246 1444 1388 1508 Domini.

229 1553 269 1623 Τί
282 1557 338 1620 οὖν
352 1557 437 1622 ἔστιν
451 1557 488 1620 τδ
505 1557 636 1641 ἄμωμον
650 1555 729 1620 είναι
750 1552 785 1619 έν
799 1561 843 1638 τῷ
859 1551 932 1638 όδῷ;
1022 1545 1109 1622 Quid
1121 1547 1239 1627 igitur,
1256 1548 1516 1612 immaculatum
1530 1565 1602 1614 esse
1614 1550 1651 1613 in
1662 1550 1736 1613 viai

185 1658 231 1726 To
246 1659 433 1748 superiectas
448 1660 482 1725 ίν
497 1658 583 1746 νόμῳ
597 1656 726 1743 Κυρίου,
742 1657 797 1722 καί
813 1658 856 1743 μὴ
874 1655 933 1736 lio
977 1653 1039 1716 Eat
1073 1653 1253 1733 procedere
1280 1655 1317 1717 in
1343 1655 1420 1732 lege
1447 1655 1593 1736 Domini,
1620 1673 1731 1738 neque

185 1761 300 1850 βαίνειν
319 1772 376 1828 τοῦ
398 1762 505 1851 νόμου,
523 1764 603 1849 μηδὲ
626 1761 826 1849 ἁμαρτάνειν,
850 1761 935 1826 άλλόι
980 1763 1076 1822 extra
1091 1760 1204 1836 legem
1231 1759 1417 1839 ambulare,
1447 1777 1558 1842 neque
1585 1777 1733 1842 peceare,

183 1866 372 1952 προκόπτειν
386 1869 441 1932 οιαὶ
456 1868 574 1934 ὁδεύειν
598 1867 649 1932 ἐπὶ
665 1868 725 1952 τὴν
743 1863 869 1952 ἀρετήν.
886 1863 936 1930 Γί-
980 1863 1039 1926 sed
1064 1862 1224 1943 progredi
1250 1867 1285 1926 et
1314 1881 1456 1945 pergere
1486 1865 1523 1927 in
1553 1864 1733 1928 virtutem.

184 1993 271 2038 νεται
285 1973 320 2038 δὲ
335 1975 441 2050 αὐτοῖς
464 1974 593 2060 άμιυμος
608 1969 630 2055 ἡ
646 1971 717 2049 όδδς
738 1971 773 2037 ἒν
793 1981 837 2059 τῷ
854 1967 934 2056 θείῳ
979 1967 1243 2033 Ambulantibus
1259 1971 1374 2031 autem
1398 1970 1434 2031 in
1451 1968 1567 2031 divina
1582 1973 1616 2031 et
1637 1969 1735 2051 spiri·

184 2080 239 2142 καί
254 2085 454 2164 πνευματικῷ
475 2075 560 2163 νόμιρ
574 2074 804 2163 πορευομένοις.
828 2071 934 2162 Νόμος
978 2073 1066 2135 tuali
1095 2072 1183 2152 lege,
1215 2073 1272 2134 via
1300 2071 1340 2134 iit
1362 2073 1593 2136 immaculata:
1633 2075 1733 2137 «Lex

184 2182 246 2266 γάρ
257 2180 377 2265 Κυρίου
390 2182 529 2267 ἄμωμος.
541 2179 698 2267 Ἀμώμιυς
712 2181 748 2245 δὲ
762 2179 873 2265 όδεόει,
891 2181 932 2270 [ο]
980 2176 1072 2239 enim
1086 2175 1223 2238 Domini
1235 2177 1463 2240 immaculata.
1478 2197 1495 2236 υ
1516 2211 1554 2220 -
1577 2178 1732 2260 inculpa·

184 2294 250 2362 τοις
261 2283 437 2371 εμττροοθεν
450 2283 713 2370 ἐπεκτεινόμενος,
729 2294 790 2351 τον
801 2286 836 2352 οε
849 2287 936 2352 οτιιο.
979 2286 1014 2343 te
1029 2285 1143 2343 autem
1161 2280 1322 2360 ambulat,
1340 2281 1399 2361 qui
1429 2299 1464 2344 se
1491 2278 1533 2342 ad
1559 2282 1729 2344 anteriora

183 2388 235 2454 θεν
250 2386 549 2475 ἐπιλανθανόμενος·
565 2389 582 2452 ό
598 2390 641 2474 μὴ
659 2388 868 2476 στρεφόμενος
888 2392 933 2472 εἰς
979 2383 1159 2471 protendit,
1176 2388 1210 2447 et
1224 2385 1410 2464 posteriora
1428 2385 1649 2465 obliviscitur,
1670 2388 1730 2467 qui

185 2495 227 2559 τά
248 2492 357 2578 όπίσυ,
382 2495 425 2579 μὴ
449 2491 601 2558 ἐκκλίνων
619 2493 704 2578 δεξιᾷ
726 2496 749 2580 ἤ
773 2493 931 2581 ἀριστερᾷ,
979 2505 1015 2552 se
1031 2506 1098 2552 non
1113 2493 1299 2552 retrorsum
1322 2490 1437 2568 vertit,
1454 2504 1564 2570 neque
1585 2490 1733 2554 declinat

185 2599 228 2684 μὴ
245 2595 536 2682 ἀποσφαλλόμεναι,
554 2598 597 2683 μὴ
614 2596 788 2684 ἱστάμενος,
802 2602 845 2685 μὴ
858 2599 933 2666 ἀνα.
978 2591 1020 2654 ad
1035 2592 1197 2672 dextram,
1211 2610 1321 2674 neque
1335 2592 1377 2655 ad
1389 2594 1572 2674 sinistram,
1586 2595 1645 2675 qui
1659 2613 1727 2660 non

185 2699 295 2788 μένων,
308 2699 392 2766 ἀλλὰ
403 2701 518 2766 ὁδεύων
529 2703 584 2768 καὶ
596 2700 781 2788 ὀρεγόμενος
793 2715 849 2770 τοο
860 2727 935 2789 κρο.
978 2699 1078 2775 errat,
1094 2712 1161 2758 non
1176 2697 1267 2760 sistit
1279 2713 1325 2775 se,
1338 2712 1404 2758 non
1417 2699 1651 2778 procrastinat,
1667 2698 1727 2762 sed
1818 2737 1820 2744 ·

183 2805 337 2892 κειμένου.
354 2805 484 2892 Ἐπειδὴ
501 2806 536 2870 δὲ
556 2806 573 2872 ό
593 2806 705 2892 Σωτήρ
729 2827 834 2893 αραιν-
848 2809 933 2897 ’Epeo
977 2801 1093 2882 pergit
1107 2805 1141 2862 et
1155 2801 1373 2881 progreditur
1387 2801 1423 2862 in
1435 2802 1645 2882 propositum
1656 2819 1727 2865 sco-

184 2909 282 2998 εἰμιή
300 2911 380 2995 ὁδός,
404 2910 542 2995 θέλομεν
562 2911 616 2975 καὶ
638 2913 722 2976 κατὰ
744 2922 836 2977 τοῦτο
860 2914 935 2980 ἰδεῖν
980 2921 1072 2986 ρυιιι.
1090 2905 1256 2979 Quoniam
1271 2919 1351 2968 vero
1368 2905 1521 2968 Salvator
1535 2905 1601 2967 ait:
1627 2906 1730 2983 «Ego

184 3026 250 3094 πῶς
266 3015 295 3080 οἱ
318 3015 374 3103 μέν
396 3017 472 3096 εἰσιν
489 3017 613 3102 ἄμωμοι
636 3017 670 3082 έν
693 3015 766 3102 όδῷ,
790 3016 819 3081 οἱ
841 3017 876 3081 δὲ
898 3018 936 3082 οὐ
981 3027 1058 3072 sum
1073 3009 1162 3089 via»,
1179 3011 1338 3072 volumus
1354 3015 1388 3072 et
1399 3007 1500 3088 juxta
1516 3008 1602 3072 iilud
1613 3009 1728 3072 videre

184 3130 329 3185 τοιοῦτον,
353 3119 392 3187 οἱ
414 3123 485 3206 κερι
505 3121 644 3204 Χριοτοο
668 3130 853 3206 ιρρονοονττς
873 3121 938 3208 ομι.
983 3112 1150 3193 quomodo
1166 3113 1225 3175 alii
1238 3113 1375 3193 quidem
1387 3112 1459 3176 sint
1469 3114 1678 3177 immaculati
1695 3115 1731 3177 in

184 3221 265 3305 είιιις,
281 3225 335 3288 καὶ
351 3225 393 3309 μὴ
412 3221 610 3309 σφάλλεσθαι
625 3223 813 3312 ἀνεχόμενοι
826 3226 860 3291 ἐν
872 3236 936 3304 τοῖς
981 3217 1048 3294 Via,
1065 3216 1124 3278 alii
1140 3232 1220 3278 vero
1232 3217 1281 3279 sic
1293 3234 1359 3279 non
1373 3219 1451 3280 Sint.
1468 3218 1531 3292 Qui
1544 3217 1584 3280 de
1597 3217 1729 3281 Christo

185 3327 319 3414 δόγμασι
334 3337 399 3406 τοῖς
414 3329 484 3413 περὶ
501 3329 607 3410 αὐτοῦ,
626 3326 775 3414 μακάριοί
794 3329 870 3397 εἰσιν
886 3331 937 3393 οὐ.
981 3337 1062 3384 sane
1073 3321 1236 3400 sentiunt,
1245 3338 1308 3384 nec
1315 3322 1486 3384 sustinent
1497 3321 1538 3384 de
1547 3323 1606 3384 iilo
1618 3339 1730 3384 errare

184 3451 242 3514 τοι,
259 3433 383 3518 ἄμωμοι
398 3433 432 3498 ἐν
455 3433 527 3519 ὁδῷ,
543 3429 637 3498 Ὀοοι
652 3433 687 3498 δὲ
709 3434 781 3519 περὶ
796 3434 936 3519 Χριοτοο
982 3425 1018 3487 in
1030 3424 1258 3502 dogmatibus,
1267 3425 1318 3487 illi
1330 3424 1414 3488 beati
1425 3430 1514 3504 sunt,
1526 3425 1730 3490 immaculati

185 3545 351 3620 φρονοῦσιν
379 3535 598 3623 ἐσφαλμένοις,
631 3538 716 3602 οὗτοι
746 3537 936 3622 ἐστήρηνται
981 3527 1018 3591 ιἰι
1027 3527 1092 3591 cia.
1102 3529 1312 3608 Quicumque
1321 3528 1665 3593 decbristoiallaoem
1677 3535 1725 3592 te-

187 3650 243 3706 τοῡ
259 3641 410 3706 τοσούτου
427 3650 636 3728 μακαρισμοῦ,
655 3679 696 3691 -
713 3640 753 3708 Τί
774 3643 829 3706 οὖν
851 3641 938 3728 λέγει
982 3635 1067 3693 nent
1081 3633 1294 3710 sententiam,
1311 3633 1489 3712 privantur
1511 3632 1615 3713 hujus
1639 3635 1729 3698 modi

187 3745 204 3809 ὁ
221 3755 343 3830 πρῶτος
363 3743 578 3832 μακαριομος;
602 3743 745 3830 Νοητέον
767 3755 890 3830 πρῶτον
905 3747 937 3812 ο.
982 3734 1154 3798 beatitate.
1169 3734 1256 3809 Quid
1279 3753 1362 3812 ergo
1378 3735 1460 3798 dicit
1478 3738 1569 3816 prior
1583 3738 1729 3801 beatitu-

185 3849 305 3932 δεῦσαι,
321 3850 389 3914 είτα
405 3848 522 3934 φθάσαι
538 3849 589 3914 ta
604 3849 705 3927 τέλος.
983 3841 1048 3904 do?
1070 3841 1206 3904 Discere
1221 3844 1353 3922 oportet
1375 3843 1522 3922 primum
1545 3842 1730 3923 ambulare,

983 3944 1103 4010 deinde
1119 3961 1298 4025 properare
1314 3945 1349 4006 in
1365 3944 1478 4007 tinem.

232 4075 265 4121 v.
281 4057 312 4121 2,
329 4055 490 4142 Μακάριοι
512 4057 541 4121 οἱ
563 4057 783 4141 εξερεονοντις
798 4060 838 4124 τοι
858 4079 936 4145 μορ.
1025 4052 1064 4113 V.
1080 4049 1111 4113 2.
1126 4049 1223 4112 Beati
1251 4049 1309 4130 ραι·
1334 4052 1526 4115 scetantur
1547 4051 1731 4114 testimonia

188 4160 279 4245 τόμια
295 4161 410 4226 αὐτου·
426 4161 459 4227 ἐν
476 4161 535 4247 tiz]
550 4172 590 4248 τῇ
609 4161 723 4248 καρδίᾳ
742 4161 938 4250 ἑκζητήοον.
980 4153 1066 4237 ορμον
1080 4155 1116 4218 ia
1132 4157 1194 4218 toto
1208 4153 1299 4219 corde
1313 4153 1483 4236 exquireret
1496 4169 1578 4217 οιιιιι.

189 4285 237 4330 σιν
252 4263 356 4330 αὐτόν.

233 4447 396 4509 Ηιιιιιιιιο
410 4445 448 4508 ic
461 4463 491 4510 ο.
515 4447 546 4511 2,
566 4447 741 4510 Dictorum
765 4447 845 4510 ordo
867 4465 936 4511 non
981 4435 1155 4500 honestate
1171 4437 1375 4516 compositis,
1391 4437 1482 4500 viam
1503 4436 1655 4498 veritatis
1678 4437 1728 4498 in-

187 4535 418 4612 negligendus
449 4539 531 4598 οοι,,,
558 4536 631 4597 Non
659 4538 749 4598 enim
776 4537 935 4618 primum,
981 4524 1097 4604 gredi3
1121 4543 1266 4607 sequens
1290 4523 1410 4587 deiude
1434 4529 1485 4586 est
1500 4525 1645 4586 scrutari
1668 4524 1729 4607 Dei

186 4620 270 4686 ορμον·
283 4626 467 4688 mmm,
488 4624 672 4688 νομιινιιοννῑο
692 4625 765 4704 μοι,
789 4624 847 4687 Sed
869 4627 936 4706 pri.
979 4613 1206 4676 testimonia...
1229 4614 1364 4676 Ordinis
1386 4619 1500 4675 autem
1523 4612 1626 4692 hujus
1647 4617 1681 4674 et
1695 4631 1730 4674 a·

186 4728 291 4790 mum,
314 4709 398 4776 ορμον·
419 4712 622 4778 mmmm
643 4714 681 4777 ιιι
700 4715 765 4778 m,
782 4713 881 4778 Prius
903 4733 936 4778 ο.
980 4702 1048 4765 lius
1064 4702 1227 4782 propheta
1243 4719 1310 4764 non
1328 4703 1505 4763 immemor
1521 4707 1581 4780 est,
1603 4701 1729 4764 dicens:

186 4801 257 4863 nim
274 4805 334 4880 est,
350 4799 559 4865 confirmatis
575 4803 726 4866 moribus
739 4809 773 4866 et
789 4803 824 4864 in
840 4803 936 4866 inno·
980 4791 1087 4854 serite
1102 4795 1165 4852 0i0·
1181 4792 1254 4853 Non
1270 4789 1476 4853 illumissfltm
1489 4791 1648 4872 primum·
1671 4788 1731 4852 sed

188 4889 307 4952 oentiae
329 4889 482 4953 studium
506 4908 548 4954 ex
562 4892 734 4954 communi
756 4891 934 4972 probitatis
979 4879 1065 4942 88110
1081 4885 1196 4941 1108tffl
1210 4881 1471 4960 Pfaeoepiaestu·

219 5035 248 5078 v.
261 5020 286 5074 1.
299 5037 328 5076 v.
342 5019 366 5089 1,
379 5019 446 5076 Vat
466 5019 508 5090 11,
521 5021 564 5076 16.
581 5021 630 5077 Ρε.
649 5037 738 5092 xv1n,
755 5023 781 5078 8.
793 5022 871 5079 Phil.
891 5039 936 5096 ιιι,
980 5021 1075 5078 multa
1087 5021 1146 5078 alia
1157 5020 1268 5077 habent
1279 5021 1452 5093 communia,
1465 5039 1531 5095 quse
1540 5022 1628 5080 facile
1637 5023 1731 5080 oredi-

186 5107 229 5163 lii.
243 5105 331 5164 Joan.
344 5123 408 5176 xxv,
421 5109 446 5162 θ.
458 5106 573 5164 Praetar
583 5109 679 5164 relsts
695 5109 829 5182 superius
841 5111 937 5182 paral-
981 5109 1060 5165 deris
1073 5125 1110 5164 ax
1123 5107 1226 5164 eodem
1238 5107 1375 5180 Origanis
1387 5107 1470 5166 fonte
1483 5109 1625 5168 derivata.

190 5191 249 5249 lels
260 5189 369 5248 Hilarii
381 5197 412 5249 at
421 5191 578 5264 Ambrosii,
587 5193 636 5250 hic
648 5198 679 5251 et
687 5193 765 5251 infra
774 5195 938 5270 sepissima
1016 5212 1046 5254 v.
1059 5197 1086 5254 2.
1098 5195 1167 5252 Vnt.
1179 5197 1205 5268 6,
1217 5196 1243 5266 8,
1256 5197 1282 5267 t),
1296 5196 1337 5250 11.
1357 5195 1433 5252 Osee
1445 5215 1474 5268 x,
1493 5199 1535 5254 12.
1548 5197 1623 5254 Para
1633 5201 1732 5272 poste·
