4036 6090
323 415 385 476 114
984 417 1193 480 ORIGENES

318 553 513 640 λουθήσωσι·
529 557 583 621 καί
597 557 648 620 ἵνα
670 558 712 642 μή
734 555 886 642 γένωνται
901 554 943 633 ὡς
958 553 987 619 οί
1005 576 1064 619 πα-
1108 557 1311 642 Neqacstcnt
1320 564 1406 627 sinu
1413 567 1527 643 patrer
1539 579 1656 626 εονναα.
1670 565 1851 644 Per-petuas

319 658 418 745 τέρες·
430 658 562 746 ήθέτουν
573 661 634 745 γὰρ
648 659 706 742 ἀεὶ,
721 661 775 723 καί
786 660 845 724 οῦκ
859 655 1064 744 ἐύιβαιοῦτοή
1110 663 1199 725 enim
1216 668 1437 730 contumelias
1453 667 1697 747 impingebant,
1713 685 1775 731 nec
1797 667 1851 731 fir·

319 763 433 851 καρδία
448 767 551 830 αὐτῶν
562 770 639 849 πρὸς
651 764 755 830 αὐτόν.
774 765 875 830 Τοῦτο
886 766 947 850 γὰρ
960 767 996 828 rb
1007 764 1065 828 οὐκ
1109 765 1265 829 mabatur
1276 784 1391 832 corum
1405 787 1461 833 cor
1474 771 1509 832 in
1522 771 1630 833 illum.
1645 771 1682 834 ld
1689 772 1779 834 enim
1787 773 1850 834 ait:

322 868 480 954 ἐπιστεύθη
498 870 577 954 μετὰ
591 879 646 934 τοῦ
658 868 740 937 Θεοῦ
760 873 795 934 τὸ
818 878 941 954 πνεῦμα
956 869 1064 952 αὐτῆς.
1108 869 1225 933 Είνιῦνι
1238 871 1436 938 οῦίονούίίαο
1450 889 1521 938 oum
1536 876 1601 938 Deo
1617 874 1757 954 spiritus
1772 874 1850 954 ejus.

320 975 450 1061 Πνεῦμα
465 975 500 1040 δὲ
515 985 568 1040 νῦν
579 976 638 1060 τήν
651 974 838 1060 προαίρεσιν,
851 976 908 1060 τήν
920 982 976 1058 τῆς
988 973 1065 1060 γνιύ-
1109 974 1206 1036 Nunc
1235 992 1315 1038 vero
1343 978 1501 1057 spiritum
1528 997 1600 1043 esse
1629 981 1679 1042 ait
1708 980 1848 1043 liberam

319 1100 381 1165 μης
404 1077 538 1144 διαθέσιν
560 1076 654 1162 λέγει.
672 1077 805 1143 Σκολιθν
828 1077 863 1142 δὲ
885 1076 987 1158 καλεῖ,
1005 1076 1065 1161 ούχ
1109 1077 1330 1159 voluntatem,
1360 1084 1535 1146 sententiaa
1564 1083 1850 1148 deliberationem.

318 1184 365 1248 ὅτι
381 1181 419 1248 ἐκ
434 1183 555 1268 φύσεως
569 1182 609 1265 τήν
622 1181 738 1266 φαύλη,
754 1180 826 1246 ἀλλ’
838 1183 886 1245 ύτι
897 1180 1017 1244 ἐκουσα
1027 1180 1065 1243 οῦ
1111 1181 1253 1242 Pravam
1269 1188 1367 1245 vocat
1382 1200 1466 1263 eam,
1482 1202 1549 1249 non
1573 1186 1708 1267 quidem
1732 1204 1773 1250 ex
1795 1205 1853 1250 na·

320 1290 498 1374 κατηύθυνε
517 1289 576 1373 τήν
598 1287 730 1371 καρδίαν
756 1286 881 1370 έαυτης,
905 1284 970 1350 οὐδ’
980 1286 1065 1371 είγεν
1108 1286 1195 1364 tura,
1217 1285 1275 1348 sed
1301 1287 1390 1367 quod
1415 1293 1533 1368 sponte
1556 1307 1618 1356 sua
1639 1308 1706 1354 non
1729 1289 1853 1355 direxit

317 1391 414 1476 ὀρθήν
435 1391 538 1456 πίστιν
560 1392 636 1474 πρὸς
663 1393 720 1468 τὰς
741 1388 833 1467 θείας
860 1389 1062 1475 ἐπαγγελίας,
1108 1403 1291 1470 corsuum,
1308 1394 1851 1472 nequerectamhabuitfidemin

317 1495 390 1560 ἀλλ’
401 1493 555 1576 ἐδίσταζε,
579 1495 633 1558 καί
648 1492 872 1578 παρεπίκραινε
898 1494 949 1558 διὰ
971 1501 1063 1556 τοῦτο
1108 1492 1223 1555 div1na
1234 1495 1407 1574 promissa,
1417 1496 1475 1559 aed
1490 1496 1593 1560 dubia
1604 1499 1719 1578 movit,
1731 1504 1766 1562 et
1777 1518 1852 1563 exa·

315 1599 481 1685 γογγύζειν
496 1599 604 1676 ἐντοῖς
620 1597 793 1683 δυσχερέσι.
810 1596 875 1661 Καὶ
890 1608 989 1662 ταῦτα
1005 1597 1062 1681 μέν
1107 1595 1266 1674 corbavit,
1282 1598 1363 1661 dum
1376 1602 1603 1663 murmuravit
1618 1602 1653 1664 in
1668 1603 1793 1667 arduis.
1810 1606 1853 1667 Et

316 1701 444 1767 δΔαυίδ
465 1710 630 1787 παρεγγυᾷ
652 1703 806 1786 τοῖςπερὶ
829 1700 934 1765 αὐτόν.
960 1699 1005 1764 Σύ
1027 1700 1062 1764 δέ
1107 1715 1147 1761 ca
1163 1701 1298 1779 quidem
1313 1705 1395 1764 sunt
1409 1720 1484 1784 quae
1506 1706 1578 1768 suis
1600 1707 1708 1770 David
1730 1726 1852 1772 renun-

315 1807 370 1870 καί
392 1808 490 1882 οὕτως
513 1803 686 1883 ἐπιθαλεῐς·
709 1803 887 1889 Μαρτύριύν
906 1823 983 1888 φησι
1006 1813 1060 1868 τοῦ
1107 1804 1179 1865 tiat.
1196 1805 1247 1866 Tu
1262 1821 1342 1867 vero
1366 1806 1467 1869 etiam
1488 1809 1537 1871 sic
1555 1809 1729 1889 subjicies:
1752 1815 1853 1875 tosta-

317 1907 496 1995 μαρτυρίου,
520 1909 553 1974 ἐν
579 1911 601 1994 ή
625 1911 679 1973 καὶ
700 1908 830 1989 πλάκες,
854 1908 1062 1993 παιδαγωγῶν
1106 1911 1259 1970 mentum
1279 1910 1408 1987 allegat
1418 1913 1613 1992 testimonii,
1630 1915 1664 1976 in
1678 1932 1744 1996 quo
1756 1923 1852 1980 erant

316 2013 431 2088 αὐτούς
445 2013 489 2089 εἰς
504 2014 539 2075 τὸ
554 2014 670 2096 γνῶναι
691 2013 743 2076 δια
758 2021 812 2075 τοῦ
827 2010 923 2096 νύμου
938 2014 992 2075 τὸν
1003 2033 1061 2075 κα-
1105 2010 1229 2074 tabule
1242 2011 1352 2091 Legis,
1368 2015 1525 2079 erudiens
1538 2033 1593 2080 eos
1605 2023 1643 2081 ut
1653 2035 1713 2099 per
1725 2021 1849 2099 Legem

314 2119 356 2181 τὰ
377 2119 485 2200 καιρὸν
508 2115 718 2200 ἐπιδημοῦντα
741 2115 876 2200 Σωτήρα
902 2122 945 2198 τῷ
966 2113 1060 2200 γένει,
1105 2119 1292 2192 agnoscant
1318 2117 1524 2182 Salvatorem
1546 2121 1583 2184 in
1605 2126 1753 2203 tempore
1775 2141 1850 2188 con-

315 2223 400 2298 ύπως
427 2220 455 2284 οί
481 2219 707 2304 τεχθησόμενοι
736 2219 815 2300 υἱοί,
843 2217 1001 2284 τουτέστιν
1031 2217 1061 2283 οἱ
1105 2223 1297 2282 versantem
1311 2237 1373 2282 suo
1389 2239 1466 2284 cum
1483 2239 1618 2303 genere,
1634 2230 1675 2288 ut
1688 2229 1850 2291 nascituri

317 2325 466 2412 μακάριοι
492 2323 631 2408 μαθηταί
652 2325 693 2387 τύι
715 2322 874 2406 θαυμάσια
896 2323 918 2386 θ
940 2322 1061 2407 κατιθρ-
1105 2321 1178 2400 filii,
1196 2321 1230 2384 id
1246 2327 1297 2385 est
1311 2322 1401 2386 beati
1415 2326 1583 2407 discipuli,
1601 2328 1756 2410 prodigia
1774 2350 1850 2414 quae

317 2428 416 2494 θωσεν
431 2427 448 2492 ὁ
463 2427 608 2510 Χριστὸς,
627 2426 842 2511 ἀπαγγελοῦσι
853 2435 917 2503 τοῖς
931 2427 1062 2510 προσελ-
1106 2425 1258 2488 Christus
1267 2429 1423 2508 patravit,
1433 2433 1674 2496 annuntiarent
1681 2433 1849 2516 fidelibus

315 2531 402 2597 θοῦοί
415 2541 453 2615 τῇ
469 2528 580 2612 πίστει,
595 2531 763 2595 καὶταῦτα
775 2531 881 2608 αὐτοῖς
891 2530 1057 2616 διηγήσον-
1106 2545 1212 2608 eaque
1229 2530 1297 2592 illis
1312 2538 1517 2613 enarrarent,
1533 2551 1675 2616 quorum
1688 2555 1749 2619 ope
1761 2544 1851 2604 vale-

314 2656 375 2716 ται,
402 2635 442 2698 δι’
452 2637 495 2700 ὢν
526 2633 713 2719 δυνήσονται
740 2633 833 2721 μύνον
862 2632 976 2699 ἐλπίδα
1005 2635 1058 2699 τύν
1106 2637 1180 2698 rent
1206 2633 1242 2695 in
1271 2634 1381 2697 solum
1411 2637 1519 2699 Deum
1545 2655 1640 2718 spem
1662 2643 1848 2722 assignare,

315 2739 396 2808 Θεύν
419 2737 661 2823 ἐπιγράψασθαι,
678 2739 734 2824 τήν
756 2747 818 2804 τῶν
840 2737 983 2822 πατέρων
1004 2760 1061 2802 κα-
1108 2737 1308 2817 neutiquam
1320 2738 1444 2802 imitati
1456 2741 1636 2820 pessimam
1647 2745 1782 2822 patrum
1795 2763 1850 2808 su·

312 2840 517 2927 κοδαιμονίαν
540 2844 583 2928 μή
609 2843 825 2928 μιμησάμενοι.
842 2839 880 2907 Ὁ
902 2844 964 2927 γὰρ
986 2841 1059 2927 πρύ-
1105 2841 1345 2920 perstitionem.
1366 2844 1499 2907 Priscus
1515 2845 1605 2906 enim
1622 2847 1767 2926 populus
1782 2865 1849 2911 non

313 2967 402 3030 τερον
417 2947 493 3024 λαδς
509 2947 567 3011 οὐκ
582 2947 718 3031 ἐτήρησε
740 2950 798 3033 τήν
814 2946 985 3033 συνθήκην,
1002 2949 1060 3033 τήν
1104 2945 1288 3008 custodivit
1302 2945 1411 3008 foedus
1425 2965 1502 3009 cum
1514 2947 1582 3011 Deo
1599 2949 1736 3012 initum:
1752 2951 1851 3031 cujus

314 3053 391 3134 πρὸς
414 3052 467 3116 τὸν
490 3049 580 3132 Θεὸν,
605 3053 735 3128 αύτούς
759 3050 875 3136 ψόγους
900 3053 1060 3138 μανθάνω·
1105 3049 1273 3129 vituperia
1287 3050 1485 3130 recolamus,
1497 3069 1539 3114 ne
1551 3053 1678 3116 similes
1694 3053 1774 3118 huic
1792 3073 1852 3136 po·

314 3175 379 3240 μεν,
392 3157 443 3218 ίνα
459 3157 502 3241 μή
519 3154 675 3241 γινώμεθα
690 3155 731 3234 ὡς
746 3157 875 3240 ἐκεῖνος,
892 3158 910 3222 ὁ
925 3157 960 3221 δὲ
983 3157 1059 3234 λαδς
1104 3153 1184 3232 pulo
1200 3153 1332 3232 fiamus,
1352 3155 1455 3216 immo
1478 3172 1557 3218 vero
1581 3158 1772 3222 nasciturus
1795 3177 1851 3240 po·

313 3259 586 3345 ὁτεχθησύμενος,
607 3259 673 3338 ὁέξ
688 3258 783 3325 ἐθνῶν
797 3260 974 3343 πιστεύσας,
991 3281 1060 3325 συν-
1104 3257 1216 3336 μιιλιιο,
1239 3257 1298 3336 qui
1322 3274 1363 3319 ex
1386 3258 1546 3335 gentibus
1569 3261 1720 3341 credidit,
1737 3280 1850 3327 consc-

312 3365 419 3448 ταφείς
442 3364 568 3448 Χριστῷ
591 3363 642 3426 διὰ
672 3373 726 3427 τοῦ
760 3361 983 3448 βαπτίσματος,
1005 3366 1059 3428 καὶ
1104 3362 1219 3440 pullus
1234 3360 1375 3442 Christe,
1393 3363 1427 3424 in
1443 3363 1514 3443 ipso
1529 3366 1685 3427 surrexit.
1707 3367 1785 3431 ideo
1800 3368 1848 3431 di·

312 3465 485 3551 ουνανέοιη
505 3467 609 3551 αύτῷ·
631 3466 677 3530 διὸ
693 3467 832 3551 εἴρηται·
848 3465 1060 3551 Ἀναστήοον·
1103 3467 1195 3525 ctum
1211 3466 1276 3526 cst:
1291 3465 1459 3546 Εειιαμοαί
1472 3467 1549 3548 fila·
1562 3469 1732 3533 ιιαεοίίααί.

313 3592 365 3635 ται
379 3570 437 3635 uici
453 3570 688 3656 τεχθησόμενοι.

358 3697 389 3739 v.
421 3676 527 3740 1o12.
550 3671 619 3738 Ούκ
642 3672 800 3758 ἐφύλαξαν
822 3675 880 3758 τήν
905 3671 1059 3760 διαθήκην
1146 3687 1177 3732 v.
1200 3671 1328 3734 10-12.
1352 3673 1425 3736 Νοα
1445 3674 1664 3741 martodteruat
1684 3683 1852 3746 testamen-

313 3790 367 3845 τοῦ
393 3779 486 3858 Θεοῦ,
503 3779 558 3841 καί
581 3779 615 3843 ἐν
635 3787 677 3864 τῷ
697 3778 782 3863 νύμιρ
799 3778 895 3842 αὐτοῦ
914 3779 972 3841 οῦκ
993 3777 1059 3843 ἐθέ-
1101 3777 1170 3835 tua
1185 3773 1257 3852 Dei,
1274 3777 1307 3836 εί
1320 3775 1357 3836 ia
1379 3773 1446 3856 ίορο
1460 3777 1531 3856 ejus
1551 3779 1724 3847 νιοίαοαααί
1744 3785 1851 3848 ambre

314 3884 369 3949 λον
393 3881 588 3967 πορεύεσθαι.
611 3881 676 3946 Καί
691 3881 881 3948 ἐπελάθοντο
894 3889 956 3945 τῶν
972 3882 1057 3966 εύερ-
1103 3877 1182 3940 lare.
1197 3878 1242 3938 st
1262 3876 1354 3941 obliti
1373 3883 1451 3943 sunt
1471 3879 1707 3962 benefactorum
1729 3889 1799 3969 ejus
1820 3894 1852 3954 ct

318 3990 431 4073 γεσιθιν
454 3989 550 4050 αὐτοῦ
573 3988 626 4050 καί
656 3995 717 4052 τῶν
739 3983 925 4069 θαυμασίων
951 3985 1057 4068 αὐτοῦ,
1101 3979 1304 4044 mirabilium
1326 3980 1406 4061 αρἀε,
1431 3997 1500 4062 qua
1527 3975 1664 4053 ostendit
1677 3991 1726 4054 eir
1744 4009 1850 4057 coram

316 4095 359 4157 ιὐν
375 4091 489 4170 ἔδειξεν
504 4090 609 4167 αὐτοῖς
625 4089 763 4155 ἐναντίον
774 4098 835 4153 τῶν
847 4085 988 4172 πατέρων
1004 4089 1058 4153 αύ-
1095 4081 1247 4165 μαινίδια
1256 4101 1374 4162 emam,
1389 4085 1550 4168 pracfecit
1563 4090 1729 4157 mirabilia
1741 4095 1777 4158 in
1789 4099 1851 4159 ter·

237 4180 246 4197 '
313 4196 422 4279 τῦν,θ
444 4193 573 4278 ἐποίησε
588 4192 754 4279 θαυμάσιοι
775 4193 808 4257 ἐν
825 4201 867 4278 γή
886 4191 1056 4277 Αἰγύπτου,
1101 4205 1140 4253 νῦ
1155 4189 1300 4270 Εμμμίί,
1315 4187 1472 4269 inrumpo
1489 4192 1619 4256 ramos.

316 4295 462 4382 ἐν’πεδίιρ
477 4297 612 4374 Τύνεως.

356 4399 469 4466 Καίτοι
483 4399 587 4464 πολλὰ
603 4398 853 4485 εύηργετουμένα
875 4399 978 4465 πάντα
993 4399 1057 4465 ἀπὸ
1148 4398 1286 4461 Interim
1302 4396 1470 4477 permulta
1493 4398 1561 4462 illis
1580 4402 1702 4466 collata
1724 4406 1848 4470 benefi-

312 4516 368 4592 της
384 4503 509 4591 μνήμης
521 4504 774 4590 ἀπερρίπτησαν·
790 4505 844 4568 καί
855 4504 966 4568 τούτου
979 4503 1056 4568 ἀπύ-
1102 4500 1165 4578 cia,
1181 4499 1295 4561 omnia
1310 4516 1351 4561 ex
1367 4502 1529 4564 memoria
1544 4515 1791 4588 expunxerunt,
1815 4516 1849 4575 et

312 4611 403 4690 δειξις
418 4610 453 4674 τύ
476 4609 669 4692 παραδοῦναι
684 4608 780 4673 αὑτὸν
801 4607 937 4692 Πιλάτιμ.
961 4607 1058 4694 Εύερ-
1102 4607 1305 4680 argumento
1322 4609 1373 4664 est
1388 4602 1540 4668 Christus
1562 4608 1670 4671 Pilato
1693 4614 1847 4676 traditus.

311 4715 492 4801 γετούμενοι
505 4713 566 4777 ὑπὸ
582 4723 637 4777 τοῦ
651 4709 786 4793 κτίστου,
802 4711 1059 4777 ἐπιλανθάνονται
1106 4743 1142 4751 -
1161 4705 1329 4769 Beneficia
1340 4707 1507 4772 creatoris
1518 4709 1640 4791 adepti,
1653 4712 1849 4778 baereticiea

313 4819 341 4883 σί
364 4818 524 4901 αἱρετικοί,
548 4819 602 4880 καί
628 4817 686 4880 οὐκ
708 4817 855 4901 ἐνορῶσιν
876 4823 940 4892 τοῖς
962 4813 996 4879 ἐν
1019 4823 1057 4898 τῇ
1102 4811 1358 4888 obliviscuntur,
1367 4827 1476 4891 neque
1490 4813 1847 4882 intuenturcumulata

346 5071 373 5110 v.
386 5054 474 5108 lola.
493 5053 560 5107 Vat.
573 5053 597 5107 4.
617 5051 753 5108 Laurent.
773 5051 851 5107 Plut.
871 5069 899 5120 ν,
918 5050 959 5120 14,
977 5049 1056 5105 Plut.
1101 5051 1132 5102 ct
1144 5045 1217 5118 legit
1229 5063 1294 5102 cum
1307 5046 1389 5101 codd.
1402 5045 1567 5103 florentinis
1585 5051 1757 5117 αναῤῥῑπιοαν.
1771 5051 1842 5106 Eos-

311 5157 351 5208 tt,
368 5139 394 5192 θ.
413 5137 552 5206 Quadam
569 5137 732 5194 Athanasio
750 5138 854 5194 tribuit
871 5136 988 5194 Gorder.
1002 5137 1020 5190 l.
1034 5137 1052 5192 l.
1102 5134 1168 5190 dem
1180 5149 1294 5206 semper
1305 5132 1468 5190 hacretims
1480 5133 1684 5191 antenicacuos
1701 5135 1825 5210 impetit.
