3966 6108
779 509 823 572 ru
846 465 1093 575 raorunms
1301 507 1302 514 ‘
1668 516 1732 578 aar
1816 469 1820 488 '

222 646 383 728 Ἀκύλας·
404 647 450 716 Th
472 647 654 735 ἐπιθύμημα
674 655 736 714 τῶν
758 646 928 735 δρθαλμῶν
1017 649 1151 730 Aquila:
1173 649 1434 731 cataplasma
1445 650 1733 736 oeolotomioplo·

178 752 388 840 δντιληγηλν
404 752 676 839 captatelam
970 767 1024 834 ρο,
1042 752 1263 834 ιἰιτσρσιιίίοα
1277 757 1387 818 morie.

221 877 253 924 v.
269 861 300 924 θ.
316 855 443 936 Δίκαιος
458 857 549 935 ούτδς
564 859 641 939 ἐστι,
655 856 721 942 ζωή
737 855 880 943 ζήσεται.
1017 873 1049 919 v.
1068 859 1097 918 9.
1112 859 1231 921 lactus
1245 862 1294 923 est
1313 858 1405 923 Ιιοοιο
1419 857 1490 938 ille,-
1506 857 1577 926 etto
1590 861 1685 928 eieci.

220 957 375 1028 Ἀτιέθετο
390 962 452 1047 γὰρ
474 963 533 1047 τήν
549 960 612 1041 ίξιν
627 971 684 1026 τού
700 960 856 1045 θανάτου,
872 962 928 1026 καί
1016 960 1153 1022 Amovit
1164 960 1255 1022 enim
1269 959 1466 1026 facultatem
1479 965 1608 1044 mortis,
1623 973 1657 1030 et
1667 966 1731 1031 hoc

176 1073 271 1130 τοῦτο
285 1061 375 1150 ζήτει
389 1066 443 1130 τύ·
460 1063 507 1130 Oh
523 1066 566 1152 μή
584 1065 739 1152 ἀπσθανή.
973 1080 1086 1144 quare
1109 1065 1144 1126 in
1164 1063 1282 1128 verbo:
1306 1066 1380 1130 Νοιι
1394 1069 1559 1133 κυνίαισι
1576 1086 1729 1152 unquam.

221 1187 253 1234 v.
270 1170 323 1234 23.
339 1167 393 1255 Μή
409 1167 542 1254 θελήσαι
563 1167 694 1254 θελήσω
710 1172 764 1236 τὸν
785 1168 927 1236 θάνατον
1016 1185 1048 1230 v.
1064 1169 1117 1232 23.
1133 1167 1239 1234 Nullo
1260 1169 1424 1237 calamaci
1446 1173 1575 1238 οοίιιτκο
1597 1179 1731 1240 mortem

177 1281 233 1338 τοῦ
248 1271 378 1358 ἀνόμου.
972 1273 1104 1354 injusti.

220 1375 357 1462 Ὁμοίως
372 1377 439 1442 ἐστι
453 1385 498 1463 τῷ
512 1375 626 1463 πρύτιρ
641 1376 719 1463 λαῷ.
1017 1377 1068 1439 Ita
1084 1381 1135 1440 est
1149 1393 1209 1457 pro
1225 1381 1338 1440 vetere
1354 1379 1489 1458 populo.

220 1485 297 1546 Cae.
312 1499 437 1562 xxvur,
460 1501 492 1546 v.
516 1483 547 1546 2.
572 1481 658 1547 Teos
681 1477 764 1568 λέγει
788 1480 925 1566 Κύριος·
1016 1496 1087 1546 ose.
1104 1482 1367 1561 xxv111,2.Hoc
1386 1481 1469 1547 dicit
1490 1484 1666 1550 Dominus:
1681 1487 1730 1550 B'o

175 1580 312 1650 Ἀνθαύ
334 1583 445 1669 ύψύθη
469 1605 526 1650 σου
549 1584 570 1670 ή
594 1583 719 1670 καρδία,
742 1587 797 1652 καί
817 1588 926 1664 εἴπας·
971 1583 1055 1665 ριιού
1075 1583 1234 1648 eteoclem
1264 1587 1388 1648 osteor
1409 1588 1510 1664 ioum,
1537 1591 1569 1651 et
1589 1587 1706 1653 dictati
1713 1613 1724 1651 .-

175 1685 256 1765 Θεύς
277 1689 340 1774 εἰμι
363 1687 436 1774 ἐγὼ,
459 1686 624 1753 κατοικίαν
645 1686 730 1755 Θεοῦ
749 1686 927 1774 κατῴκηκα
971 1689 1060 1753 Deua
1082 1705 1155 1753 aem
1175 1704 1240 1771 τρο,
1266 1689 1304 1752 ia
1318 1687 1407 1754 ιίοικο
1427 1691 1491 1754 Dei
1510 1690 1667 1772 habitavi,
1690 1693 1728 1759 ia
1785 1749 1787 1754 ,

173 1791 209 1857 ἐν
223 1791 339 1878 καρδίᾳ
352 1791 533 1877 θαλάσσης
549 1791 595 1858 Σὺ
611 1792 646 1858 δί
661 1793 690 1858 εί
708 1791 909 1877 ἄνθρωπος...
972 1791 1074 1857 medio
1088 1794 1208 1858 morie:
1224 1797 1260 1857 at
1281 1797 1318 1856 to
1339 1795 1430 1859 domo
1452 1811 1496 1859 es.
1785 1819 1787 1823 ·

219 1895 444 1983 Πολυχρσνίου.
462 1896 635 1964 Βούλσνται
651 1899 731 1976 τινὲς
750 1907 852 1963 ταῦτα
868 1918 927 1985 μη·
1016 1895 1235 1980 Ροίροίινοριίί.
1251 1896 1434 1960 Nonnullis
1452 1898 1564 1979 placet
1577 1915 1618 1960 ea
1629 1899 1730 1962 mini·

173 1997 242 2065 κέτι
256 2003 326 2084 περὶ
341 1999 506 2086 ἀνθρύττου
517 1999 676 2090 λέγεσθαι,
689 2001 774 2067 ἀλλὰ
784 2003 855 2087 περί
870 2011 926 2068 τοῦ
973 2019 1027 2064 me
1043 2001 1110 2065 dioi
1126 2002 1168 2064 de
1184 1999 1332 2079 homine,
1345 1999 1405 2063 sed
1421 2001 1536 2082 potius
1552 2002 1593 2066 de
1608 2003 1729 2066 Diabo-

174 2102 331 2186 διαύύλου,
347 2105 452 2188 ῶσπερ
465 2105 717 2193 φιλοτιμούμενοι
729 2109 772 2192 μή
786 2109 875 2172 αὐτοί
886 2117 925 2194 τῇ
971 2105 1015 2185 lo,
1028 2123 1067 2168 ao
1079 2106 1109 2169 ai
1126 2104 1310 2168 maluerint
1327 2105 1392 2185 ipsi
1407 2121 1476 2168 non
1491 2110 1626 2170 tantum
1641 2108 1727 2172 divi·

174 2211 236 2275 τῶν
250 2207 347 2276 θείων
360 2219 491 2296 γραφῶν
506 2210 723 2298 ἀκολούθησαι
737 2210 852 2297 ἐννοίᾳ,
865 2212 924 2278 ἀλ-
971 2227 1094 2273 narum
1116 2209 1369 2290 scripturarum
1392 2210 1490 2290 sequi
1509 2213 1724 2292 sententiam,

175 2311 218 2378 λδ
232 2316 311 2398 πρὸς
325 2315 383 2400 τήν
399 2313 519 2383 ἑαυτῶν
534 2315 710 2400 φαντασίαν
725 2315 926 2397 δκύιθιζεσθαι
971 2328 1075 2394 quam
1089 2312 1125 2375 vi
1139 2324 1269 2390 cogere
1283 2310 1386 2374 verba
1408 2311 1451 2377 ad
1478 2305 1724 2397 proprie'ipso-

174 2415 267 2502 ῥητά.
283 2417 399 2502 Σαφῶς
421 2417 456 2482 δὲ
471 2417 505 2498 ἐξ
521 2419 622 2485 αὐτῶν
636 2428 698 2486 τῶν
722 2419 824 2506 ρητῶν
842 2420 926 2506 δειχ-
971 2433 1048 2479 rum
1064 2415 1312 2497 phantasmata.
1330 2419 1374 2478 At
1390 2417 1635 2498 pelameritex
1655 2422 1730 2502 ipsa

173 2519 305 2605 θήσεται
327 2520 428 2608 ψευδῆ
451 2523 493 2587 τθτ
514 2526 592 2607 πρὸς
613 2521 742 2590 ἐκείνων
763 2522 925 2610 εἰρημένα.
970 2519 1152 2608 verboram
1168 2521 1256 2586 serie
1287 2519 1374 2584 falsa
1393 2521 1516 2586 horum
1532 2540 1605 2587 esse
1627 2523 1728 2588 dieta.

173 2624 305 2710 Ταύτης
318 2625 355 2690 δὲ
370 2633 427 2710 τῆς
444 2624 638 2712 ἀλληγορίας
652 2623 781 2713 ήγεμῶν
794 2626 926 2715 γέγονεν
971 2627 1099 2689 Verum
1114 2623 1258 2705 hujusce
1284 2626 1461 2718 allegoriae
1479 2630 1729 2708 antesignanus

172 2727 355 2816 Ὠριγένης·
377 2728 602 2816 ἠκολούθησαν
625 2731 660 2796 δδ
683 2733 738 2796 καί
760 2729 863 2817 ίτεροί
883 2751 926 2797 τι-
971 2736 1024 2794 est
1041 2730 1224 2811 Origenes3
1241 2747 1343 2812 quem
1359 2733 1478 2795 crateri
1493 2733 1650 2798 nonnulli
1676 2750 1730 2798 se·

172 2845 234 2915 νες,
250 2832 280 2898 ol
301 2833 336 2900 lv
358 2833 423 2912 τοῖς
445 2832 571 2912 οἰκείοις
593 2834 846 2921 συγγράμμασιν,
866 2834 927 2900 ‹hc-
974 2834 1046 2899 cuti
1061 2837 1151 2914 sunt,
1164 2835 1349 2916 quitamen
1363 2837 1403 2899 in
1420 2837 1565 2918 propriis
1580 2837 1727 2920 seriptis,

173 2957 233 3022 ττιρ
256 2936 290 3017 ti
305 2937 404 3024 αύτής
425 2937 483 3024 τής
498 2936 650 3023 ἀληθείας
673 2937 863 3026 βιαζόμενοι,
886 2937 926 3004 ύ-
973 2939 1009 3002 vi
1027 2939 1124 3021 quasi
1141 2943 1287 3018 urgente
1302 2939 1475 3021 veritatis,
1491 2941 1729 3006 confessisunt

171 3040 357 3129 μολύγησαν
371 3044 443 3127 περὶ
465 3041 630 3127 ἀνθρώπου
646 3044 726 3110 είναι
744 3051 788 3130 τῷ
803 3042 926 3129 τροφή·
971 3045 1013 3108 de
1029 3044 1166 3108 homine
1188 3062 1209 3108 a
1231 3046 1399 3127 propheta
1429 3045 1504 3110 fieri
1526 3065 1727 3112 sermonem.

172 3168 211 3233 τη
226 3150 281 3214 τὸν
297 3145 412 3234 λύγον·
434 3146 498 3211 δεῖν
517 3145 563 3228 δὲ,
586 3149 675 3232 φασί,
698 3148 753 3212 καὶ
775 3148 846 3234 περί
868 3157 925 3213 τοῦ
970 3151 1017 3211 At
1035 3152 1178 3230 oportet,
1202 3149 1374 3231 inquiunt,
1391 3151 1502 3214 etiam
1523 3151 1564 3214 de
1587 3153 1728 3216 Diabolo

171 3251 319 3319 διαδύλυυ
335 3260 417 3317 νοεῖν
439 3251 481 3315 τὰ
495 3250 641 3337 κείμενα,
657 3251 717 3316 οὐκ
738 3251 926 3340 αἰσχυνθμε-
970 3251 1041 3316 haec
1060 3253 1221 3333 intelllgi,
1244 3271 1307 3317 nec
1330 3255 1399 3335 pud
1407 3259 1442 3318 et
1465 3272 1522 3320 eos
1545 3255 1648 3320 simul
1670 3273 1728 3338 po-

170 3375 220 3422 νοι
234 3357 290 3420 καί
304 3354 424 3421 τιθίναι
445 3357 504 3440 τήν
519 3350 680 3439 ἀλήθειαν,
700 3357 755 3421 καί
777 3357 924 3441 ἄντικρυς
970 3373 1051 3419 nere
1077 3357 1266 3435 veritatem,
1291 3360 1325 3421 et
1354 3358 1528 3422 mordicus
1559 3376 1633 3422 eam
1665 3360 1726 3422 im-

170 3463 247 3546 ιτρδς
270 3462 369 3546 αύτήν
393 3459 567 3547 μάχεσθαι·
600 3459 728 3544 ἁπάσης
750 3459 924 3546 διαρρήδην
969 3477 1135 3542 pugnare,
1151 3479 1230 3524 oum
1245 3467 1317 3524 tota
1340 3464 1452 3544 palem
1471 3465 1600 3528 veritas
1617 3464 1727 3528 deela-

170 3575 229 3650 της
245 3563 395 3650 ἀληθείας
410 3563 624 3648 δεικνυούσης,
646 3562 688 3641 ῶς
704 3563 740 3628 'cd
762 3562 924 3649 paldriaco
969 3567 1030 3640 ret
1046 3563 1215 3644 quomodo
1230 3564 1320 3628 fastu
1345 3566 1562 3647 improbetur
1580 3584 1640 3630 rex
1659 3569 1726 3651 'ly-

172 3670 306 3756 ἐγκαλεῖ
319 3679 362 3757 τῷ
385 3666 505 3754 Τυρίων
529 3667 660 3756 βασιλεῖ,
681 3669 735 3732 καί
755 3666 797 3746 ὡς
812 3667 864 3734 διδι
886 3671 922 3734 τδ
969 3683 1095 3747 rorum,
1112 3671 1146 3730 et
1168 3682 1347 3748 quousque
1368 3668 1413 3731 oh
1434 3687 1548 3732 rerum
1563 3672 1725 3751 preclare

170 3779 232 3840 τῶν
247 3773 499 3859 κατορθωμάτων
522 3769 653 3858 μέγεθος
671 3773 727 3836 καί
748 3781 804 3839 τοῦ
828 3772 923 3837 πλού-
968 3777 1144 3852 gestarum
1160 3772 1434 3852 magnitudinem
1450 3780 1484 3838 et
1501 3792 1603 3856 opum
1619 3776 1725 3840 abun·

169 3897 227 3942 του
258 3879 317 3963 τήν
346 3874 527 3962 περιουσίαν
565 3874 709 3941 ἰσοθείαν
729 3876 921 3963 ἐφαντάσθη.
968 3876 1120 3940 dentiam
1136 3894 1216 3940 eum
1233 3877 1302 3940 Deo
1318 3879 1554 3959 aequalitatem
1576 3882 1724 3945 somnia-

171 3979 361 4066 Σκοπητίσν
375 3980 410 4045 δὲ
426 3979 467 4059 ὡς
482 3989 521 4066 τῇ
536 3981 598 4046 τῶν
621 3979 770 4066 ῥημάτων
785 3979 924 4066 ἐχρήσα-
967 3979 1066 4045 verit.
1076 3980 1365 4044 Considerandum
1378 3999 1459 4047 vero
1473 3986 1534 4063 est,
1543 3985 1638 4064 quali
1650 4003 1723 4049 ver·

170 4107 207 4151 το
234 4085 379 4171 ἁρμονίᾳ.
406 4083 603 4170 Πρσθέμενος
625 4085 687 4170 γθιρ
715 4085 812 4150 εἰπεῖν
838 4086 923 4150 κατδι
972 4083 1093 4148 borum
1120 4085 1348 4164 congruentia
1372 4087 1538 4167 propheta
1564 4105 1647 4152 usus
1669 4089 1724 4152 sit.

170 4201 228 4276 τῆς
244 4189 376 4272 πόλεως,
392 4188 489 4254 διεῖλε
503 4190 558 4253 τδν
572 4188 668 4274 λύγον
683 4189 728 4267 είς
742 4209 778 4254 τε
792 4191 828 4253 τδ
844 4188 923 4275 πλη-
975 4189 1147 4270 Incipiens
1164 4190 1255 4252 enirn
1271 4189 1314 4252 ab
1327 4189 1463 4253 exordio
1478 4195 1597 4254 contra
1608 4193 1726 4256 civita-

170 4293 224 4372 θος
238 4295 293 4359 καὶ
309 4294 362 4360 τὸν
376 4301 573 4378 κρατοῦντα·
588 4299 632 4378 τῷ
648 4293 705 4376 μὲν
719 4293 781 4378 γὰρ
793 4291 926 4378 ἐγκαλεῖ
968 4297 1048 4372 tem,
1064 4293 1261 4357 concionem
1278 4293 1420 4358 divertit
1443 4300 1516 4358 tum
1532 4297 1568 4358 in
1583 4296 1723 4377 vulgus,

170 4397 212 4476 ῶς
229 4398 360 4484 ἄρχοντι
377 4405 439 4462 τῶν
454 4403 580 4462 κακῶν·
608 4402 674 4474 τοῖς
689 4396 735 4480 δὲ,
752 4394 794 4474 ῶς
809 4394 923 4482 laepi-
967 4400 1041 4460 tum
1062 4397 1101 4460 in
1119 4397 1382 4462 dominatorem:
1399 4398 1491 4462 hune
1510 4400 1601 4463 enim
1618 4401 1726 4464 incre-

168 4602 270 4662 videre
290 4602 372 4659 nolui
384 4603 532 4676 pagellam
549 4601 750 4676 Polychronii,
768 4602 801 4658 in
819 4601 922 4674 Orige-
966 4617 1090 4673 eumque
1102 4599 1232 4671 habebit,
1244 4600 1276 4656 in
1295 4617 1330 4658 ao
1355 4601 1461 4658 saltem
1480 4617 1569 4658 sensu
1581 4600 1665 4675 qnod
1671 4601 1726 4658 hrr-

168 4707 237 4747 nem
245 4695 379 4748 nostrum
385 4689 494 4746 aeriter
500 4689 722 4761 stomachantis,
730 4696 760 4748 et
766 4695 923 4764 postquam
963 4687 1095 4760 jusmodi
1111 4687 1261 4743 oraculum
1271 4693 1333 4744 tam
1343 4686 1726 4760 deSatsnaqnsmdaregi·

170 4774 303 4848 ejusdem
315 4775 409 4850 spolia
421 4793 475 4849 per
486 4781 581 4832 totam
592 4775 670 4832 hanc
682 4782 824 4846 catenam,
837 4777 922 4849 cnjus
966 4774 1022 4831 bns
1038 4775 1184 4846 Tyrorum
1190 4779 1243 4829 aut
1249 4773 1480 4846 Babyloniorum
1489 4774 1617 4846 intelligi
1626 4779 1724 4846 queat.

169 4861 288 4920 videtur
305 4861 415 4936 opifex,
433 4861 574 4918 audacter
591 4861 730 4935 rapuerit,
748 4860 922 4934 allegoriam
968 4859 1045 4929 Quid
1056 4859 1156 4933 plura?
1166 4859 1198 4915 in
1209 4859 1363 4916 Michaelis
1375 4858 1723 4934 Ghisleriiloeupletissi·

170 4946 364 5022 dhoerpentia
382 4947 418 5005 ds
437 4947 555 5004 diabolo
577 4947 651 5003 satis
670 4964 837 5020 eongrm,
856 4954 886 5004 st
903 4967 922 5005 a
966 4964 1044 5004 mam
1057 4952 1191 5005 catenam
1203 4945 1309 5018 ingena
1326 4951 1478 5017 παρεργοον
1493 4947 1523 5003 θ.
1541 4945 1665 5003 Maximi
1677 4947 1722 5004 in·

169 5036 271 5093 multis
284 5041 441 5110 receptam,
455 5053 521 5109 quae
534 5053 604 5092 sans
621 5034 776 5091 historiam
794 5041 825 5091 et
841 5036 920 5093 litte-
966 5033 1076 5090 seritur
1088 5037 1110 5089 t.
1124 5049 1148 5090 n
1160 5052 1188 5107 p.
1201 5032 1263 5102 614,
1276 5049 1339 5104 sqq.
1352 5033 1430 5104 qnod
1446 5038 1543 5089 totum
1560 5037 1607 5088 est
1624 5033 1665 5089 lle
1676 5050 1722 5090 rc·

169 5139 234 5178 ram
244 5139 352 5195 susque
365 5121 459 5194 deque
471 5122 563 5180 vertit
579 5120 756 5176 nuhatenns.
774 5119 921 5178 Caeterum
964 5136 999 5191 pe
1006 5119 1154 5192 Babylonia
1160 5119 1283 5190 θίοδυίυ,
1293 5123 1324 5175 st
1333 5118 1496 5190 quidem,ni
1505 5118 1602 5192 fallor,
1612 5119 1721 5178 addan·

170 5209 258 5282 paulo
267 5208 346 5267 inira
354 5207 393 5267 ad
402 5207 558 5267 Danielem
566 5206 710 5282 Origenes
719 5206 865 5268 vindicias
873 5212 919 5266 ut·
967 5207 1037 5264 dum
1050 5207 1079 5264 θ.
1093 5206 1237 5290 Martyris
1251 5205 1389 5282 operibus
1402 5205 1500 5264 editis.
1513 5205 1557 5264 Gi.
1570 5224 1614 5282 pe.
1623 5207 1668 5280 81,
1677 5207 1703 5266 7.
