4020 6098
288 457 352 522 250
967 460 1178 528 ORIGENES

332 604 363 667 4.
382 597 501 668 Ἰστίον
523 600 635 685 τοίνυν,
655 599 760 687 ὥσπερ
775 599 869 683 ἄλλα,
889 603 970 666 υῦτιυ
984 601 1040 666 καί
1129 604 1160 666 4.
1191 601 1371 668 Sciendum
1388 605 1527 685 interes,
1544 611 1583 669 ut
1619 605 1696 686 elie,
1722 604 1772 670 sic
1798 611 1833 670 et

292 713 392 769 ταῦτα
407 706 442 770 ἐν
464 705 623 792 Πνεόματι
643 701 722 792 όιγίῳ
744 704 929 793 γεγράφθαι,
944 704 1041 790 λόγον
1088 706 1187 770 istem
1199 708 1321 770 seriem
1338 709 1374 772 in
1390 711 1520 791 Spiritu
1538 716 1655 774 senctc
1673 712 1834 792 scriptam

286 827 322 872 τε
336 811 421 894 ἔχειν
438 811 497 874 οὐκ
519 809 806 896 εὐκαταφρόνητον.
830 809 895 876 Καὶ
915 810 937 895 ἡ
953 809 1039 874 αἰτία
1085 827 1168 891 esse,
1184 812 1398 876 strationem
1414 813 1538 876 hebere
1554 830 1621 876 non
1636 814 1736 878 feeile
1751 819 1834 878 tem·

286 922 343 977 τοῦ
358 915 493 981 ἕκαστον
508 923 569 980 τῶν
586 913 746 1001 στοιχείων
759 913 888 992 ὀκτάκις
900 912 974 998 παρ’
985 907 1038 979 Ἐ-
1083 916 1239 997 ιιοιιιίυιιι;
1259 921 1361 998 etque
1377 935 1417 980 ee
1431 935 1535 982 cause
1550 922 1602 982 est
1616 936 1678 982 cur
1692 920 1832 996 singule

286 1013 404 1101 βραίσις
421 1015 566 1104 εἰρῆσθαι
581 1018 614 1085 ἐν
629 1019 729 1103 τούτῳ
745 1028 788 1105 τῷ
803 1017 930 1105 ψαλμῷ.
943 1017 1037 1084 'stet
1084 1020 1251 1083 elementa
1266 1022 1302 1084 in
1328 1019 1391 1084 hoc
1413 1023 1544 1103 pselmo
1566 1023 1671 1086 octies
1697 1022 1741 1086 eb
1767 1023 1831 1086 He-

285 1115 386 1184 τοίνυν
402 1120 517 1187 ἒιτὶτόν
529 1122 612 1186 darie
623 1121 763 1208 ἀριθμόν,
778 1123 833 1186 καί
846 1123 875 1185 εί
888 1141 948 1186 που
962 1121 1038 1188 ὠνο-
1082 1122 1182 1187 braeis
1198 1125 1328 1204 prolate
1343 1125 1421 1188 sint.
1438 1127 1489 1188 'lu
1506 1126 1616 1204 igitur
1641 1127 1762 1190 accede
1787 1125 1831 1190 ed

286 1221 392 1307 μάσθη
416 1225 449 1290 ἐν
471 1235 510 1312 τῇ
533 1235 651 1310 γραφῇ,
675 1223 904 1310 παραλόμδανε
927 1226 1033 1309 etur,
1080 1231 1241 1292 cumeurn
1256 1245 1448 1309 numerum,
1464 1232 1500 1291 et
1513 1229 1563 1293 sic
1585 1229 1646 1292 nbi
1661 1231 1698 1292 in
1720 1229 1831 1311 Scrip

285 1327 341 1391 καί
356 1326 407 1391 ἐπὶ
421 1326 479 1394 τίνι
495 1329 628 1414 εἴρηται,
644 1330 699 1393 καί
714 1329 804 1394 ἔσται
819 1348 868 1392 σοι
879 1327 1037 1415 χρήσιμος
1082 1336 1161 1395 ture
1184 1334 1378 1396 nominatus
1398 1337 1458 1414 est,
1478 1334 1634 1413 intellige
1656 1350 1725 1414 que
1739 1333 1780 1397 de
1796 1351 1832 1398 re

285 1430 303 1496 ὁ
318 1429 412 1515 λόγος
427 1436 504 1516 πρός
520 1435 556 1497 τό
571 1433 656 1515 ίδείν,
672 1431 719 1496 ότι
734 1431 869 1496 ἕκαστον
881 1441 1037 1518 στοιχεῖον
1082 1436 1224 1516 dicetur,
1249 1440 1283 1500 et
1303 1436 1367 1500 tibi
1394 1438 1490 1500 utilis
1505 1454 1615 1500 sermo
1631 1437 1705 1516 erit,
1721 1436 1764 1499 ed
1778 1452 1833 1500 co·

285 1533 444 1613 τελτίιυσίς
465 1537 549 1602 ἐστιν
570 1537 637 1621 ἅμα
663 1545 706 1621 τῷ
734 1533 863 1621 ἀριθμῷ,
887 1534 929 1613 ὡς
957 1535 1037 1622 μήτε
1082 1540 1315 1617 gnoscendum
1342 1540 1452 1604 inesse
1476 1543 1512 1605 in
1534 1542 1684 1619 singulis
1709 1542 1832 1605 litteris

284 1643 363 1724 πρός
378 1642 558 1729 οίσαγυγὴν
580 1638 712 1722 οὐδέπω,
733 1639 819 1705 ἀλλὰ
833 1641 918 1705 κατὰ
942 1640 1036 1726 μανά·
1081 1642 1264 1725 perfectam
1294 1645 1458 1708 virtutem
1480 1663 1550 1708 une
1575 1663 1654 1709 oum
1680 1661 1833 1725 numero,

287 1743 338 1810 δα.
1081 1765 1193 1830 neque
1222 1754 1356 1813 tentum
1387 1767 1460 1814 esse
1494 1752 1741 1833 qualecumque
1770 1752 1835 1815 ini-

1081 1853 1179 1933 tium,
1194 1854 1253 1917 sed
1268 1855 1434 1918 unitetem
1450 1855 1626 1936 respicere.

331 1943 361 2006 5·
379 1937 480 2008 Ὅταν
502 1939 538 2006 δὲ
559 1937 750 2026 ττλττῶιττθσ
765 1939 799 2006 ἓν
814 1949 879 2018 wit
901 1939 1037 2028 στστχτῑ·
1125 1959 1156 2020 5.
1168 1957 1306 2032 Quendo
1317 1963 1431 2022 eutem
1455 1958 1595 2038 perfecti
1621 1959 1830 2023 evaserimus

285 2062 341 2125 σῑςι
357 2043 374 2108 ὅ
390 2043 470 2108 ἕστσ
485 2043 613 2130 ἀριθμὸς
636 2043 804 2131 ἇσμητὲστ
823 2044 909 2131 ἡμῖν,
925 2046 972 2110 ὅτῑ
994 2045 1034 2133 δὴ
1080 2062 1116 2124 in
1132 2063 1317 2141 elementis,
1328 2063 1540 2144 septenarius
1552 2081 1714 2127 numerus
1732 2063 1830 2127 nobis

284 2150 340 2213 καί
354 2151 394 2234 τῇ
410 2149 469 2234 ὕλῃ
486 2149 605 2216 ἀνίεται
616 2149 715 2231 οὗτος,
729 2152 815 2235 εἴπερ
828 2151 911 2217 ἐστὶν
923 2153 941 2216 ὃ
953 2151 1035 2217 ἑπτὰ
1080 2169 1131 2229 est
1147 2165 1386 2246 negligendus,
1402 2167 1483 2247 quie
1498 2168 1661 2230 nimirum
1676 2167 1765 2231 idem
1792 2169 1830 2231 in

284 2263 416 2339 σίμῑῖσί
431 2253 540 2340 &ixit
555 2254 755 2338 σσΧῦσίτσς·
771 2255 788 2318 ὁ
802 2255 837 2320 δὲ
849 2255 932 2320 ὄττὼ
945 2255 1031 2341 ἀρχὴ
1078 2272 1220 2332 materie
1233 2270 1438 2350 dissolvitur,
1453 2272 1623 2352 siquidem
1644 2275 1773 2352 septem
1791 2271 1836 2335 si·

284 2365 343 2440 τῆς
369 2356 542 2442 ἅῦλστὲρσς
568 2355 709 2442 ἰττῐζσνσς
735 2358 970 2436 ττστσστᾶστσς·
994 2357 1033 2423 Εἴ
1079 2389 1189 2451 gnum
1204 2378 1256 2436 est
1284 2392 1405 2438 cressae
1427 2376 1588 2454 meteriae,
1607 2375 1689 2438 dum
1715 2393 1833 2440 nume·

284 2462 347 2546 γὰρ
361 2464 416 2527 καὶ
431 2463 472 2526 τὰ·
493 2461 631 2548 peltam
653 2482 757 2548 papst
772 2463 826 2527 ml
849 2465 901 2528 τὸν
917 2461 950 2541 ἓξ
972 2465 1032 2548 τὴν
1078 2495 1137 2540 rus
1167 2482 1241 2541 octo
1268 2478 1444 2542 exordium
1474 2482 1527 2541 est
1551 2479 1680 2542 ordinis
1707 2495 1832 2558 rerum,

284 2567 603 2652 κθσίίῑίὴίσίίστῑχῶτ
612 2566 691 2650 ὕλην
702 2566 892 2650 ὓποδηλσῦνι
901 2565 1034 2632 ἀλλ’σῦν
1078 2597 1154 2662 quae
1165 2582 1311 2662 potiores
1324 2589 1406 2646 sunt
1420 2587 1454 2646 et
1468 2583 1646 2648 materiem
1658 2585 1832 2662 transgre-

283 2690 322 2755 γε
337 2673 392 2735 τὸν
407 2671 463 2756 μὲν
478 2672 522 2748 εἰς
534 2673 592 2757 τόν
604 2669 797 2738 essentne
809 2669 947 2755 σλότιτα
959 2668 1034 2735 ἀνα·
1077 2684 1228 2749 uruntur.
1244 2687 1278 2749 si
1294 2688 1395 2766 enim,
1412 2693 1451 2749 ut
1465 2687 1593 2769 pluries
1618 2687 1774 2767 uicimus,
1792 2688 1828 2751 in

285 2771 431 2859 φέρομεν,
446 2777 500 2839 τὸν
515 2775 550 2839 δὲ
566 2775 610 2853 τίς
628 2777 685 2861 τόν
706 2773 853 2854 καθ’ἕξῑν
867 2773 1034 2857 τελείωσιν,
1077 2794 1173 2853 sexto
1198 2807 1339 2854 numero
1372 2789 1557 2855 mundialis
1581 2793 1732 2856 meteriae
1771 2791 1837 2856 ior·

283 2877 407 2962 τσθ’ἤν
421 2899 466 2956 ττι
482 2877 705 2965 ᾰτσσμήχεται
719 2881 760 2945 τὰ
775 2878 1033 2966 ρυτιόσματατιις
1078 2909 1135 2956 me
1166 2895 1368 2974 ostenditur,
1400 2894 1623 2959 nihilominus
1650 2895 1829 2960 referimus

286 2983 391 3070 ψυχῆς
406 2985 462 3048 τισὶ
476 2983 670 3070 τσθσίρττσῑ·
1076 2996 1168 3061 huno
1198 2999 1370 3079 septimun
1396 3015 1578 3064 numerum
1605 3000 1648 3064 ed
1678 3001 1831 3064 meteriis

1081 3102 1339 3165 universitatem
1366 3104 1590 3182 singulariter
1618 3102 1833 3182 signandam,

1079 3210 1237 3270 octavum
1252 3211 1367 3270 eutem
1383 3208 1426 3271 ed
1441 3207 1641 3287 absolutam,
1664 3207 1776 3289 quoed
1790 3207 1831 3271 li·

1080 3315 1143 3390 cet,
1151 3308 1402 3392 perfectionem,
1413 3311 1512 3392 cujus
1525 3328 1587 3393 ope
1602 3313 1747 3392 quisque
1759 3329 1829 3374 mn-

1077 3417 1172 3479 culns
1187 3416 1310 3477 enimes
1325 3414 1501 3494 abstergit,
1520 3419 1553 3478 et
1568 3420 1785 3496 repurgetur.

330 3512 360 3580 6.
384 3513 480 3579 Κατόι
505 3515 559 3580 τόν
582 3513 664 3580 όκτὼ
692 3512 831 3600 ἀριθμόν,
855 3511 1034 3597 ἀκάθαρτός
1124 3517 1830 3600 6.Quodspectetedoctonerium,quisque

282 3615 327 3696 τίς
342 3619 409 3684 ἐστι
432 3617 524 3705 μέχρι
546 3625 608 3684 τῶν
623 3617 704 3684 tort
719 3619 856 3704 ἡμερῶν.
873 3616 952 3702 Πρὶν
970 3618 1032 3703 γὰρ
1080 3625 1237 3704 impurus
1250 3627 1302 3686 est
1316 3639 1426 3702 usque
1441 3621 1483 3685 ed
1495 3626 1624 3703 septem
1638 3621 1718 3684 dies.
1732 3622 1831 3684 Prius

282 3721 397 3806 ἔλθῃὴ
423 3721 521 3807 όγδόη
544 3731 600 3786 τοῦ
622 3718 741 3806 Κυρίου
764 3720 873 3804 Ἰησοῦ
895 3719 1034 3804 Χριστοῦ
1080 3726 1171 3789 enim
1187 3742 1290 3806 quem
1305 3725 1439 3787 veniret
1454 3725 1526 3794 dies
1547 3731 1666 3788 octeve
1692 3725 1829 3788 Domini

280 3823 395 3912 ἡμέρα,
409 3826 482 3903 όλος
497 3824 515 3889 ό
530 3824 647 3911 κόσμος
660 3824 909 3910 ἀποριιιόιθαρτος
923 3824 964 3909 ἤν
978 3826 1034 3889 ιιαί
1077 3830 1099 3892 J
1102 3846 1162 3892 esu
1175 3828 1311 3908 Christi,
1324 3832 1416 3892 totus
1428 3827 1577 3892 muudus
1590 3829 1746 3909 impurus
1758 3831 1833 3891 eret

282 3929 492 4016 ἀκρόδυστος·
508 3929 562 3993 ότε
578 3930 612 3994 δὲ
627 3927 756 4015 tilieti]
772 3928 869 4015 ὀγδόη
885 3936 942 4012 τός
958 3927 1033 3994 ἀνα-
1080 3937 1114 3996 et
1128 3933 1294 4014 preputio
1311 3931 1430 3996 foedus.
1447 3932 1586 4008 Quando
1602 3936 1718 3995 eutem
1739 3937 1828 3996 oete·

281 4032 422 4109 στόσειος
452 4033 592 4118 Χριστοῦ
622 4030 738 4117 ἡμέρα,
771 4031 891 4116 ἀθρόως
917 4032 1032 4110 πάντες
1078 4052 1122 4098 ve
1137 4035 1209 4099 dies
1232 4033 1409 4098 dominice
1424 4037 1682 4100 resurrectionis
1707 4017 1830 4115 ediuit,

280 4133 532 4223 ίιιαθαρίσθημεν
547 4136 580 4203 ἐν
593 4147 631 4222 τῇ
645 4145 797 4223 περιτομῇ
813 4145 868 4201 τοῦ
881 4136 1031 4222 Χριστοῦ,
1080 4138 1257 4202 confestim
1272 4155 1388 4202 omnes
1404 4139 1558 4202 mundati
1574 4157 1694 4204 sumus
1717 4140 1753 4204 in
1769 4141 1833 4204 cir·

283 4239 492 4326 συνταφέντες
507 4243 562 4305 καὶ
577 4241 836 4322 συναναστάντες,
853 4241 894 4319 ὥς
910 4242 1033 4326 φησινό
1079 4243 1286 4307 cumcisione
1303 4243 1437 4324 Christi,
1451 4262 1529 4308 cum
1542 4261 1581 4307 eo
1592 4245 1783 4326 consepulti
1799 4249 1833 4307 et

282 4343 468 4421 ἀπόστολος.
484 4345 574 4410 Ἐπεί
589 4347 643 4410 σόν
666 4344 719 4410 διὰ
733 4354 790 4430 της
805 4344 1033 4432 στοιχειώσειυς
1078 4353 1334 4426 consurgentes,
1366 4351 1405 4410 ut
1438 4348 1488 4410 eit
1522 4348 1713 4427 Apostolus.
1748 4349 1833 4411 Cum

280 4447 466 4534 καθαίρεται
480 4448 570 4536 ἡμῶν
584 4447 606 4533 ἡ
622 4450 723 4534 ψυχὴ,
741 4448 959 4535 μανθανόντων
978 4451 1033 4516 τόν
1078 4455 1197 4533 igitur,
1214 4454 1250 4516 in
1265 4454 1382 4517 ordine
1398 4452 1440 4515 ed
1457 4454 1599 4532 litteras,
1627 4455 1743 4517 enims
1772 4470 1831 4516 no-

279 4552 391 4640 ἠθιιιόν
406 4553 513 4637 τόπον,
530 4555 584 4618 καί
606 4551 830 4639 τελειουμίνιυν
849 4555 884 4620 ἐν
899 4563 938 4639 τῇ
954 4553 1033 4639 γνώ-
1078 4563 1149 4622 stre
1165 4558 1329 4638 expietur,
1346 4558 1428 4621 dum
1443 4557 1586 4621 morelie
1600 4556 1623 4620 d
1638 4557 1787 4637 iscimus,
1804 4559 1838 4620 et

281 4679 330 4724 στι
346 4661 453 4742 αὐτοῦ,
474 4659 527 4724 διόι
540 4669 633 4725 τοῦτο
649 4658 666 4724 ό
685 4659 768 4724 dard>
784 4658 914 4746 ἀριθμός
936 4679 1033 4744 παρε-
1078 4663 1143 4726 heo
1165 4662 1309 4726 scientie
1331 4660 1536 4742 perficimur,
1569 4660 1693 4724 idcirco
1709 4662 1746 4724 in
1762 4676 1836 4742 pro-

317 4834 345 4889 5.
360 4835 513 4903 Ἀτιμητόσς
530 4833 661 4906 oportuit
676 4833 823 4904 inducere,
837 4834 889 4890 ubi
905 4831 988 4890 codd.
1004 4837 1035 4890 et
1078 4834 1127 4892 hic
1137 4833 1281 4906 Origenes
1293 4838 1327 4889 ut
1339 4833 1448 4890 subtile
1461 4833 1619 4889 discrimen
1633 4831 1713 4888 iuter
1723 4837 1836 4906 septem

285 4919 350 4977 edd.
364 4920 494 4976 retinent
511 4924 694 4992 προτιμητέος,
707 4921 787 4978 nullo
806 4937 902 4991 sensu,
921 4920 947 4976 si
964 4920 1035 4992 quid
1079 4926 1184 4978 stocto
1195 4926 1395 4994 persequetur,
1408 4922 1441 4976 in
1450 4937 1558 4977 norem
1567 4919 1687 4978 videtur
1699 4918 1835 4977 semitam

281 5004 425 5079 intelligo.
437 5007 623 5064 Recolendus
635 5013 717 5064 totus
726 5006 861 5065 Philonis
870 5005 988 5062 libellus
998 5007 1035 5063 de
1079 5025 1163 5064 suem
1169 5006 1342 5065 exorbitare.
1350 5007 1532 5079 cernente
1542 5008 1656 5065 steens
1667 5011 1689 5063 t.
1701 5023 1736 5064 ru
1744 5005 1834 5082 pest

286 5093 463 5165 septenario,
481 5099 512 5149 et
530 5094 661 5166 ejusdem
681 5093 717 5152 de
728 5093 858 5150 numeris
876 5097 1035 5163 φιλοσοφοῦ
1079 5095 1234 5152 innumere
1246 5095 1283 5152 ds
1296 5095 1472 5168 septentrio.

288 5197 364 5249 μτνα.
377 5177 445 5251 Ιροσ
457 5179 630 5237 Ambrosius
649 5180 811 5256 sepissime
825 5183 965 5251 φιλανίζαι.
976 5180 1035 5238 Sed
1115 5182 1141 5237 6.
1155 5181 1201 5238 uf.
1213 5181 1299 5239 Rom.
1312 5195 1354 5252 ιι,
1366 5181 1392 5236 4
1406 5179 1467 5237 Col.
1481 5195 1525 5251 ιιι,
1539 5181 1564 5237 1.
