4036 6090
807 403 857 479 IN,
874 402 1059 466 PSALMOS
1639 403 1700 464 157

196 541 237 608 ‘H
253 543 288 608 δὲ
303 543 328 608 ε’
343 543 467 619 ἑκδοσις
483 543 557 606 εἶπα
572 543 649 627 ἔχει,
666 540 708 618 ὡς
728 541 768 606 ἑκ
781 539 903 624 προσώ·
992 541 1121 616 Quinta
1134 544 1247 604 autem
1261 541 1364 604 editio
1376 542 1492 606 habet:
1507 544 1600 624 Diei,
1615 549 1703 607 tam·

153 668 214 712 που
230 657 286 713 τοῦ
304 645 467 732 προφήτου
484 645 656 731 λεγομένου
671 653 727 710 τοῦ
742 643 891 729 Χριστοῦ.
947 661 1050 725 quam
1074 644 1109 708 in
1132 661 1275 726 persona
1303 645 1475 726 propheta
1498 649 1630 712 Christo
1653 650 1700 712 lo·

950 753 1085 829 quante.
1563 811 1565 816 ,

198 848 245 920 Ἠ
258 857 295 919 τό
310 851 606 940 οἰκοδομηθήσεται,
620 852 689 918 ἀντί
704 863 760 917 τοῦ
774 849 904 937 ἑγερθή-
992 852 1054 914 Vel
1081 852 1185 915 etiam
1213 853 1299 917 illud
1325 853 1537 937 aedificabitur
1564 861 1615 920 est
1639 875 1702 940 pro

154 967 261 1024 σεταῖ·
277 956 440 1023 ἀνίσταται
462 958 524 1044 γάρ
539 979 606 1035 πως
620 959 656 1021 τό
681 953 905 1041 οἰκοδομούμε-
949 954 1151 1020 trucidabitur.
1159 957 1382 1039 Aliquomodo
1391 959 1482 1023 enim
1490 960 1604 1039 surgit
1612 963 1702 1042 quod

153 1083 225 1128 νον·
247 1071 340 1127 τοῦτο
364 1059 398 1127 δὲ
413 1062 539 1148 ἑστινή
564 1061 615 1126 διὰ
637 1061 777 1145 Χριστοῦ
799 1059 902 1146 χάρις.
949 1057 1147 1139 aedificatur,
1174 1065 1209 1124 et
1240 1061 1435 1143 hujusmodi
1461 1068 1513 1128 est
1537 1064 1616 1127 data
1641 1083 1702 1146 per

154 1167 245 1233 Ἐπεὶ
257 1168 292 1232 δὲ
303 1166 428 1253 ἕτοιμον
443 1166 493 1232 ἀεὶ
504 1169 540 1231 τό
551 1165 676 1251 ἑδραῖον
692 1162 839 1249 σημαίνει
849 1166 905 1228 καί
950 1163 1121 1227 Christum
1138 1167 1260 1242 gratia.
1278 1168 1393 1242 Quum
1409 1173 1524 1231 autem
1540 1186 1705 1250 praepara·

153 1273 191 1336 τό
203 1270 339 1358 βὲθαιον,
349 1270 497 1358 βούλεται
506 1271 603 1336 εἰπεῖν
615 1267 834 1354 ότιήτοιαότη
848 1290 905 1334 σου
950 1267 998 1330 tio
1012 1285 1146 1349 semper
1164 1269 1339 1348 significat
1361 1271 1583 1336 stabilitatem
1599 1278 1633 1336 et
1648 1273 1705 1336 fir·
1750 1336 1753 1342 ,
1808 1351 1816 1364 ι

154 1374 333 1461 ἐπαγγελία
346 1375 513 1461 ήδροισται,
529 1376 584 1439 καί
598 1376 634 1438 τό
649 1372 774 1459 βέθοιιον
789 1376 855 1460 ἔχει
867 1374 906 1458 ,ἑν
951 1373 1115 1452 mitatem,
1133 1373 1167 1436 id
1183 1371 1295 1438 dicere
1313 1377 1388 1438 vult
1403 1377 1493 1457 quod
1509 1376 1704 1458 hujusmodi

155 1489 220 1556 τοῖς
243 1480 396 1563 οὐρανοῖς,
420 1479 502 1544 ὥστε
524 1479 624 1564 αὑτήν
647 1477 746 1563 μηδὲν
768 1476 906 1563 ἑπίγειον
951 1478 1129 1556 promissio
1141 1478 1274 1542 stabilis
1285 1480 1331 1542 sit
1343 1479 1582 1545 etfirmitatem
1595 1482 1703 1545 inoae-

154 1583 384 1670 παραγίνεσθαι
399 1592 540 1669 πρᾶγμα.
559 1581 597 1649 ‘O
612 1583 648 1648 δὲ
663 1582 854 1668 Σύμμαχος·
877 1579 907 1646 ἑ-
952 1584 995 1646 lis
1011 1581 1144 1661 habeat,
1165 1583 1214 1645 ita
1228 1587 1268 1645 ut
1283 1585 1480 1650 nullatenus
1503 1585 1634 1667 aliquid
1650 1603 1703 1649 ca·

154 1687 393 1774 δραιωθήσεται.
952 1686 1078 1750 ducum
1102 1703 1174 1750 esse
1197 1691 1311 1767 queat.
1337 1690 1562 1772 Symmachus
1589 1695 1704 1754 autem
1784 1731 1792 1748 ,

953 1791 1107 1873 scripsit:
1124 1790 1327 1856 Stabilietcr.

137 1940 142 1950 ι
198 1919 231 1963 v.
249 1900 280 1979 4,
304 1901 335 1964 5.
355 1895 509 1983 Διεθὲμην
532 1895 688 1982 διαθήκην
710 1905 775 1974 τοῖς
797 1895 907 1962 ἑκλεκ-
996 1913 1028 1957 r.
1051 1895 1083 1974 4,
1106 1895 1138 1958 5.
1165 1894 1323 1975 Ιλιοροοιιί
1347 1900 1572 1963 oeconomum
1596 1898 1706 1964 electis

155 2011 220 2080 τοῖς
236 2024 306 2089 μου,
323 2003 434 2088 ὤμοσα
449 2001 545 2068 Aaou
561 2011 604 2088 τῷ
616 2000 718 2086 δούλω
731 2003 806 2087 μοι»ί
821 1996 908 2096 Ἕως
951 1998 1042 2078 ceeia
1060 1999 1179 2078 juruci
1203 1998 1312 2064 Βατία
1329 2017 1420 2066 seruo
1440 2018 1527 2066 uteo:
1551 2004 1654 2085 Usque
1668 2005 1706 2067 ιιι
1787 2007 1801 2024 ’

155 2117 212 2172 τοῦ
227 2109 339 2184 αἰῶνος
354 2107 510 2193 ἑτοιμάσω
526 2111 561 2172 τό
578 2107 850 2193 antonnacum
865 2107 908 2170 οἰ-
952 2110 1106 2169 eternum
1120 2103 1310 2185 preparato
1324 2103 1429 2170 sedem
1443 2112 1543 2188 tram,
1563 2115 1594 2174 et
1607 2107 1706 2190 ‹edifi-

154 2209 327 2297 κοδομήσω
353 2213 397 2288 εἰς
418 2213 531 2297 γενεὰν
545 2213 600 2276 καί
622 2211 735 2297 γενεόιν
752 2213 807 2276 τόν
832 2209 908 2294 θρό-
952 2207 1025 2274 cubo
1037 2209 1074 2270 ιἰι
1082 2209 1320 2291 accurationem
1331 2213 1607 2293 etaerrerotioucm
1618 2215 1705 2280 thro-

157 2337 212 2381 νον
227 2336 295 2380 σου.
951 2330 1031 2392 uum
1045 2316 1146 2376 tuem.

139 2445 140 2448 ¹
201 2417 254 2503 Τῷ
269 2417 360 2496 εἴπας
372 2420 427 2483 καί
440 2428 534 2484 τοῦτο
549 2427 715 2504 συνῆπται,
729 2422 777 2486 ότι
791 2419 909 2501 ταύτας
998 2415 1036 2480 Id
1063 2434 1198 2498 quoque
1223 2419 1427 2500 praecedenti
1455 2421 1558 2485 verbo
1587 2421 1706 2488 dimisti

157 2523 236 2606 πρὸς
247 2524 319 2599 τοὺς
330 2522 500 2601 ἐκλεκτοὺς
516 2524 717 2611 ἐποιησάμην
724 2527 784 2603 ξμς
795 2525 908 2612 συρμη.
954 2520 1108 2602 quadrat,
1124 2521 1213 2602 quod
1225 2523 1352 2586 similia
1363 2524 1479 2588 electis
1491 2524 1629 2589 fecerim
1645 2527 1704 2600 ἰω-

155 2648 235 2704 κας·
255 2627 425 2706 ἐκλεκτοὺς
447 2629 483 2693 δὲ
504 2629 600 2694 καλεῖ
619 2629 778 2716 Ἀθραόιμ,
795 2630 910 2696 Ἰσαὰκ
954 2624 1043 2688 dera.
1060 2625 1194 2689 Eiectos
1209 2624 1281 2705 jam
1297 2631 1395 2691 vocat
1410 2627 1590 2709 Abraham,
1612 2633 1707 2693 Isaac

155 2733 211 2795 καὶ
225 2729 351 2796 Ἰακώὸ,
368 2731 452 2816 Πρὸς
472 2732 507 2796 δὲ
526 2732 646 2811 τούτοις
661 2735 723 2819 ἔφη
741 2735 910 2821 ὠμωμοχέ.
955 2729 1120 2808 61411004),
1136 2729 1262 2810 quibus
1285 2722 1335 2792 θλδ
1350 2748 1386 2795 Se
1401 2733 1505 2796 8111λί11
1529 2738 1563 2796 et
1585 2734 1707 2797 DdVldi

155 2855 208 2902 ναι
222 2837 277 2900 καί
292 2833 335 2921 τῷ
350 2833 456 2917 Δαυίδ,
475 2835 652 2922 ἀνώλεθρον
665 2838 763 2904 αὐτοῦ
774 2838 909 2924 φυλάξαι
950 2832 1132 2914 juravisse,
1148 2833 1218 2897 fore
1231 2839 1270 2897 ut
1281 2835 1451 2898 incolume
1466 2842 1580 2900 servet
1590 2855 1706 2901 semen

155 2943 194 3005 τὸ
216 2938 352 3025 σπέρμα,
375 2941 430 3004 καί
452 2942 487 3006 ἑν
502 2939 589 3024 πόση
604 2951 701 3027 γενεᾷ
720 2945 774 3008 τὸν
796 2943 910 3008 τούτου
956 2936 1040 3017 ejus,
1053 2938 1588 3017 etinomnigenerationefloreat
1601 2941 1708 3022 ipsius

156 3043 273 3128 θρόνον
296 3042 453 3128 ἀνθήσειν.
474 3043 590 3112 ,Ταῦτα
613 3041 650 3108 δὲ
672 3046 732 3110 οὐκ
754 3047 798 3124 εἰς
813 3046 909 3112 αὐτόν
955 3042 1108 3105 thronus.
1125 3043 1205 3116 QUffl
1222 3043 1359 3124 (1111118111
1375 3062 1443 3108 11011
1459 3044 1500 3108 de
1516 3045 1643 3109 Davide
1656 3046 1707 3108 in·

158 3149 213 3211 τόν
229 3144 325 3214 Δαυίδ
340 3157 466 3213 νοεῖται.
483 3147 556 3226 Πῶς
571 3150 650 3235 γὰρς
672 3148 743 3214 ἀλλ’
754 3150 798 3228 εἰς
813 3150 911 3234 Χρισ-
955 3146 1172 3224 telliguntur.
1203 3148 1338 3210 Etenim
1369 3149 1556 3230 quomodo?
1586 3151 1706 3232 utique

156 3251 212 3315 τόν
227 3252 281 3315 τόν
304 3250 337 3330 ἐξ
360 3251 457 3316 αὐτοῦ
479 3252 708 3338 καταγόμενον,
732 3255 786 3318 καί
809 3254 910 3339 διηνε-
957 3267 1016 3331 per
1039 3250 1212 3314 Christum
1235 3269 1277 3314 ex
1300 3253 1360 3315 illo
1383 3254 1576 3332 oriundum,
1594 3256 1709 3318 viven-

157 3355 214 3432 κὲς
229 3354 333 3432 ζῶντα
354 3357 409 3419 καὶ
425 3353 641 3440 βασιλεύοντα.
665 3337 812 3422 Καίποῦ
829 3359 911 3444 ὤμο-
956 3359 1026 3416 tem
1054 3357 1088 3417 et
1110 3359 1314 3432 regnantem
1338 3357 1373 3419 in
1397 3365 1610 3440 perpetuum.
1644 3360 1710 3423 Ubi

158 3459 251 3544 σενή
274 3460 308 3524 ἐν
322 3466 366 3543 τῷ
382 3461 479 3524 εἰπεῖν
501 3461 578 3544 πρός
593 3460 706 3525 αὐτόν·
730 3459 795 3526 Καὶ
811 3463 910 3544 ἔσται,
958 3476 1036 3521 nam
1056 3476 1135 3522 vero
1155 3459 1310 3539 juravit?
1325 3463 1392 3525 nisi
1409 3462 1543 3543 quando
1559 3465 1646 3527 dixit
1664 3466 1707 3529 ad

161 3561 238 3626 ὅταν
254 3561 462 3646 πληρωθῶσιν
477 3563 510 3626 αἰ
524 3562 640 3648 ἡμέραι
652 3586 720 3645 σου,
736 3567 791 3630 καί
801 3587 913 3651 κοιμη-
959 3580 1054 3626 eum:
1073 3585 1089 3622 «
1099 3565 1143 3626 Et
1155 3565 1220 3626 erit
1236 3563 1370 3646 quando
1387 3567 1619 3647 implebuntur
1635 3568 1706 3632 dies

161 3665 219 3750 θῇς
236 3667 316 3751 μετὰ
330 3675 392 3731 τῶν
406 3646 551 3751 πατέρων
563 3689 629 3749 σου,
648 3668 861 3754 ἀναστήσεται
876 3671 914 3735 ἐκ
958 3667 1020 3746 tui,
1037 3671 1071 3730 et
1082 3668 1229 3731 dormies
1242 3685 1320 3731 cum
1333 3669 1579 3752 patribus'tuisr,
1594 3689 1711 3735 exsur-

158 3780 216 3833 τοῦ
233 3768 413 3855 σπέρματός
429 3791 486 3835 σου
510 3771 616 3854 ἄλλος,
633 3773 668 3850 δς
691 3775 781 3838 ἔσται
803 3773 841 3837 ἐκ
855 3783 913 3859 της
958 3778 1019 3851 get
1034 3789 1076 3835 ex
1091 3772 1197 3852 stirpe
1213 3775 1274 3835 tua
1285 3773 1374 3835 alius
1391 3774 1450 3853 qui
1463 3774 1528 3836 erit
1539 3774 1580 3838 de
1592 3781 1711 3840 ventre

159 3873 281 3956 κοιλίας
298 3896 366 3955 σου,
378 3875 432 3938 καί
445 3873 603 3961 ἑτοιμάσω
615 3878 659 3954 εἰς
671 3879 725 3942 τόν
741 3878 840 3944 αἰῶνα
855 3880 913 3963 τήν
958 3879 1027 3954 ιοο,
1044 3879 1077 3938 et
1098 3875 1294 3955 praeparabo
1316 3877 1353 3938 in
1375 3878 1540 3940 saeculum
1561 3895 1708 3956 regnum

160 3976 322 4064 dubricius
345 3979 451 4043 αὐτοῦ.
475 3979 580 4055 Αὐτός
603 3978 805 4065 οἰκοδομήσει
826 3982 913 4046 οἰκον
959 3979 1710 4062 eJ'us.Ipseaedificabitdomumnominimeo,

159 4093 203 4168 τῷ
215 4081 346 4168 ὀνόματί
358 4104 426 4169 μου,
439 4084 493 4146 καὶ
505 4081 674 4167 ἀνορθώσω
682 4086 741 4169 τήν
750 4083 913 4170 βασιλείαν
959 4087 992 4148 et
1003 4084 1115 4162 eriget
1126 4099 1272 4161 regnum
1284 4100 1385 4146 suum
1398 4085 1434 4147 in
1446 4085 1619 4149 saeculum.
1632 4086 1708 4164 Ego

161 4189 259 4254 αὐτοῦ
274 4189 318 4265 εἰς
333 4189 387 4252 τόν
409 4189 519 4253 αἰῶνα.
534 4188 620 4274 Ἐγὼ
636 4191 747 4275 ἔσομαι
769 4191 853 4277 αὐτῷ
869 4193 913 4270 εἰς
959 4203 1017 4284 ero
1032 4187 1084 4250 illi
1100 4186 1135 4249 in
1152 4190 1294 4268 patrem,
1311 4192 1346 4250 et
1360 4189 1418 4252 ille
1435 4189 1501 4251 erit
1519 4190 1604 4252 mihi
1621 4191 1657 4253 in
1673 4189 1711 4252 fi-

163 4290 297 4376 πατὲρα,
313 4293 369 4355 καί
384 4292 478 4369 αὐτὸς
493 4293 583 4356 ἔσται
598 4314 649 4378 μοι
665 4294 708 4371 εἰς
724 4293 798 4359 υἱόν.
959 4294 1056 4355 lium.
1071 4311 1088 4350 ν

206 4394 253 4461 Οὐ
268 4404 333 4473 τοῖς
355 4395 494 4480 κλητοῖς,
515 4396 600 4461 ἀλλὰ
622 4406 687 4475 τοῖς
709 4388 873 4478 ἐκλεκτοῖς
896 4399 913 4466 ό
1003 4397 1076 4459 Non
1088 4394 1161 4475 Jam
1176 4396 1315 4474 vocatis,
1341 4395 1399 4459 sed
1416 4396 1585 4474 eligendis
1608 4398 1711 4462 cadili-

162 4497 278 4583 θρόνος
300 4509 357 4564 τοῦ
370 4497 478 4580 Δαοιδ,
494 4496 637 4565 τουτὲστι
658 4512 715 4566 τοῦ
729 4501 869 4586 Χριστοῦ
890 4503 913 4589 ή
959 4505 1057 4566 catur
1072 4501 1215 4563 thronus
1231 4501 1380 4579 Davidis,
1397 4501 1432 4563 id
1452 4505 1504 4564 est
1518 4503 1644 4566 Christi
1656 4521 1713 4584 po-

164 4601 308 4689 βασιλεία
318 4601 530 4688 οἰκοδομεῖται
542 4604 585 4681 εἰς
595 4607 717 4689 γενεὰν,
730 4615 795 4683 τοῖς
806 4606 845 4671 ἐκ
859 4627 913 4670 πε-
959 4609 1074 4685 testas,
1086 4605 1370 4686 ingenerationem
1382 4621 1486 4666 unam
1498 4622 1558 4685 pro
1570 4607 1713 4670 circum·

162 4715 303 4792 ριτομής,
318 4708 373 4770 καί
393 4708 516 4793 γενεὰν,
531 4716 597 4785 τοῖς
619 4708 653 4788 ἐξ
675 4709 782 4775 ἐθνῶν.
800 4705 856 4789 Ὦς
872 4711 915 4775 οἰ-
959 4709 1049 4788 aisis,
1065 4712 1099 4770 et
1113 4708 1255 4770 alteram
1268 4707 1506 4789 generationem
1521 4725 1582 4788 pro
1598 4710 1709 4786 genti·

162 4809 218 4876 κία
234 4810 454 4896 οἰκοδομεῖται,
467 4811 565 4889 οὕτως
576 4812 594 4876 ό
605 4811 721 4897 θρόνος
735 4823 792 4878 τοῦ
806 4812 913 4898 Δαοιδ,
960 4812 1034 4876 bus.
1048 4812 1142 4875 Sicut
1160 4810 1326 4873 habitatio
1345 4808 1542 4890 fabricatur,
1554 4812 1604 4875 sio
1623 4814 1714 4878 thro·

198 5051 226 5092 ν.
242 5033 268 5104 4,
286 5033 312 5088 ό.
330 5032 398 5088 Vct.
415 5031 441 5088 4.
459 5031 503 5088 of.
523 5051 556 5104 11,
573 5033 648 5106 Eeg.
669 5052 722 5106 ru,
739 5037 781 5092 12.
794 5037 867 5095 Gen.
881 5057 914 5111 τι,
959 5033 1089 5105 Hesych.
1102 5029 1181 5104 apud
1193 5027 1304 5085 Cordsr
1317 5045 1350 5100 rr,
1362 5029 1423 5100 821,
1437 5033 1467 5084 οι
1485 5029 1632 5087 Eusebius
1645 5049 1717 5107 pou.

164 5122 208 5177 22.
228 5121 264 5176 In
283 5119 340 5176 fine
357 5119 424 5177 Vct.
445 5121 471 5190 5,
492 5122 533 5190 12,
556 5122 597 5191 14,
619 5123 660 5178 16.
682 5123 781 5180 Pauca
804 5128 915 5198 regerit
960 5127 1049 5192 aiore,
1062 5135 1128 5192 ηοω
1140 5134 1200 5174 non
1212 5114 1318 5190 recipit
1331 5115 1587 5173 Montefalconins.
