3966 6108
323 457 388 526 528
937 459 968 523 S.
992 455 1256 524 HIPPOLYTUS

322 595 377 685 Μὴ
393 591 539 683 scetem,
554 593 623 662 ἀντὶ
638 595 682 683 μῆ
697 593 874 680 ἀνθυμηθῇς
889 597 930 662 τό
944 595 1070 684 διανοῆ-
1116 593 1321 706 Νογαοοοιίαν,
1344 596 1442 679 quasi
1457 613 1501 664 ne
1516 596 1735 678 concupiscas
1756 611 1882 659 eorum

323 723 409 788 ματα
422 700 535 767 αὐτῶν.
546 698 718 766 Ἐιικλινον
733 701 788 766 ούν
802 698 857 764 ἀπ’
869 699 972 766 αύτύν
987 699 1072 785 ἡνιο-
1117 703 1316 782 sentcntias3
1333 699 1564 779 declinaergo
1580 701 1712 782 ineptos
1724 701 1879 782 impetus

321 818 389 894 χῶν
409 807 467 885 τός
489 804 625 892 ἀλόγους
647 801 769 890 όρμύς·
793 805 816 891 ῆ
844 802 968 883 ἀσεύετς
993 808 1072 891 φησὶ
1117 807 1282 872 similium
1304 807 1516 886 aurigarum.
1541 803 1603 870 Vel
1630 805 1753 887 impios
1774 807 1880 867 vocat

320 914 393 990 τούς
415 913 572 996 πονηρούς
598 907 767 994 λογισμούς
781 909 896 996 ,ψυχὴν
922 907 1069 976 ἀποκτεί-
1117 928 1238 992 pravas
1264 911 1490 988 cogitationes
1516 926 1593 990 quae
1614 910 1766 973 animam
1788 909 1880 972 occi·
1963 931 1964 990 ι

321 1035 461 1096 νοντας·
476 1012 494 1077 ὁ
509 1013 641 1099 στρατός
663 1011 766 1078 αὐτῶν
785 1011 829 1090 είς
844 1011 939 1097 φόνον
962 1013 1068 1100 ψυχῆς
1085 1007 1093 1064 Ὺ
1117 1015 1220 1094 duut;
1243 1016 1333 1079 acies
1356 1030 1474 1078 eorum
1500 1013 1612 1077 tendit
1632 1013 1669 1077 in
1682 1013 1876 1094 interitum
1963 999 1964 1042 ¹

321 1117 438 1206 ἀφορᾷ.
1117 1120 1251 1184 animae.
1819 1119 1823 1125 '

366 1227 442 1290 cns.
458 1243 503 1304 ιν,
518 1239 547 1286 ν.
561 1223 612 1304 10,
631 1223 681 1288 11.
693 1218 825 1304 Ἄκουε,
842 1218 898 1303 uu,
914 1221 970 1285 acl
984 1219 1072 1301 δέξαι
1161 1226 1238 1288 cns.
1253 1240 1298 1304 ιν,
1321 1240 1353 1285 v.
1371 1223 1422 1302 10,
1441 1222 1491 1284 11.
1507 1218 1604 1299 Arrcti,
1625 1219 1691 1300 fili,
1709 1222 1742 1284 ct
1761 1219 1871 1299 νοοίμα

321 1325 417 1412 ἒμοὺς
430 1324 554 1411 λόγους,
570 1326 625 1389 καὶ
639 1321 894 1409 πλῆθυνθῆσεται
913 1325 969 1409 ἔτη
987 1324 1072 1410 ζωῆς
1116 1344 1278 1394 ammoneo
1292 1345 1386 1407 νιιοο,
1411 1330 1443 1391 ct
1463 1324 1769 1407 νινίίιμίύιιόιιιιίνι·
1789 1324 1875 1388 anni

322 1451 390 1513 σου,
406 1431 457 1496 ίνα
472 1449 522 1493 σοι
536 1426 689 1515 γένωνται
703 1427 820 1492 πολλαὶ
836 1427 902 1492 ὁδοὶ
918 1425 996 1513 βίου.
1019 1426 1072 1495 ‘0-
1116 1432 1191 1496 citet
1216 1435 1287 1511 ίνισ,
1312 1435 1352 1494 att
1367 1430 1460 1514 ,θοαί
1486 1428 1546 1494 tili
1572 1428 1681 1494 ιιιιιίίω
1706 1427 1766 1492 σία
1785 1428 1873 1491 citae.

320 1534 393 1612 δούς
403 1535 466 1619 γάρ
477 1529 589 1618 σοφίας
604 1530 742 1596 διδάσκω
754 1531 801 1614 σὲ,
815 1527 973 1616 ἐμύιύάζω
984 1530 1019 1595 δὲ
1031 1532 1069 1596 σὲ
1118 1536 1205 1602 Nam
1223 1534 1297 1600 οἱον
1314 1534 1480 1614 sapone
1501 1532 1608 1599 docto
1627 1536 1667 1614 tc,
1682 1531 1824 1615 strombo
1839 1535 1874 1595 tc

323 1635 464 1723 τροχιαῐς
479 1634 596 1720 ὀρθαῖς.
869 1712 871 1721 Ι
1117 1639 1156 1703 io
1171 1639 1255 1704 rotie
1269 1639 1378 1704 rectis.

366 1736 406 1805 Ei
418 1748 495 1827 γοῦν
507 1738 633 1817 ἀκούεις
647 1739 736 1824 ἐμοῦ,
748 1735 1003 1822 πληθυνθῆσιται
1014 1739 1071 1824 ἐπῆ
1161 1745 1213 1808 Me
1244 1758 1327 1821 ergo
1355 1741 1387 1806 si
1409 1739 1572 1823 audieris,
1598 1740 1681 1806 πονοι·
1707 1740 1781 1804 cite
1804 1741 1873 1803 tw

319 1844 405 1930 ζωῆς
427 1864 494 1926 σου,
511 1845 562 1908 ίνα
577 1852 659 1929 σχῆς
675 1841 835 1928 ἄφθαρτον
850 1841 953 1926 ζωήν·
976 1841 1071 1927 δηλο-
1117 1843 1434 1926 mutliploacactur,
1455 1849 1493 1908 ut
1504 1846 1610 1908 vitam
1621 1843 1747 1907 habeas
1763 1844 1874 1907 incor-

320 1947 388 2013 νύτι
402 1945 518 2010 πολλαὶ
540 1944 608 2010 ὁδοί
629 1942 707 2031 βίου,
723 1943 852 2029 πράξεις
875 1943 1002 2031 ἀγαθαὶ,
1018 1945 1072 2012 ἐπὶ
1118 1955 1266 2030 ruptam,
1281 1949 1412 2013 scilicet
1427 1949 1507 2011 vitae
1518 1948 1576 2011 via
1591 1947 1771 2029 multiplex
1788 1951 1873 2010 sunt

319 2053 379 2138 τῆν
398 2061 514 2137 γνῶσιν
534 2049 686 2136 φέρουσαι
699 2061 756 2116 τοῦ
771 2051 873 2119 Θεοῦ·
896 2054 1020 2138 προχοαὶ
1036 2052 1072 2116 δὲ
1117 2054 1196 2119 boni
1213 2059 1319 2133 actus,
1341 2052 1401 2133 qui
1423 2051 1552 2116 ducunt
1574 2051 1617 2115 ad
1639 2052 1872 2130 cognitionem

320 2157 420 2244 όρθαὶ,
436 2156 469 2222 αἱ
485 2156 547 2222 ἀπὸ
562 2164 624 2223 τῶν
639 2155 767 2243 ἀγαθῶν
787 2155 930 2241 πράξεων
945 2157 1022 2242 πρός
1038 2157 1073 2222 ἀ-
1119 2159 1191 2222 Dei.
1222 2160 1314 2222 Rotae
1343 2161 1460 2222 autem
1483 2161 1584 2220 reotae
1612 2161 1714 2238 sunt,
1744 2173 1822 2238 quae
1853 2173 1876 2216 a

319 2261 422 2350 γαθόις
436 2261 609 2346 παρούσαις.
1118 2262 1216 2327 bonis
1242 2261 1377 2326 actibus
1399 2261 1530 2324 vehunt
1552 2259 1595 2324 ad
1617 2259 1707 2324 bona
1728 2260 1793 2323 νυνὶ
1818 2259 1875 2322 iti·

1118 2383 1214 2432 nera.

365 2467 446 2536 Είπε
471 2467 507 2534 δὲ
531 2469 590 2553 τῆν
613 2464 726 2550 αἰτίαν,
752 2475 819 2546 πῶς
844 2469 932 2534 ἔσται
960 2479 1070 2556 ταύτας
1162 2474 1350 2535 Etcausam
1362 2471 1484 2534 asserit
1494 2467 1661 2551 quomodo
1673 2467 1765 2532 istud
1779 2467 1875 2532 futu·

321 2569 434 2652 Ὁδοὺς
458 2572 520 2659 γὰρ
547 2568 671 2657 σοφίας,
693 2573 765 2659 ῆτοι
786 2581 843 2658 τῆς
872 2573 1067 2660 εὐμηχάνου,
1118 2595 1195 2641 rum
1210 2577 1265 2640 sit.
1288 2577 1373 2638 Nam
1388 2573 1514 2638 docebo
1529 2574 1602 2638 vias
1617 2574 1801 2655 sapientia,
1820 2573 1872 2636 ni-

321 2687 379 2766 τῆς
394 2677 539 2763 εὐπόρου,
555 2673 626 2743 όθεν
641 2676 680 2741 ἂν
695 2673 822 2764 βαδίσαι
840 2675 951 2764 θέλῃς,
967 2678 1073 2745 πάντα
1118 2683 1245 2746 mirum
1267 2681 1362 2744 illius
1384 2679 1528 2762 pulchre
1548 2678 1719 2760 operantis
1735 2682 1769 2742 et
1783 2679 1875 2741 ince-

320 2779 491 2864 ύπεξίσται,
506 2779 597 2846 οὐδὲν
612 2780 648 2844 τό
666 2776 848 2846 ἀντιπίπτον
863 2781 980 2866 ῆιιουσι
997 2782 1076 2848 πύν-
1119 2786 1239 2866 (tentia,
1255 2801 1323 2866 qna
1337 2784 1368 2849 si
1381 2783 1532 2847 volueris
1555 2783 1741 2862 ambulare,
1757 2782 1872 2845 omnia

320 2909 362 2954 τα
376 2889 462 2953 κατὰ
484 2884 643 2973 βασιλίδα.
659 2883 760 2962 Θείως
780 2883 815 2948 δὲ
837 2887 923 2951 εἶπεν
938 2889 975 2951 τὸ
990 2886 1075 2974 epo-
1119 2889 1316 2969 succedent3
1332 2888 1418 2952 nihil
1433 2889 1469 2951 in
1480 2903 1623 2952 occursu
1639 2887 1731 2952 cadit
1741 2887 1794 2950 his
1810 2887 1872 2968 qui

322 2993 420 3076 ύιίζω,
435 2993 527 3075 ὥστε,
540 2992 627 3085 φησὶ,
644 2989 775 3076 ἀσφαλῆ
786 2986 932 3075 γενέσθαι
944 2992 1003 3077 τῆν
1015 3011 1075 3056 πα·
1119 2995 1234 3060 omnia
1244 2993 1346 3075 juxta
1369 2992 1502 3072 regiam
1519 2993 1612 3056 viam
1628 2992 1794 3070 dirigunt.
1816 2992 1874 3055 Di-

323 3096 483 3185 ραμονήν·
498 3098 535 3161 ού
547 3096 609 3181 γὰρ
620 3104 772 3160 τοσαῦται
784 3097 1001 3179 παρεκτροπαὶ
1012 3104 1074 3162 τῶν
1118 3100 1200 3163 vino
1224 3099 1364 3162 numine
1388 3097 1453 3159 ait:
1464 3095 1618 3179 Jtrmoho,
1637 3095 1804 3174 videlieet,
1823 3094 1875 3156 in·

325 3199 507 3288 λειοφόρων,
523 3201 594 3264 ύσαι
605 3205 663 3282 τῆς
679 3197 805 3285 ἀρετῆς·
817 3201 872 3264 καλ
883 3199 975 3286 ἔργον
990 3201 1076 3267 ῑστιν
1120 3205 1206 3286 quit,
1221 3202 1355 3267 firmam
1368 3206 1403 3266 et
1413 3206 1624 3266 constantem
1635 3199 1711 3264 fieri
1726 3199 1871 3263 mansio-

324 3307 425 3393 εύριῐν
440 3304 540 3390 ἄνδρα
555 3301 646 3388 ὀρθόν
662 3300 721 3366 ἀεί.
1120 3325 1209 3372 nem.
1225 3306 1324 3370 Haud
1339 3306 1431 3370 enim
1445 3309 1496 3370 tot
1518 3311 1600 3370 sunt
1621 3304 1822 3368 diverticula
1836 3304 1874 3366 in

1118 3411 1259 3476 lubricis
1270 3410 1410 3491 semitis,
1423 3412 1506 3492 quot
1516 3413 1598 3474 sunt
1608 3409 1644 3472 in
1657 3409 1795 3490 virtute3
1807 3425 1869 3471 un·

1120 3517 1162 3582 de
1182 3516 1328 3580 arduum
1351 3532 1436 3597 opus
1453 3519 1504 3580 est
1526 3515 1680 3578 invenire
1702 3513 1874 3579 hominem

1119 3637 1254 3702 semper
1271 3623 1414 3708 rectum.

369 3731 445 3794 cuo.
462 3744 495 3806 ν,
510 3743 542 3789 ν.
559 3723 610 3787 19.
623 3717 767 3805 Ἔλαφος
779 3718 885 3806 φιλίας
899 3721 956 3786 καὶ
969 3716 1075 3800 πωλος
1164 3727 1241 3789 cun.
1258 3739 1290 3804 v,
1305 3741 1337 3786 ν.
1355 3725 1406 3788 19.
1427 3723 1527 3789 Cerco
1547 3721 1701 3788 amicitie
1714 3719 1870 3804 ιίριιίίιιε

326 3833 390 3898 σύν
404 3825 542 3916 χαρίτων
557 3822 702 3913 ὁμιλείτω
718 3845 777 3889 σοι.
1119 3832 1252 3894 ecorum
1263 3828 1452 3912 pretiorum
1468 3829 1571 3892 ΐοισιν
1586 3830 1798 3892 ουαοονοιίνν.

369 3929 455 4017 Ὅρα
469 3938 535 4008 πῶς
550 3929 644 3995 αὐτόν
660 3928 704 4006 εἰς
727 3927 899 4014 συνδεσμύν
921 3928 993 4015 ἀγει
1014 3937 1073 4016 τῆς
1162 3932 1247 3998 Vide
1263 3932 1411 4015 qualiter
1427 3936 1551 4010 urgeat
1568 3931 1747 3997 vinculum
1770 3931 1873 3994 nnius

325 4036 493 4125 ὁμοζύγου·
508 4033 648 4100 δείκνυσι
662 4033 727 4118 γὰρ
739 4031 796 4096 καί
806 4031 858 4098 διὰ
867 4042 924 4097 τοῦ
937 4029 1020 4112 ζωοῦ
1035 4036 1072 4098 τὸ
1120 4037 1290 4103 consortii.
1307 4039 1433 4116 Nempe
1449 4053 1510 4116 per
1520 4051 1655 4099 cervam
1667 4035 1804 4098 denotat
1817 4051 1874 4098 vo

327 4151 387 4226 τῆς
405 4139 523 4224 ἡδονῆς
537 4137 688 4222 καθαρὸν,
703 4137 760 4200 καὶ
779 4135 830 4200 ta
845 4145 901 4201 τού
916 4137 1023 4203 πώλου
1039 4141 1075 4203 τὸ
1119 4141 1261 4222 luptatis
1277 4140 1313 4202 in
1329 4138 1491 4219 conjugio
1507 4138 1747 4218 innocentiam,
1764 4143 1798 4201 et
1811 4154 1872 4219 per

323 4255 383 4332 τῆς
397 4246 547 4332 γυναικὸς
562 4239 733 4327 παρίστησι
752 4249 871 4325 γαῦρον
892 4241 948 4304 καὶ
969 4239 1073 4305 ποθει-
1119 4246 1253 4327 pullum
1269 4243 1480 4306 alacritatem
1496 4241 1650 4307 mulieris
1663 4243 1824 4325 exprimit
1838 4248 1872 4307 et

328 4351 391 4419 νόν.
1119 4348 1375 4412 amabilitatem.

368 4459 446 4521 cns.
462 4469 508 4533 νι,
523 4470 555 4515 ν.
572 4449 625 4514 26.
639 4445 796 4533 Τιμῆγάρ
810 4443 928 4532 πόρνης
943 4446 1002 4532 cml
1019 4449 1075 4512 καὶ
1162 4454 1240 4516 cun.
1255 4465 1301 4530 νι,
1317 4467 1349 4514 v.
1365 4452 1408 4515 26
1423 4449 1573 4515 Pretium
1591 4449 1679 4514 οιιίνι
1703 4452 1805 4517 scorta·
1816 4452 1871 4517 cic

323 4557 392 4636 ἑνός
407 4557 514 4642 ἄρτου,
543 4553 623 4641 γυνὴ
646 4553 682 4618 δὲ
703 4549 823 4636 ἀνδρῶν
846 4547 951 4636 τιμίας
969 4550 1075 4638 ψυχὰς
1118 4539 1872 4639 πνίιννιίιιιμαιιίοςνιιιιίίονοιιίσνιιίνονιιννρνο-

325 4661 462 4750 ἀγρεύει
1027 4716 1030 4722 .
1119 4661 1221 4727 tiosos
1234 4659 1364 4725 ιιιιιίααι
1378 4660 1474 4742 cupit.

365 4765 414 4833 oc
427 4767 482 4832 τὸν
497 4765 592 4850 ἀρτον
606 4771 646 4849 τῆ
663 4758 743 4848 μίξει
761 4756 971 4844 παραύύιλλιι,
987 4757 1074 4826 ἀλλὰ
1161 4766 1288 4827 Panem
1303 4763 1500 4827 scortationi
1516 4779 1585 4826 non
1611 4770 1793 4847 comparat,
1814 4767 1870 4832 sed

322 4875 359 4940 τὸ
383 4871 435 4938 ἐπὶ
457 4879 496 4956 τῆ
521 4866 600 4957 μίξει
622 4863 903 4952 καταύαλλόμενον
925 4863 1073 4952 ἀργύριον
1118 4886 1196 4933 cum
1208 4868 1531 4952 pretiouniuapnnis
1550 4868 1897 4960 pecuniamadscor,
1963 4901 1964 4904 ¹

355 5101 798 5182 oap.1v,v.10.11.1uvacic
815 5101 848 5160 in
859 5118 918 5176 qno
929 5106 1039 5160 είιιουαι.
1119 5105 1183 5159 tum
1195 5100 1296 5159 omisit
1306 5100 1396 5159 breve
1408 5099 1569 5160 exordium.
1580 5077 1651 5162 (lod.
1668 5102 1690 5162 1.
1702 5105 1746 5162 22.

356 5191 426 5268 Gap.
439 5209 468 5265 ν,
480 5209 508 5252 ν.
521 5191 556 5250 λθ
568 5187 662 5250 edidit
673 5194 704 5246 et
715 5189 807 5250 vertit
823 5188 930 5261 Maius,
943 5188 995 5264 qni
1006 5195 1071 5248 ten·
1154 5187 1226 5261 cap.
1239 5205 1282 5260 νι,
1294 5207 1322 5248 ν.
1335 5189 1378 5249 26.
1391 5187 1461 5248 Gom
1473 5187 1495 5246 f.
1507 5188 1551 5248 tt.
