3966 6104
722 391 733 418 ‘
789 425 853 490 nr.
871 425 926 490 nn
942 423 1069 491 urar.
1632 429 1695 494 tor

26 557 30 568 '
146 559 288 645 ριστάσει
309 560 421 648 ταύιη,
436 561 518 628 ῶστε
533 563 627 629 αύτθν
649 563 901 650 καταλειφθῆναι
942 567 1095 647 loquitur
1109 583 1169 647 per
1183 566 1365 632 turbinem.
1384 569 1478 645 Quod
1493 571 1521 636 si
1536 573 1558 634 J
1560 570 1601 635 ob
1617 588 1691 653 per·

146 657 250 730 τοιῶτα
270 665 446 753 πάσχοντα,
470 669 525 731 καί
547 666 683 748 ἐξελθεῖν
701 668 754 733 τύν
777 666 853 756 βίον,
869 670 900 734 ἐ·
943 671 1123 734 mansisset
1150 673 1185 733 in
1213 671 1275 734 hoc
1297 675 1459 753 tumultu,
1483 675 1530 738 ita
1553 679 1592 739 ut
1617 678 1689 758 ipse

145 769 288 855 λύλησεν
303 771 342 836 ἂν
358 771 443 858 αύτῷ
454 773 471 838 ὁ
484 771 599 858 Κύριος
612 774 663 839 διὰ
674 773 829 854 λαίλαπος
845 773 899 860 μύ-
943 774 997 837 his
1016 774 1267 837 calamitatibus
1291 775 1475 856 involutus,
1491 777 1535 840 ad
1557 779 1687 842 exitum

144 893 208 940 νον.
236 873 303 940 Νῦν
330 875 364 939 δὲ
387 875 497 961 ἐπειδὴ
526 875 719 962 μιταύάλλει
747 879 831 963 αὐτῷ
857 879 898 944 τὰ
942 879 1021 940 vitae
1036 880 1194 958 venisset,
1208 880 1371 944 Dominus
1395 884 1601 964 tantumper
1622 888 1694 947 tur·

144 978 321 1066 πράγματα
336 979 399 1044 ἀπὸ
421 989 575 1066 χειμῶνος
595 983 639 1059 είς
662 979 777 1064 εὐδίαν,
793 986 850 1048 καί
865 983 897 1048 ἐ-
941 980 1055 1045 binem
1083 983 1134 1045 illi
1159 983 1294 1046 locutus
1321 982 1450 1048 fuisset.
1478 987 1575 1049 Nunc
1602 1002 1693 1066 vero,

142 1083 236 1169 πειδὴ
260 1082 419 1170 ἀπείληφε
440 1086 499 1171 τὴν
522 1084 630 1173 ύγείαν
657 1097 714 1151 τοῦ
741 1086 896 1172 σωματος,
942 1101 1047 1165 quum
1068 1086 1132 1166 ipsi
1152 1104 1205 1148 res
1221 1084 1294 1166 ejus
1311 1091 1421 1151 mutat
1436 1106 1477 1152 ex
1493 1092 1642 1171 procella
1657 1091 1693 1154 in

143 1187 196 1252 διὰ
211 1198 305 1254 τοῦτο
322 1189 338 1252 b
354 1186 559 1274 χρηματίζων
582 1191 667 1276 αύτῷ
682 1193 719 1255 ού
736 1189 829 1276 μύνον
845 1191 897 1256 διὰ
940 1207 1109 1268 serenum,
1126 1193 1159 1252 et
1174 1197 1353 1272 postquam
1369 1195 1582 1273 recuperavit
1600 1195 1690 1257 sani·

145 1291 312 1376 λαίλαπος,
329 1292 483 1358 ἀλλα-καί
498 1293 550 1359 δια
565 1295 705 1380 νεφελῶν
719 1294 819 1360 λαλεί
940 1298 1044 1356 tatem
1067 1296 1233 1374 corporis,
1257 1295 1381 1359 idcirco
1408 1298 1467 1376 qui
1493 1315 1572 1360 eum
1599 1315 1688 1362 com·

886 1457 891 1470 ,
939 1401 1052 1480 pellat,
1070 1417 1136 1463 non
1153 1401 1250 1463 modo
1263 1419 1322 1481 per
1336 1400 1508 1464 turbinem
1523 1404 1687 1484 loquitur,

939 1503 998 1566 scd
1011 1510 1045 1567 et
1056 1521 1115 1585 par
1131 1505 1248 1570 nubes.

188 1623 220 1668 v.
237 1607 267 1668 2.
286 1601 341 1681 Τίς
354 1605 444 1682 ούτος
456 1603 473 1670 ὁ
486 1604 631 1689 κρύπτων
644 1625 682 1692 με
695 1605 812 1694 βουλὴν
825 1608 892 1672 κτλ.
982 1626 1013 1669 ν.
1029 1609 1059 1671 2.
1081 1609 1160 1686 θυῖε
1175 1613 1224 1673 est
1237 1609 1296 1673 ι’ίίο
1311 1608 1419 1675 colorat
1435 1615 1496 1674 etc

190 1707 354 1774 Πεθοδίου.
372 1709 502 1796 Ἐπειδὴ
519 1709 678 1796 νενίκηται
694 1713 711 1778 ὁ
727 1713 893 1798 πειράζων,
983 1713 1122 1788 Quando
1138 1713 1274 1795 quidem
1290 1719 1438 1778 tentator
1457 1715 1611 1780 devictus
1626 1721 1688 1797 est,

141 1813 403 1901 μεγαλοφρονεῖὸ
419 1813 617 1900 ἀγωνοθέτης
640 1817 691 1881 ἐπί
708 1827 751 1904 τῷ
774 1815 840 1902 ἰδίῳ
857 1819 892 1882 ἀ·
938 1820 1132 1908 certaminis
1145 1837 1267 1899 praescs
1282 1820 1444 1900 superbos
1457 1819 1588 1883 animos
1604 1825 1688 1884 atto

139 1919 250 2004 θλητὴ,
267 1922 322 1984 καί
336 1923 432 2004 φησίν
448 1919 489 1998 ὡς
505 1923 583 2005 πρὸς
598 1924 652 1986 τὸν
669 1921 890 2009 νενικημένον·
906 1923 908 1930 ’
937 1923 979 1985 lit
997 1922 1038 1985 de
1053 1940 1116 1986 suo
1139 1923 1276 2002 athleta,
1301 1929 1335 1986 et
1347 1925 1447 2004 quasi
1464 1941 1500 1988 se
1522 1927 1690 1990 convertit

141 2021 196 2102 Τίς
212 2025 301 2102 ούτος
324 2026 342 2088 t
363 2024 525 2108 κρύπτων;
550 2022 616 2090 Τίνι
635 2027 697 2112 γὰρ
719 2026 892 2112 ἐφαρμόζει
938 2024 980 2088 ad
999 2027 1130 2089 hostem
1153 2027 1299 2089 victum:
1320 2027 1399 2102 Quis
1414 2031 1463 2091 est
1475 2027 1535 2092 ille
1557 2028 1689 2094 calcas?

141 2127 289 2213 λέγεσθαι
303 2137 412 2210 τοῦτο,
436 2127 453 2192 b
469 2127 541 2193 ’loo
556 2128 617 2194 σύκ
639 2132 784 2215 ἔκρυπτε,
803 2133 890 2198 εύσε-
938 2131 1080 2194 cuinam
1094 2131 1185 2193 enim
1201 2131 1288 2194 hanc
1303 2146 1420 2194 vocem
1432 2129 1499 2194 dici
1512 2133 1689 2211 congruit?

143 2229 202 2318 θὴς
224 2231 376 2317 ὑπάρχων
397 2233 452 2294 καὶ
475 2232 569 2311 θσιος.
593 2231 693 2312 Ούτσς
718 2234 753 2298 δὲ
775 2239 800 2321 ᾦ
824 2238 889 2302 ἐπι-
936 2235 1001 2299 Job
1015 2235 1688 2316 noncelavitquipiuseratetinnoccns.

139 2333 286 2419 πλὴσσει,
302 2334 449 2419 κρύπτειν
471 2335 581 2417 ἐθέλει,
598 2337 653 2401 καί
675 2337 890 2424 ύπολαμύάνει
937 2341 1115 2420 Illequem
1133 2339 1339 2419 increpatis
1366 2343 1417 2402 est
1439 2341 1499 2420 qui
1522 2341 1598 2404 vult
1611 2340 1684 2404 abs-

139 2441 199 2524 τὴν
226 2437 343 2525 βουλὴν
372 2439 468 2504 αύτσῶ
498 2439 717 2527 πραττομένην
748 2443 891 2510 ἀπὸτοῦ
936 2441 1133 2528 condere,ct
1147 2443 1207 2524 qui
1219 2444 1380 2524 supponit
1390 2444 1571 2508 consilium
1582 2463 1685 2510 suum

139 2540 236 2609 Θεοῦ.
260 2542 351 2629 Πλὴν
367 2542 461 2622 αὐτὸς
483 2543 601 2630 ταύτην
621 2555 713 2628 ποιεί,
731 2544 772 2625 ὡς
795 2548 892 2632 ιιρύπ-
936 2565 1009 2612 essa
1025 2549 1094 2610 Deo
1106 2547 1323 2610 occultatum.
1341 2549 1416 2628 Ipse
1431 2548 1568 2612 interim
1585 2548 1619 2613 id
1631 2566 1687 2612 ex·

137 2669 210 2714 των.
234 2647 546 2734 ΚαίγθιρὸἈδύιμ,
570 2646 891 2737 &eademeadem
935 2653 1101 2733 sequitur,
1114 2652 1166 2714 uti
1177 2650 1394 2716 abscondens.
1419 2653 1554 2716 Etenim
1569 2653 1687 2735 Adam,
1803 2645 1806 2652 ’

138 2752 330 2838 κρύπτεσθαι
345 2754 409 2818 ἀπὸ
424 2751 595 2839 προσώπου
610 2753 739 2840 Κυρίου.
935 2753 1071 2836 quando
1091 2743 1253 2836 peccauit,
1277 2754 1420 2836 putabat
1434 2773 1469 2820 se
1492 2755 1653 2821 abscondi
1668 2775 1689 2820 a

938 2859 1039 2922 vultu
1054 2859 1200 2922 Domini.

185 2981 216 3026 v.
233 2965 263 3025 3.
277 2959 382 3026 Ζῶσαι
397 2959 502 3047 ὥσπερ
514 2961 596 3049 ἀνὴρ
612 2966 670 3050 τὴν
686 2964 785 3052 ὀσφύν
799 2985 867 3031 σου.
979 2982 1010 3026 v.
1028 2965 1058 3027 3.
1074 2962 1222 3046 Accitana,
1240 2961 1327 3030 νιόυι
1339 2963 1403 3042 cir,
1422 2963 1547 3030 lambos
1560 2968 1642 3030 taos.

182 3063 347 3130 Πιθοδίου.
359 3063 416 3144 Ὡς
430 3067 508 3149 πρὸς
523 3069 576 3132 τὸν
591 3065 736 3134 διάύολον
747 3063 890 3155 γενύαίος
978 3070 1074 3132 Sicut
1090 3073 1124 3132 te
1140 3068 1281 3133 Diabolo
1300 3083 1504 3148 generosum
1528 3070 1688 3152 probasti,

136 3171 175 3253 εί,
191 3169 291 3248 ζῶσαι
313 3169 418 3254 ὥσπερ
441 3169 523 3256 ἀνὴρ
545 3173 604 3257 τὴν
627 3172 725 3258 ὀσφύν
748 3194 815 3256 σου,
834 3177 889 3240 καὶ
933 3174 983 3237 sic
998 3178 1174 3254 tamquam
1185 3173 1237 3236 vir
1248 3173 1382 3237 lumbos
1396 3180 1470 3240 tuos
1483 3178 1635 3256 accinge,
1652 3183 1687 3240 et

136 3272 287 3360 ἐρωτὴσω
302 3294 349 3338 σε.
366 3271 413 3338 Οὐ
435 3274 591 3352 πιστεύεις
608 3295 646 3360 μι
669 3276 748 3341 είναι
765 3299 821 3342 σου
837 3297 889 3342 σο-
934 3277 1151 3356 interrogabo
1168 3283 1211 3341 te.
1224 3281 1276 3342 An
1292 3295 1359 3342 non
1375 3278 1484 3342 credis
1496 3297 1549 3344 me
1563 3281 1625 3344 tibi
1636 3299 1688 3344 aa·

138 3378 290 3464 φύτερον,
313 3377 384 3442 ἀλλ’
397 3378 449 3463 οίη
474 3375 573 3465 μέγας
588 3380 666 3444 είναι
682 3389 772 3464 νοῦς;
796 3379 886 3446 Ούτω
932 3383 1063 3462 pientia
1092 3385 1276 3464 prastarea
1309 3380 1368 3445 sed
1392 3388 1424 3445 te
1448 3388 1594 3446 mentem
1619 3402 1687 3447 ma·

136 3485 199 3568 γὰρ
213 3484 269 3547 καί
284 3483 344 3547 aaa
364 3491 419 3547 τοῦ
434 3477 566 3546 Ἠσαίου
589 3481 738 3548 λέλεκται
752 3482 769 3548 b
785 3483 888 3549 διάύο-
932 3501 1038 3564 gnam
1061 3502 1133 3549 csse
1157 3486 1354 3549 existimas?
1378 3489 1448 3551 Hoc
1471 3489 1562 3551 enim
1586 3489 1685 3554 modo

136 3587 210 3664 λος·
231 3587 359 3666 Ἐπύξω
377 3587 429 3652 ἐπί
451 3588 505 3652 τὸν
527 3597 600 3652 νοῶν
622 3591 676 3653 τύν
700 3586 809 3674 μέγαν,
833 3593 887 3654 τὸν
931 3589 1022 3671 apud
1048 3589 1171 3652 isaiam
1190 3588 1351 3654 Diabolus
1374 3591 1590 3669 significatus
1615 3600 1683 3657 est:

135 3693 279 3778 ἄρχοντα
300 3701 362 3756 τῶν
382 3688 566 3776 Ἀσσυρίων.
590 3689 687 3778 Λέγει
705 3694 760 3758 σύν
782 3693 886 3779 αὐτῷ·
933 3693 1110 3756 «invehar
1126 3694 1161 3756 in
1183 3698 1331 3757 mentem
1347 3711 1519 3778 magnam,
1541 3698 1578 3761 in
1594 3701 1685 3780 prin·

137 3795 245 3862 Ζῶσαι
266 3796 372 3880 ῶσπερ
395 3796 477 3881 ἀνὴρ
498 3796 557 3881 τὴν
581 3795 679 3881 ὀσφύν
695 3816 761 3862 σου.
781 3833 819 3846 -
837 3795 885 3862 Ob
930 3797 1040 3879 cipem
1062 3799 1320 3879 Assyriorum.»
1346 3799 1403 3861 Ait
1425 3815 1508 3878 ergo
1528 3801 1596 3865 illi:
1620 3807 1681 3868 Aa·

136 3899 288 3980 ζύννυιαι
316 3898 360 3964 δέ.
388 3897 559 3984 Ἐρωτὴσω
582 3899 616 3964 δέ
639 3921 685 3983 σε,
709 3903 748 3965 σὺ
775 3899 811 3965 δέ
834 3921 886 3986 μοι
931 3901 1021 3983 οιίιρο
1052 3901 1139 3966 abac
1166 3902 1221 3964 οιί·
1250 3898 1392 3964 laroma
1422 3904 1529 3982 taum,
1562 3921 1681 3985 quam·

138 4001 336 4088 ἀπυιιρίθητι.
355 4041 392 4050 -
407 4002 443 4069 ‘O
459 4003 494 4067 δέ
510 4003 547 4068 σύ
562 4003 693 4070 δύναται
708 4006 792 4092 αύτῷ
807 4004 885 4070 ἀπο·
931 4023 1033 4087 quam
1056 4006 1196 4068 minime
1218 4004 1284 4067 Job
1308 4006 1511 4084 accingitur.
1541 4006 1683 4073 latmo·

138 4107 294 4192 ιιριθὴναι.
312 4105 366 4185 Τίς
381 4108 444 4193 γὰρ
459 4109 540 4193 ἐγνω
554 4118 627 4176 νοῶν
643 4107 777 4194 Κυρίσυ;
800 4110 885 4196 ῆτίς
926 4109 1006 4193 gabo
1028 4113 1067 4188 te,
1094 4113 1131 4174 ίιι
1151 4125 1225 4174 cero
1251 4107 1443 4189 respondeto.
1472 4111 1683 4192 Respondete

136 4209 314 4297 σύμύουλος
330 4213 416 4298 αὐτῷ
430 4209 576 4298 ἐγένετο,
930 4219 1045 4278 autem
1061 4215 1091 4278 is
1107 4231 1175 4277 non
1200 4216 1319 4295 potest.
1347 4214 1458 4289 «Quis
1474 4216 1566 4278 enim
1589 4217 1684 4278 novit

930 4323 1079 4383 mentem
1100 4317 1260 4383 Domini?
1284 4320 1351 4381 Aut
1367 4318 1444 4399 quis
1467 4319 1682 4384 consiliarius

930 4421 1005 4504 ejus
1021 4422 1130 4486 luit»

179 4545 210 4589 v.
228 4529 258 4590 4.
273 4524 342 4592 Ποῦ
355 4526 395 4611 ὴς
407 4526 441 4592 ἐν
452 4535 496 4613 τῷ
511 4527 679 4614 θεμελιοῶν
692 4548 730 4614 με
742 4529 800 4614 τὴν
812 4536 885 4614 γῆν,
974 4530 1042 4592 v.4.
1055 4526 1208 4608 Uliaros,
1221 4525 1683 4609 comsandoremecoterrom?

179 4627 343 4696 Μεθοδίσυ.
355 4629 448 4716 Ἐμοί
459 4629 659 4716 φιλονεικεῖς;
674 4634 729 4697 καὶ
741 4635 818 4717 πρὸς
829 4634 886 4719 ἐμέ
974 4635 1106 4696 Mecum
1129 4633 1201 4712 ipse
1217 4632 1418 4695 contendis?
1438 4633 1482 4694 Et
1499 4631 1680 4695 adversum

134 4735 279 4818 ίστασαι;
299 4736 432 4812 καὶτοῖς
448 4735 535 4820 ἐμοῖς
550 4734 702 4820 ἀθληταῖς
717 4736 887 4824 ἀνταγωνί-
929 4755 984 4801 me
1006 4741 1106 4816 stare,
1130 4741 1164 4798 et
1186 4753 1264 4800 cum
1288 4737 1372 4799 meis
1392 4734 1528 4798 athletis
1551 4741 1679 4800 certare

168 4925 196 4966 v.
208 4910 234 4964 2
247 4909 343 4965 Vatia.
355 4908 417 4982 988,
435 4908 496 4980 749,
514 4908 575 4979 750,
592 4909 758 4982 Mosquana
772 4911 822 4983 qui
834 4911 886 4968 ha-
929 4911 968 4966 Is.
986 4923 1090 4980 xxxvi,
1104 4909 1146 4964 la
1156 4921 1205 4979 xn,
1217 4911 1259 4966 19.
1269 4907 1349 4964 Fert.
1359 4907 1416 4964 Sed
1425 4924 1466 4963 ιιιε
1477 4913 1585 4964 mutam
1606 4925 1680 4964 men-

133 4993 198 5052 bet:
219 4997 345 5063 ὑπάρχων
357 4999 404 5049 καί
415 4999 544 5063 δίκαιος...
562 4999 741 5065 ύπσλαμβάνιι
757 5001 803 5052 τὸν
820 5001 886 5055 θεὸν
933 5001 1054 5053 temeto.

133 5083 181 5150 τὴν
194 5083 291 5150 βουλὴν
303 5085 383 5137 αὐτοῦ
392 5085 508 5152 ἀγνοεῖν.
518 5085 593 5152 Πλὴν
603 5087 682 5150 αύτύς
694 5089 778 5138 ταῦτα
788 5093 886 5142 ποιεῖ...
964 5085 1024 5142 ud.
1034 5083 1103 5140 Vat.
1112 5083 1173 5152 838,
1184 5083 1245 5153 697,
1255 5083 1315 5156 749,
1326 5084 1386 5140 750.
1399 5082 1504 5156 Regin.
1515 5081 1559 5138 cf.
1571 5081 1643 5140 Gan.
1655 5086 1679 5156 1,

167 5186 195 5225 v.
204 5168 306 5224 &Vnt
314 5169 376 5239 888,
386 5169 446 5239 697,
457 5168 517 5240 749,
528 5169 588 5240 750,
599 5170 705 5242 Regin
717 5171 883 5244 Mosqnons.
929 5173 955 5229 9.
969 5171 1013 5228 cf.
1026 5170 1114 5230 Jahn.
1129 5171 1188 5227 118.
1202 5170 1280 5226 Fert.

212 5275 365 5319 araurem
382 5275 426 5338 ιιι,
448 5261 495 5319 39.
