<?xml version="1.0" encoding="UTF-8"?>
<!DOCTYPE html PUBLIC "-//W3C//DTD XHTML 1.0 Transitional//EN"
    "http://www.w3.org/TR/xhtml1/DTD/xhtml1-transitional.dtd">
<html xmlns="http://www.w3.org/1999/xhtml" xml:lang="en" lang="en">
 <head>
  <title>
</title>
<meta http-equiv="Content-Type" content="text/html;charset=utf-8" />
  <meta name='ocr-system' content='tesseract 3.04.00' />
  <meta name='ocr-capabilities' content='ocr_page ocr_carea ocr_par ocr_line ocrx_word'/>
</head>
<body>
  <div class='ocr_page' id='page_1' title='image "./analectasacrasp00pitrgoog_0567.png"; bbox 0 0 3966 6108; ppageno 0'>
   <div class='ocr_carea' id='block_1_1' title="bbox 297 448 1180 526">
    <p class='ocr_par' dir='ltr' id='par_1_1' title="bbox 297 448 1180 526">
     <span class='ocr_line' id='line_1_1' title="bbox 297 448 1180 526; baseline -0.003 0"><span class='ocrx_word' id='word_1_1' title='bbox 297 448 362 515; x_wconf 78' lang='lat'><strong>554</strong></span> <span class='ocrx_word' id='word_1_2' title='bbox 982 457 1180 526; x_wconf 80' lang='lat' dir='ltr'><strong>ouiourus</strong></span> 
     </span>
    </p>
   </div>
   <div class='ocr_carea' id='block_1_2' title="bbox 291 591 1968 4012">
    <p class='ocr_par' dir='ltr' id='par_1_2' title="bbox 291 591 1968 4012">
     <span class='ocr_line' id='line_1_2' title="bbox 301 591 1966 690; baseline 0.013 -40"><span class='ocrx_word' id='word_1_3' title='bbox 301 591 471 669; x_wconf 87' lang='lat' dir='ltr'><strong>«singula</strong></span> <span class='ocrx_word' id='word_1_4' title='bbox 486 593 544 658; x_wconf 90' lang='lat' dir='ltr'><strong>ills</strong></span> <span class='ocrx_word' id='word_1_5' title='bbox 560 593 921 680; x_wconf 85' lang='lat' dir='ltr'><strong>verba-interpretatus</strong></span> <span class='ocrx_word' id='word_1_6' title='bbox 941 605 1001 681; x_wconf 86' lang='lat' dir='ltr'><strong>est,</strong></span> <span class='ocrx_word' id='word_1_7' title='bbox 1017 619 1050 665; x_wconf 93' lang='lat' dir='ltr'><strong>e·</strong></span> <span class='ocrx_word' id='word_1_8' title='bbox 1092 609 1187 667; x_wconf 87' lang='lat' dir='ltr'><strong>setus</strong></span> <span class='ocrx_word' id='word_1_9' title='bbox 1202 601 1367 668; x_wconf 85' lang='lat' dir='ltr'><strong>estcodex</strong></span> <span class='ocrx_word' id='word_1_10' title='bbox 1382 604 1440 670; x_wconf 91' lang='lat' dir='ltr'><strong>ille</strong></span> <span class='ocrx_word' id='word_1_11' title='bbox 1451 621 1511 670; x_wconf 83' lang='lat' dir='ltr'><strong>xvr</strong></span> <span class='ocrx_word' id='word_1_12' title='bbox 1526 604 1778 688; x_wconf 87' lang='lat' dir='ltr'><strong>prophetarum,</strong></span> <span class='ocrx_word' id='word_1_13' title='bbox 1794 625 1845 670; x_wconf 84' lang='lat' dir='ltr'><strong>vu</strong></span> <span class='ocrx_word' id='word_1_14' title='bbox 1965 616 1966 690; x_wconf 90' lang='grc'>)</span> 
     </span>
     <span class='ocr_line' id='line_1_3' title="bbox 300 696 1849 793; baseline 0.012 -36"><span class='ocrx_word' id='word_1_15' title='bbox 300 715 318 754; x_wconf 87' lang='lat'><strong>«</strong></span> <span class='ocrx_word' id='word_1_16' title='bbox 333 696 579 778; x_wconf 80' lang='lat' dir='ltr'><strong>mendavimus,</strong></span> <span class='ocrx_word' id='word_1_17' title='bbox 590 706 692 781; x_wconf 89' lang='lat' dir='ltr'><strong>prout</strong></span> <span class='ocrx_word' id='word_1_18' title='bbox 707 702 854 784; x_wconf 86' lang='lat' dir='ltr'><strong>idipsum</strong></span> <span class='ocrx_word' id='word_1_19' title='bbox 869 709 951 784; x_wconf 90' lang='lat' dir='ltr'><strong>erat,</strong></span> <span class='ocrx_word' id='word_1_20' title='bbox 967 721 1050 784; x_wconf 89' lang='lat' dir='ltr'><strong>qua·</strong></span> <span class='ocrx_word' id='word_1_21' title='bbox 1092 710 1153 768; x_wconf 83' lang='lat' dir='ltr'><strong>eut</strong></span> <span class='ocrx_word' id='word_1_22' title='bbox 1167 722 1203 769; x_wconf 86' lang='lat' dir='ltr'><strong>vr</strong></span> <span class='ocrx_word' id='word_1_23' title='bbox 1217 707 1342 772; x_wconf 80' lang='lat' dir='ltr'><strong>saeculo</strong></span> <span class='ocrx_word' id='word_1_24' title='bbox 1357 707 1562 790; x_wconf 81' lang='lat' dir='ltr'><strong>referendus,</strong></span> <span class='ocrx_word' id='word_1_25' title='bbox 1571 701 1612 793; x_wconf 58' lang='grc' dir='ltr'><strong>Ἀ)</strong></span> <span class='ocrx_word' id='word_1_26' title='bbox 1635 727 1713 774; x_wconf 89' lang='lat' dir='ltr'><strong>cum</strong></span> <span class='ocrx_word' id='word_1_27' title='bbox 1730 712 1849 793; x_wconf 88' lang='lat' dir='ltr'><strong>splen-</strong></span> 
     </span>
     <span class='ocr_line' id='line_1_4' title="bbox 300 801 1852 890; baseline 0.008 -28"><span class='ocrx_word' id='word_1_28' title='bbox 300 801 546 885; x_wconf 84' lang='lat' dir='ltr'><strong>«lemcumque</strong></span> <span class='ocrx_word' id='word_1_29' title='bbox 576 804 837 883; x_wconf 75' lang='lat' dir='ltr'><strong>ambiguitatem</strong></span> <span class='ocrx_word' id='word_1_30' title='bbox 860 807 1048 872; x_wconf 88' lang='lat' dir='ltr'><strong>secuudum</strong></span> <span class='ocrx_word' id='word_1_31' title='bbox 1092 807 1181 874; x_wconf 90' lang='lat' dir='ltr'><strong>didie</strong></span> <span class='ocrx_word' id='word_1_32' title='bbox 1203 810 1397 876; x_wconf 78' lang='lat' dir='ltr'>uncialibus</span> <span class='ocrx_word' id='word_1_33' title='bbox 1418 812 1688 890; x_wconf 82' lang='lat' dir='ltr'><strong>integerrimus?</strong></span> <span class='ocrx_word' id='word_1_34' title='bbox 1709 813 1852 876; x_wconf 87' lang='lat' dir='ltr'><strong>Primus</strong></span> 
     </span>
     <span class='ocr_line' id='line_1_5' title="bbox 300 905 1852 995; baseline 0.01 -31"><span class='ocrx_word' id='word_1_35' title='bbox 300 905 490 984; x_wconf 74' lang='lat' dir='ltr'><strong>«origenis</strong></span> <span class='ocrx_word' id='word_1_36' title='bbox 504 910 719 974; x_wconf 83' lang='lat' dir='ltr'><strong>senteutiam.</strong></span> <span class='ocrx_word' id='word_1_37' title='bbox 744 912 886 994; x_wconf 90' lang='lat' dir='ltr'><strong>Insuper</strong></span> <span class='ocrx_word' id='word_1_38' title='bbox 900 929 1049 995; x_wconf 87' lang='lat' dir='ltr'><strong>expensa</strong></span> <span class='ocrx_word' id='word_1_39' title='bbox 1092 913 1282 994; x_wconf 80' lang='lat' dir='ltr'><strong>prelibavit</strong></span> <span class='ocrx_word' id='word_1_40' title='bbox 1300 912 1478 980; x_wconf 85' lang='lat' dir='ltr'><strong>duodecim</strong></span> <span class='ocrx_word' id='word_1_41' title='bbox 1498 915 1581 980; x_wconf 82' lang='lat' dir='ltr'><strong>folia</strong></span> <span class='ocrx_word' id='word_1_42' title='bbox 1595 917 1744 982; x_wconf 84' lang='lat' dir='ltr'><strong>Joennes</strong></span> <span class='ocrx_word' id='word_1_43' title='bbox 1767 917 1852 980; x_wconf 87' lang='lat' dir='ltr'><strong>Phi·</strong></span> 
     </span>
     <span class='ocr_line' id='line_1_6' title="bbox 299 1010 1848 1099; baseline 0.008 -29"><span class='ocrx_word' id='word_1_44' title='bbox 299 1013 382 1072; x_wconf 87' lang='lat' dir='ltr'><strong>«eet</strong></span> <span class='ocrx_word' id='word_1_45' title='bbox 402 1010 514 1072; x_wconf 86' lang='lat' dir='ltr'><strong>versio</strong></span> <span class='ocrx_word' id='word_1_46' title='bbox 528 1027 611 1092; x_wconf 76' lang='lat' dir='ltr'><strong>axx,</strong></span> <span class='ocrx_word' id='word_1_47' title='bbox 623 1012 781 1095; x_wconf 61' lang='lat' dir='ltr'><strong>‚etjrrxta</strong></span> <span class='ocrx_word' id='word_1_48' title='bbox 803 1015 943 1080; x_wconf 88' lang='lat' dir='ltr'><strong>Eusebii</strong></span> <span class='ocrx_word' id='word_1_49' title='bbox 958 1017 994 1080; x_wconf 90' lang='lat' dir='ltr'><strong>in</strong></span> <span class='ocrx_word' id='word_1_50' title='bbox 1017 1019 1048 1080; x_wconf 91' lang='lat' dir='ltr'><strong>I·</strong></span> <span class='ocrx_word' id='word_1_51' title='bbox 1091 1016 1233 1098; x_wconf 80' lang='lat' dir='ltr'><strong>lippaeus</strong></span> <span class='ocrx_word' id='word_1_52' title='bbox 1248 1019 1280 1082; x_wconf 81' lang='lat' dir='ltr'><strong>S.</strong></span> <span class='ocrx_word' id='word_1_53' title='bbox 1292 1020 1323 1082; x_wconf 91' lang='lat' dir='ltr'><strong>J.</strong></span> <span class='ocrx_word' id='word_1_54' title='bbox 1336 1019 1373 1082; x_wconf 89' lang='lat' dir='ltr'><strong>iu</strong></span> <span class='ocrx_word' id='word_1_55' title='bbox 1385 1019 1563 1099; x_wconf 89' lang='lat' dir='ltr'><strong>opusculo:</strong></span> <span class='ocrx_word' id='word_1_56' title='bbox 1582 1020 1679 1084; x_wconf 81' lang='lat' dir='ltr'><strong>Oscor</strong></span> <span class='ocrx_word' id='word_1_57' title='bbox 1689 1035 1848 1084; x_wconf 64' lang='lat' dir='ltr'><strong>emma·</strong></span> 
     </span>
     <span class='ocr_line' id='line_1_7' title="bbox 298 1112 1846 1202; baseline 0.008 -30"><span class='ocrx_word' id='word_1_58' title='bbox 298 1112 436 1176; x_wconf 86' lang='lat' dir='ltr'><strong>«seiam</strong></span> <span class='ocrx_word' id='word_1_59' title='bbox 467 1118 736 1198; x_wconf 75' lang='lat' dir='ltr'><strong>commentarios,</strong></span> <span class='ocrx_word' id='word_1_60' title='bbox 768 1123 957 1200; x_wconf 72' lang='lat' dir='ltr'><strong>quarentes</strong></span> <span class='ocrx_word' id='word_1_61' title='bbox 987 1119 1047 1186; x_wconf 94' lang='lat' dir='ltr'><strong>ubi</strong></span> <span class='ocrx_word' id='word_1_62' title='bbox 1091 1119 1191 1186; x_wconf 77' lang='lat' dir='ltr'><strong>tertis</strong></span> <span class='ocrx_word' id='word_1_63' title='bbox 1219 1121 1422 1201; x_wconf 74' lang='lat' dir='ltr'><strong>illustratas,</strong></span> <span class='ocrx_word' id='word_1_64' title='bbox 1446 1114 1562 1186; x_wconf 77' lang='lat' dir='ltr'><strong>Poris.</strong></span> <span class='ocrx_word' id='word_1_65' title='bbox 1582 1123 1677 1189; x_wconf 83' lang='grc'><strong>1636.</strong></span> <span class='ocrx_word' id='word_1_66' title='bbox 1691 1113 1732 1202; x_wconf 81' lang='lat'><strong>¹⁸)</strong></span> <span class='ocrx_word' id='word_1_67' title='bbox 1755 1124 1846 1185; x_wconf 89' lang='lat' dir='ltr'><strong>Item</strong></span> 
     </span>
     <span class='ocr_line' id='line_1_8' title="bbox 299 1216 1852 1306; baseline 0.006 -28"><span class='ocrx_word' id='word_1_68' title='bbox 299 1216 495 1282; x_wconf 80' lang='lat' dir='ltr'><strong>«dissensio</strong></span> <span class='ocrx_word' id='word_1_69' title='bbox 512 1224 593 1299; x_wconf 88' lang='lat' dir='ltr'><strong>eret,</strong></span> <span class='ocrx_word' id='word_1_70' title='bbox 609 1221 899 1303; x_wconf 86' lang='lat' dir='ltr'><strong>interpretationis</strong></span> <span class='ocrx_word' id='word_1_71' title='bbox 914 1227 1048 1288; x_wconf 89' lang='lat' dir='ltr'><strong>seuten-</strong></span> <span class='ocrx_word' id='word_1_72' title='bbox 1091 1225 1262 1290; x_wconf 85' lang='lat' dir='ltr'><strong>carterius</strong></span> <span class='ocrx_word' id='word_1_73' title='bbox 1277 1227 1401 1292; x_wconf 85' lang='lat' dir='ltr'><strong>isaiam</strong></span> <span class='ocrx_word' id='word_1_74' title='bbox 1416 1227 1597 1306; x_wconf 83' lang='lat' dir='ltr'><strong>recensuit,</strong></span> <span class='ocrx_word' id='word_1_75' title='bbox 1608 1225 1668 1290; x_wconf 91' lang='lat' dir='ltr'><strong>sed</strong></span> <span class='ocrx_word' id='word_1_76' title='bbox 1679 1228 1750 1290; x_wconf 88' lang='lat' dir='ltr'><strong>tam</strong></span> <span class='ocrx_word' id='word_1_77' title='bbox 1763 1237 1852 1306; x_wconf 74' lang='lat' dir='ltr'><strong>pre·</strong></span> 
     </span>
     <span class='ocr_line' id='line_1_9' title="bbox 299 1321 1852 1412; baseline 0.007 -29"><span class='ocrx_word' id='word_1_78' title='bbox 299 1321 414 1384; x_wconf 83' lang='lat' dir='ltr'><strong>«tiam</strong></span> <span class='ocrx_word' id='word_1_79' title='bbox 425 1321 468 1400; x_wconf 87' lang='lat' dir='ltr'><strong>ed</strong></span> <span class='ocrx_word' id='word_1_80' title='bbox 480 1323 574 1388; x_wconf 88' lang='lat' dir='ltr'><strong>illius</strong></span> <span class='ocrx_word' id='word_1_81' title='bbox 586 1341 740 1388; x_wconf 88' lang='lat' dir='ltr'><strong>normam</strong></span> <span class='ocrx_word' id='word_1_82' title='bbox 753 1327 1045 1392; x_wconf 82' lang='lat' dir='ltr'><strong>emendavimus.»</strong></span> <span class='ocrx_word' id='word_1_83' title='bbox 1090 1345 1241 1411; x_wconf 84' lang='lat' dir='ltr'><strong>propere,</strong></span> <span class='ocrx_word' id='word_1_84' title='bbox 1255 1335 1294 1394; x_wconf 89' lang='lat' dir='ltr'><strong>ut</strong></span> <span class='ocrx_word' id='word_1_85' title='bbox 1304 1329 1497 1411; x_wconf 85' lang='lat' dir='ltr'><strong>sphalmata</strong></span> <span class='ocrx_word' id='word_1_86' title='bbox 1509 1331 1624 1412; x_wconf 89' lang='lat' dir='ltr'><strong>potius</strong></span> <span class='ocrx_word' id='word_1_87' title='bbox 1636 1346 1740 1411; x_wconf 91' lang='lat' dir='ltr'><strong>quam</strong></span> <span class='ocrx_word' id='word_1_88' title='bbox 1751 1329 1852 1394; x_wconf 90' lang='lat' dir='ltr'><strong>scho-</strong></span> 
     </span>
     <span class='ocr_line' id='line_1_10' title="bbox 312 1427 1849 1514; baseline 0.005 -25"><span class='ocrx_word' id='word_1_89' title='bbox 312 1473 316 1480; x_wconf 88' lang='lat'><strong>.</strong></span> <span class='ocrx_word' id='word_1_90' title='bbox 340 1427 393 1490; x_wconf 90' lang='lat' dir='ltr'><strong>En</strong></span> <span class='ocrx_word' id='word_1_91' title='bbox 405 1443 488 1506; x_wconf 92' lang='lat' dir='ltr'><strong>ergo</strong></span> <span class='ocrx_word' id='word_1_92' title='bbox 500 1431 592 1492; x_wconf 88' lang='lat' dir='ltr'><strong>totus</strong></span> <span class='ocrx_word' id='word_1_93' title='bbox 605 1429 664 1493; x_wconf 92' lang='lat' dir='ltr'><strong>ille</strong></span> <span class='ocrx_word' id='word_1_94' title='bbox 676 1431 794 1511; x_wconf 87' lang='lat' dir='ltr'><strong>Isaiae,</strong></span> <span class='ocrx_word' id='word_1_95' title='bbox 806 1447 909 1513; x_wconf 90' lang='lat' dir='ltr'><strong>quem</strong></span> <span class='ocrx_word' id='word_1_96' title='bbox 921 1431 957 1495; x_wconf 93' lang='lat' dir='ltr'><strong>iu</strong></span> <span class='ocrx_word' id='word_1_97' title='bbox 968 1449 1048 1513; x_wconf 90' lang='lat' dir='ltr'><strong>spu·</strong></span> <span class='ocrx_word' id='word_1_98' title='bbox 1090 1432 1137 1496; x_wconf 89' lang='lat' dir='ltr'><strong>lia</strong></span> <span class='ocrx_word' id='word_1_99' title='bbox 1153 1435 1326 1514; x_wconf 89' lang='lat' dir='ltr'><strong>receperit.</strong></span> <span class='ocrx_word' id='word_1_100' title='bbox 1337 1435 1426 1498; x_wconf 92' lang='lat' dir='ltr'><strong>Eum</strong></span> <span class='ocrx_word' id='word_1_101' title='bbox 1439 1434 1719 1513; x_wconf 79' lang='lat' dir='ltr'><strong>tandemetargre</strong></span> <span class='ocrx_word' id='word_1_102' title='bbox 1730 1434 1849 1498; x_wconf 66' lang='lat' dir='ltr'><strong>munit</strong></span> 
     </span>
     <span class='ocr_line' id='line_1_11' title="bbox 295 1529 1847 1620; baseline 0.006 -27"><span class='ocrx_word' id='word_1_103' title='bbox 295 1531 349 1594; x_wconf 90' lang='lat' dir='ltr'><strong>ria</strong></span> <span class='ocrx_word' id='word_1_104' title='bbox 360 1529 512 1596; x_wconf 89' lang='lat' dir='ltr'><strong>membra</strong></span> <span class='ocrx_word' id='word_1_105' title='bbox 523 1534 603 1596; x_wconf 90' lang='lat' dir='ltr'><strong>novi</strong></span> <span class='ocrx_word' id='word_1_106' title='bbox 614 1533 711 1598; x_wconf 90' lang='lat' dir='ltr'><strong>scioli</strong></span> <span class='ocrx_word' id='word_1_107' title='bbox 723 1535 912 1599; x_wconf 89' lang='lat' dir='ltr'><strong>miserrime</strong></span> <span class='ocrx_word' id='word_1_108' title='bbox 923 1535 1048 1600; x_wconf 89' lang='lat' dir='ltr'><strong>discer-</strong></span> <span class='ocrx_word' id='word_1_109' title='bbox 1090 1536 1599 1620; x_wconf 69' lang='lat' dir='ltr'><strong>Monteialcouiusuecuisiper</strong></span> <span class='ocrx_word' id='word_1_110' title='bbox 1613 1537 1847 1619; x_wconf 85' lang='lat' dir='ltr'><strong>quatuordie-</strong></span> 
     </span>
     <span class='ocr_line' id='line_1_12' title="bbox 294 1631 1850 1722; baseline 0.003 -24"><span class='ocrx_word' id='word_1_111' title='bbox 294 1638 392 1716; x_wconf 88' lang='lat' dir='ltr'><strong>punt,</strong></span> <span class='ocrx_word' id='word_1_112' title='bbox 415 1636 612 1700; x_wconf 87' lang='lat' dir='ltr'><strong>minutatim</strong></span> <span class='ocrx_word' id='word_1_113' title='bbox 635 1637 807 1719; x_wconf 87' lang='lat' dir='ltr'><strong>probatus,</strong></span> <span class='ocrx_word' id='word_1_114' title='bbox 836 1657 879 1702; x_wconf 86' lang='lat' dir='ltr'><strong>ex</strong></span> <span class='ocrx_word' id='word_1_115' title='bbox 908 1639 1046 1718; x_wconf 87' lang='lat' dir='ltr'><strong>integro</strong></span> <span class='ocrx_word' id='word_1_116' title='bbox 1090 1657 1167 1704; x_wconf 90' lang='lat' dir='ltr'><strong>rum</strong></span> <span class='ocrx_word' id='word_1_117' title='bbox 1190 1631 1391 1722; x_wconf 77' lang='lat' dir='ltr'><strong>usuram.¹⁶)</strong></span> <span class='ocrx_word' id='word_1_118' title='bbox 1413 1641 1468 1705; x_wconf 89' lang='lat' dir='ltr'><strong>Nil</strong></span> <span class='ocrx_word' id='word_1_119' title='bbox 1485 1641 1610 1704; x_wconf 90' lang='lat' dir='ltr'><strong>mirum</strong></span> <span class='ocrx_word' id='word_1_120' title='bbox 1630 1641 1742 1719; x_wconf 90' lang='lat' dir='ltr'><strong>igitur</strong></span> <span class='ocrx_word' id='word_1_121' title='bbox 1763 1639 1850 1704; x_wconf 90' lang='lat' dir='ltr'><strong>siin</strong></span> 
     </span>
     <span class='ocr_line' id='line_1_13' title="bbox 294 1740 1850 1824; baseline 0.004 -23"><span class='ocrx_word' id='word_1_122' title='bbox 294 1740 503 1804; x_wconf 90' lang='lat' dir='ltr'><strong>constitutus</strong></span> <span class='ocrx_word' id='word_1_123' title='bbox 518 1741 554 1803; x_wconf 91' lang='lat' dir='ltr'><strong>in</strong></span> <span class='ocrx_word' id='word_1_124' title='bbox 569 1740 681 1823; x_wconf 89' lang='lat' dir='ltr'><strong>prisco</strong></span> <span class='ocrx_word' id='word_1_125' title='bbox 692 1742 824 1806; x_wconf 87' lang='lat' dir='ltr'><strong>abbatie</strong></span> <span class='ocrx_word' id='word_1_126' title='bbox 841 1744 1047 1824; x_wconf 73' lang='lat' dir='ltr'><strong>Apollinaris</strong></span> <span class='ocrx_word' id='word_1_127' title='bbox 1089 1742 1192 1809; x_wconf 85' lang='lat' dir='ltr'><strong>citato</strong></span> <span class='ocrx_word' id='word_1_128' title='bbox 1207 1743 1353 1808; x_wconf 90' lang='lat' dir='ltr'><strong>nimium</strong></span> <span class='ocrx_word' id='word_1_129' title='bbox 1367 1759 1467 1824; x_wconf 86' lang='lat' dir='ltr'><strong>opere</strong></span> <span class='ocrx_word' id='word_1_130' title='bbox 1490 1745 1600 1815; x_wconf 84' lang='lat' dir='ltr'><strong>multa</strong></span> <span class='ocrx_word' id='word_1_131' title='bbox 1621 1760 1689 1807; x_wconf 90' lang='lat' dir='ltr'><strong>non</strong></span> <span class='ocrx_word' id='word_1_132' title='bbox 1705 1760 1850 1808; x_wconf 85' lang='lat' dir='ltr'><strong>cousen-</strong></span> 
     </span>
     <span class='ocr_line' id='line_1_14' title="bbox 294 1845 1848 1929; baseline 0.001 -20"><span class='ocrx_word' id='word_1_133' title='bbox 294 1845 491 1924; x_wconf 83' lang='lat' dir='ltr'><strong>exemplari,</strong></span> <span class='ocrx_word' id='word_1_134' title='bbox 500 1846 623 1909; x_wconf 87' lang='lat' dir='ltr'><strong>collato</strong></span> <span class='ocrx_word' id='word_1_135' title='bbox 633 1863 712 1909; x_wconf 88' lang='lat' dir='ltr'><strong>cum</strong></span> <span class='ocrx_word' id='word_1_136' title='bbox 724 1847 865 1910; x_wconf 86' lang='lat' dir='ltr'><strong>sinceris</strong></span> <span class='ocrx_word' id='word_1_137' title='bbox 878 1863 1047 1911; x_wconf 90' lang='lat' dir='ltr'><strong>commen·</strong></span> <span class='ocrx_word' id='word_1_138' title='bbox 1090 1847 1179 1910; x_wconf 86' lang='lat' dir='ltr'><strong>tiaut</strong></span> <span class='ocrx_word' id='word_1_139' title='bbox 1196 1864 1275 1910; x_wconf 92' lang='lat' dir='ltr'><strong>cum</strong></span> <span class='ocrx_word' id='word_1_140' title='bbox 1297 1847 1461 1912; x_wconf 85' lang='lat' dir='ltr'><strong>Holmasii</strong></span> <span class='ocrx_word' id='word_1_141' title='bbox 1483 1847 1627 1927; x_wconf 89' lang='lat' dir='ltr'><strong>schedis,</strong></span> <span class='ocrx_word' id='word_1_142' title='bbox 1650 1865 1727 1929; x_wconf 74' lang='lat' dir='ltr'><strong>quae</strong></span> <span class='ocrx_word' id='word_1_143' title='bbox 1750 1847 1848 1928; x_wconf 82' lang='lat' dir='ltr'><strong>ipsae,</strong></span> 
     </span>
     <span class='ocr_line' id='line_1_15' title="bbox 294 1949 1968 2032; baseline 0 -22"><span class='ocrx_word' id='word_1_144' title='bbox 294 1949 391 2012; x_wconf 83' lang='lat' dir='ltr'><strong>tariis</strong></span> <span class='ocrx_word' id='word_1_145' title='bbox 415 1949 555 2014; x_wconf 87' lang='lat' dir='ltr'><strong>Eusehii</strong></span> <span class='ocrx_word' id='word_1_146' title='bbox 570 1956 605 2014; x_wconf 87' lang='lat' dir='ltr'><strong>et</strong></span> <span class='ocrx_word' id='word_1_147' title='bbox 621 1951 789 2031; x_wconf 75' lang='lat' dir='ltr'><strong>origenis,</strong></span> <span class='ocrx_word' id='word_1_148' title='bbox 806 1955 840 2016; x_wconf 92' lang='lat' dir='ltr'><strong>et</strong></span> <span class='ocrx_word' id='word_1_149' title='bbox 853 1951 988 2014; x_wconf 89' lang='lat' dir='ltr'><strong>admoto</strong></span> <span class='ocrx_word' id='word_1_150' title='bbox 1003 1951 1046 2016; x_wconf 91' lang='lat' dir='ltr'><strong>ad</strong></span> <span class='ocrx_word' id='word_1_151' title='bbox 1091 1955 1131 2016; x_wconf 93' lang='lat' dir='ltr'><strong>ut</strong></span> <span class='ocrx_word' id='word_1_152' title='bbox 1145 1949 1184 2016; x_wconf 86' lang='lat' dir='ltr'><strong>iit</strong></span> <span class='ocrx_word' id='word_1_153' title='bbox 1199 1953 1235 2016; x_wconf 89' lang='lat' dir='ltr'><strong>iu</strong></span> <span class='ocrx_word' id='word_1_154' title='bbox 1250 1953 1440 2032; x_wconf 87' lang='lat' dir='ltr'><strong>longinqua</strong></span> <span class='ocrx_word' id='word_1_155' title='bbox 1461 1951 1748 2018; x_wconf 79' lang='lat' dir='ltr'><strong>Bibliothseurum</strong></span> <span class='ocrx_word' id='word_1_156' title='bbox 1768 1967 1848 2032; x_wconf 92' lang='lat' dir='ltr'><strong>per·</strong></span> <span class='ocrx_word' id='word_1_157' title='bbox 1967 1977 1968 2010; x_wconf 78' lang='lat' dir='ltr'><strong>l</strong></span> 
     </span>
     <span class='ocr_line' id='line_1_16' title="bbox 295 2048 1849 2139; baseline 0.001 -22"><span class='ocrx_word' id='word_1_158' title='bbox 295 2054 531 2134; x_wconf 76' lang='lat' dir='ltr'><strong>Tetraplorum</strong></span> <span class='ocrx_word' id='word_1_159' title='bbox 552 2073 698 2139; x_wconf 85' lang='lat' dir='ltr'><strong>papyros</strong></span> <span class='ocrx_word' id='word_1_160' title='bbox 720 2057 955 2138; x_wconf 83' lang='lat' dir='ltr'><strong>primigeniae.</strong></span> <span class='ocrx_word' id='word_1_161' title='bbox 978 2059 1047 2123; x_wconf 86' lang='lat' dir='ltr'><strong>Nec</strong></span> <span class='ocrx_word' id='word_1_162' title='bbox 1090 2055 1301 2135; x_wconf 87' lang='lat' dir='ltr'><strong>lustratione,</strong></span> <span class='ocrx_word' id='word_1_163' title='bbox 1338 2055 1491 2118; x_wconf 87' lang='lat' dir='ltr'><strong>tumultu</strong></span> <span class='ocrx_word' id='word_1_164' title='bbox 1532 2071 1599 2120; x_wconf 90' lang='lat' dir='ltr'><strong>non</strong></span> <span class='ocrx_word' id='word_1_165' title='bbox 1637 2059 1767 2120; x_wconf 86' lang='lat' dir='ltr'><strong>carent.</strong></span> <span class='ocrx_word' id='word_1_166' title='bbox 1807 2048 1849 2137; x_wconf 80' lang='lat'><strong>¹⁷)</strong></span> 
     </span>
     <span class='ocr_line' id='line_1_17' title="bbox 293 2156 1846 2242; baseline 0.001 -22"><span class='ocrx_word' id='word_1_167' title='bbox 293 2158 394 2220; x_wconf 87' lang='lat' dir='ltr'><strong>satis:</strong></span> <span class='ocrx_word' id='word_1_168' title='bbox 423 2156 465 2220; x_wconf 87' lang='lat' dir='ltr'><strong>ad</strong></span> <span class='ocrx_word' id='word_1_169' title='bbox 488 2158 700 2224; x_wconf 84' lang='lat' dir='ltr'><strong>Ezechielem</strong></span> <span class='ocrx_word' id='word_1_170' title='bbox 723 2160 806 2242; x_wconf 92' lang='lat' dir='ltr'><strong>quid</strong></span> <span class='ocrx_word' id='word_1_171' title='bbox 828 2166 966 2225; x_wconf 79' lang='lat' dir='ltr'><strong>notatm</strong></span> <span class='ocrx_word' id='word_1_172' title='bbox 988 2161 1044 2226; x_wconf 83' lang='lat' dir='ltr'><strong>iol.</strong></span> <span class='ocrx_word' id='word_1_173' title='bbox 1090 2158 1303 2224; x_wconf 81' lang='lat' dir='ltr'><strong>Thesaurum</strong></span> <span class='ocrx_word' id='word_1_174' title='bbox 1318 2175 1396 2223; x_wconf 92' lang='lat' dir='ltr'><strong>cum</strong></span> <span class='ocrx_word' id='word_1_175' title='bbox 1416 2159 1525 2224; x_wconf 89' lang='lat' dir='ltr'><strong>oculis</strong></span> <span class='ocrx_word' id='word_1_176' title='bbox 1547 2160 1694 2224; x_wconf 76' lang='lat' dir='ltr'><strong>avaritia</strong></span> <span class='ocrx_word' id='word_1_177' title='bbox 1715 2160 1846 2222; x_wconf 88' lang='lat' dir='ltr'><strong>micau-</strong></span> 
     </span>
     <span class='ocr_line' id='line_1_18' title="bbox 294 2261 1846 2343; baseline 0.002 -18"><span class='ocrx_word' id='word_1_178' title='bbox 294 2261 357 2325; x_wconf 82' lang='lat'><strong>281</strong></span> <span class='ocrx_word' id='word_1_179' title='bbox 376 2263 498 2324; x_wconf 75' lang='lat' dir='ltr'><strong>verso?</strong></span> <span class='ocrx_word' id='word_1_180' title='bbox 1090 2261 1183 2326; x_wconf 84' lang='lat' dir='ltr'><strong>tibus</strong></span> <span class='ocrx_word' id='word_1_181' title='bbox 1207 2262 1334 2330; x_wconf 91' lang='lat' dir='ltr'><strong>intueri</strong></span> <span class='ocrx_word' id='word_1_182' title='bbox 1355 2263 1463 2328; x_wconf 85' lang='lat' dir='ltr'><strong>Maius</strong></span> <span class='ocrx_word' id='word_1_183' title='bbox 1485 2269 1718 2343; x_wconf 83' lang='lat' dir='ltr'><strong>consueverat,</strong></span> <span class='ocrx_word' id='word_1_184' title='bbox 1738 2265 1846 2328; x_wconf 90' lang='lat' dir='ltr'><strong>etiam</strong></span> 
     </span>
     <span class='ocr_line' id='line_1_19' title="bbox 340 2366 1847 2452; baseline 0.002 -25"><span class='ocrx_word' id='word_1_185' title='bbox 340 2366 619 2448; x_wconf 75' lang='lat' dir='ltr'><strong>«rransumptus</strong></span> <span class='ocrx_word' id='word_1_186' title='bbox 641 2366 709 2432; x_wconf 82' lang='lat' dir='ltr'><strong>fuit</strong></span> <span class='ocrx_word' id='word_1_187' title='bbox 722 2370 765 2433; x_wconf 86' lang='lat' dir='ltr'><strong>ab</strong></span> <span class='ocrx_word' id='word_1_188' title='bbox 780 2371 967 2452; x_wconf 81' lang='lat' dir='ltr'><strong>exemplari</strong></span> <span class='ocrx_word' id='word_1_189' title='bbox 985 2372 1046 2435; x_wconf 92' lang='lat' dir='ltr'><strong>Pa·</strong></span> <span class='ocrx_word' id='word_1_190' title='bbox 1090 2371 1211 2448; x_wconf 79' lang='lat' dir='ltr'><strong>preter</strong></span> <span class='ocrx_word' id='word_1_191' title='bbox 1223 2384 1350 2431; x_wconf 92' lang='lat' dir='ltr'><strong>morem</strong></span> <span class='ocrx_word' id='word_1_192' title='bbox 1362 2367 1498 2450; x_wconf 88' lang='lat' dir='ltr'><strong>publica</strong></span> <span class='ocrx_word' id='word_1_193' title='bbox 1509 2369 1638 2448; x_wconf 89' lang='lat' dir='ltr'><strong>pagiua</strong></span> <span class='ocrx_word' id='word_1_194' title='bbox 1651 2367 1847 2450; x_wconf 89' lang='lat' dir='ltr'><strong>descripsit,</strong></span> 
     </span>
     <span class='ocr_line' id='line_1_20' title="bbox 296 2469 1846 2556; baseline 0.002 -23"><span class='ocrx_word' id='word_1_195' title='bbox 296 2469 390 2538; x_wconf 82' lang='lat' dir='ltr'><strong>«tris</strong></span> <span class='ocrx_word' id='word_1_196' title='bbox 404 2470 591 2552; x_wconf 71' lang='lat' dir='ltr'><strong>apolinarii</strong></span> <span class='ocrx_word' id='word_1_197' title='bbox 606 2471 749 2552; x_wconf 88' lang='lat' dir='ltr'><strong>abbatis,</strong></span> <span class='ocrx_word' id='word_1_198' title='bbox 768 2474 805 2537; x_wconf 90' lang='lat' dir='ltr'><strong>in</strong></span> <span class='ocrx_word' id='word_1_199' title='bbox 824 2490 891 2556; x_wconf 92' lang='lat' dir='ltr'><strong>quo</strong></span> <span class='ocrx_word' id='word_1_200' title='bbox 910 2493 950 2540; x_wconf 86' lang='lat' dir='ltr'><strong>eu</strong></span> <span class='ocrx_word' id='word_1_201' title='bbox 968 2491 1047 2540; x_wconf 91' lang='lat' dir='ltr'><strong>cou-</strong></span> <span class='ocrx_word' id='word_1_202' title='bbox 1089 2470 1254 2552; x_wconf 87' lang='lat' dir='ltr'><strong>grephicc</strong></span> <span class='ocrx_word' id='word_1_203' title='bbox 1276 2471 1462 2536; x_wconf 84' lang='lat' dir='ltr'><strong>illustravit</strong></span> <span class='ocrx_word' id='word_1_204' title='bbox 1491 2472 1661 2553; x_wconf 89' lang='lat' dir='ltr'><strong>penicillo,</strong></span> <span class='ocrx_word' id='word_1_205' title='bbox 1682 2473 1846 2550; x_wconf 81' lang='lat' dir='ltr'><strong>eugenio</strong></span> 
     </span>
     <span class='ocr_line' id='line_1_21' title="bbox 296 2573 1845 2660; baseline 0.001 -22"><span class='ocrx_word' id='word_1_206' title='bbox 296 2579 421 2638; x_wconf 86' lang='lat' dir='ltr'><strong>«tenta</strong></span> <span class='ocrx_word' id='word_1_207' title='bbox 436 2580 551 2640; x_wconf 84' lang='lat' dir='ltr'><strong>erant:</strong></span> <span class='ocrx_word' id='word_1_208' title='bbox 574 2579 739 2657; x_wconf 82' lang='lat' dir='ltr'><strong>Receptus</strong></span> <span class='ocrx_word' id='word_1_209' title='bbox 751 2575 817 2642; x_wconf 86' lang='lat' dir='ltr'><strong>luit</strong></span> <span class='ocrx_word' id='word_1_210' title='bbox 832 2593 874 2640; x_wconf 84' lang='lat' dir='ltr'><strong>ex</strong></span> <span class='ocrx_word' id='word_1_211' title='bbox 890 2576 1046 2642; x_wconf 87' lang='lat' dir='ltr'><strong>editioni·</strong></span> <span class='ocrx_word' id='word_1_212' title='bbox 1089 2588 1152 2660; x_wconf 82' lang='lat' dir='ltr'><strong>euo</strong></span> <span class='ocrx_word' id='word_1_213' title='bbox 1170 2576 1390 2655; x_wconf 86' lang='lat' dir='ltr'><strong>contestatus,</strong></span> <span class='ocrx_word' id='word_1_214' title='bbox 1406 2573 1476 2638; x_wconf 86' lang='lat' dir='ltr'><strong>iore</strong></span> <span class='ocrx_word' id='word_1_215' title='bbox 1492 2578 1532 2638; x_wconf 91' lang='lat' dir='ltr'><strong>ut</strong></span> <span class='ocrx_word' id='word_1_216' title='bbox 1554 2577 1669 2640; x_wconf 88' lang='lat' dir='ltr'><strong>omnia</strong></span> <span class='ocrx_word' id='word_1_217' title='bbox 1683 2581 1845 2658; x_wconf 88' lang='lat' dir='ltr'><strong>prompta</strong></span> 
     </span>
     <span class='ocr_line' id='line_1_22' title="bbox 297 2672 1843 2763; baseline 0 -20"><span class='ocrx_word' id='word_1_218' title='bbox 297 2679 393 2744; x_wconf 87' lang='lat' dir='ltr'><strong>«bus</strong></span> <span class='ocrx_word' id='word_1_219' title='bbox 405 2681 645 2762; x_wconf 77' lang='lat' dir='ltr'><strong>Hexaplorum,</strong></span> <span class='ocrx_word' id='word_1_220' title='bbox 657 2684 692 2743; x_wconf 90' lang='lat' dir='ltr'><strong>et</strong></span> <span class='ocrx_word' id='word_1_221' title='bbox 707 2680 906 2744; x_wconf 89' lang='lat' dir='ltr'><strong>emendatus</strong></span> <span class='ocrx_word' id='word_1_222' title='bbox 916 2681 959 2744; x_wconf 90' lang='lat' dir='ltr'><strong>ad</strong></span> <span class='ocrx_word' id='word_1_223' title='bbox 970 2697 1047 2745; x_wconf 90' lang='lat' dir='ltr'><strong>nor·</strong></span> <span class='ocrx_word' id='word_1_224' title='bbox 1090 2685 1370 2761; x_wconf 86' lang='lat' dir='ltr'><strong>meuucarperet:</strong></span> <span class='ocrx_word' id='word_1_225' title='bbox 1383 2672 1843 2763; x_wconf 82' lang='lat' dir='ltr'><strong>omniamorsiuteroepit.¹⁸)</strong></span> 
     </span>
     <span class='ocr_line' id='line_1_23' title="bbox 296 2783 1844 2866; baseline 0 -19"><span class='ocrx_word' id='word_1_226' title='bbox 296 2801 419 2848; x_wconf 89' lang='lat' dir='ltr'><strong>«mam</strong></span> <span class='ocrx_word' id='word_1_227' title='bbox 431 2785 664 2866; x_wconf 82' lang='lat' dir='ltr'><strong>Tetraplorum</strong></span> <span class='ocrx_word' id='word_1_228' title='bbox 674 2784 781 2864; x_wconf 89' lang='lat' dir='ltr'><strong>ipsius</strong></span> <span class='ocrx_word' id='word_1_229' title='bbox 791 2784 959 2864; x_wconf 88' lang='lat' dir='ltr'><strong>Origeuis,</strong></span> <span class='ocrx_word' id='word_1_230' title='bbox 968 2801 1045 2865; x_wconf 78' lang='lat' dir='ltr'><strong>quar</strong></span> <span class='ocrx_word' id='word_1_231' title='bbox 1134 2785 1262 2846; x_wconf 81' lang='lat' dir='ltr'><strong>lterum</strong></span> <span class='ocrx_word' id='word_1_232' title='bbox 1277 2783 1387 2861; x_wconf 88' lang='lat' dir='ltr'><strong>igitur</strong></span> <span class='ocrx_word' id='word_1_233' title='bbox 1401 2787 1493 2847; x_wconf 91' lang='lat' dir='ltr'><strong>totus</strong></span> <span class='ocrx_word' id='word_1_234' title='bbox 1504 2785 1717 2848; x_wconf 88' lang='lat' dir='ltr'><strong>venerandus</strong></span> <span class='ocrx_word' id='word_1_235' title='bbox 1732 2784 1844 2853; x_wconf 82' lang='lat' dir='ltr'><strong>codex</strong></span> 
     </span>
     <span class='ocr_line' id='line_1_24' title="bbox 294 2885 1843 2971; baseline 0.001 -21"><span class='ocrx_word' id='word_1_236' title='bbox 294 2907 432 2971; x_wconf 88' lang='lat' dir='ltr'><strong>«quum</strong></span> <span class='ocrx_word' id='word_1_237' title='bbox 444 2889 519 2970; x_wconf 90' lang='lat' dir='ltr'><strong>ipsa</strong></span> <span class='ocrx_word' id='word_1_238' title='bbox 526 2905 701 2952; x_wconf 89' lang='lat' dir='ltr'><strong>manusua</strong></span> <span class='ocrx_word' id='word_1_239' title='bbox 713 2887 891 2950; x_wconf 91' lang='lat' dir='ltr'><strong>emendata</strong></span> <span class='ocrx_word' id='word_1_240' title='bbox 906 2887 1000 2952; x_wconf 84' lang='lat' dir='ltr'><strong>inere</strong></span> <span class='ocrx_word' id='word_1_241' title='bbox 1010 2892 1044 2951; x_wconf 90' lang='lat' dir='ltr'><strong>et</strong></span> <span class='ocrx_word' id='word_1_242' title='bbox 1089 2885 1183 2950; x_wconf 90' lang='lat' dir='ltr'><strong>intus</strong></span> <span class='ocrx_word' id='word_1_243' title='bbox 1198 2887 1232 2948; x_wconf 88' lang='lat' dir='ltr'><strong>et</strong></span> <span class='ocrx_word' id='word_1_244' title='bbox 1247 2889 1335 2965; x_wconf 90' lang='lat' dir='ltr'><strong>cute,</strong></span> <span class='ocrx_word' id='word_1_245' title='bbox 1350 2890 1391 2949; x_wconf 93' lang='lat' dir='ltr'><strong>ut</strong></span> <span class='ocrx_word' id='word_1_246' title='bbox 1404 2887 1512 2966; x_wconf 89' lang='lat' dir='ltr'><strong>aiunt,</strong></span> <span class='ocrx_word' id='word_1_247' title='bbox 1525 2904 1564 2949; x_wconf 88' lang='lat' dir='ltr'><strong>ec</strong></span> <span class='ocrx_word' id='word_1_248' title='bbox 1579 2887 1615 2950; x_wconf 91' lang='lat' dir='ltr'><strong>iu</strong></span> <span class='ocrx_word' id='word_1_249' title='bbox 1631 2888 1704 2970; x_wconf 92' lang='lat' dir='ltr'><strong>ipso</strong></span> <span class='ocrx_word' id='word_1_250' title='bbox 1719 2904 1843 2952; x_wconf 88' lang='lat' dir='ltr'><strong>museo</strong></span> 
     </span>
     <span class='ocr_line' id='line_1_25' title="bbox 295 2990 1841 3074; baseline 0.003 -22"><span class='ocrx_word' id='word_1_251' title='bbox 295 2992 464 3058; x_wconf 83' lang='lat' dir='ltr'><strong>«scholiis</strong></span> <span class='ocrx_word' id='word_1_252' title='bbox 486 2993 663 3070; x_wconf 86' lang='lat' dir='ltr'><strong>instructa,</strong></span> <span class='ocrx_word' id='word_1_253' title='bbox 687 2990 765 3055; x_wconf 89' lang='lat' dir='ltr'><strong>inde</strong></span> <span class='ocrx_word' id='word_1_254' title='bbox 787 3007 853 3070; x_wconf 89' lang='lat' dir='ltr'><strong>ego</strong></span> <span class='ocrx_word' id='word_1_255' title='bbox 875 2990 1044 3054; x_wconf 89' lang='lat' dir='ltr'><strong>Eusebius</strong></span> <span class='ocrx_word' id='word_1_256' title='bbox 1088 2991 1262 3070; x_wconf 84' lang='lat' dir='ltr'><strong>Vaticano,</strong></span> <span class='ocrx_word' id='word_1_257' title='bbox 1277 2992 1422 3069; x_wconf 89' lang='lat' dir='ltr'><strong>longum</strong></span> <span class='ocrx_word' id='word_1_258' title='bbox 1445 3009 1505 3072; x_wconf 84' lang='lat' dir='ltr'><strong>per</strong></span> <span class='ocrx_word' id='word_1_259' title='bbox 1531 2993 1649 3072; x_wconf 89' lang='lat' dir='ltr'><strong>otium,</strong></span> <span class='ocrx_word' id='word_1_260' title='bbox 1676 2993 1841 3074; x_wconf 85' lang='lat' dir='ltr'><strong>introspi-</strong></span> 
     </span>
     <span class='ocr_line' id='line_1_26' title="bbox 296 3094 1844 3178; baseline 0.003 -22"><span class='ocrx_word' id='word_1_261' title='bbox 296 3095 456 3159; x_wconf 87' lang='lat' dir='ltr'><strong>«scholia</strong></span> <span class='ocrx_word' id='word_1_262' title='bbox 466 3096 618 3177; x_wconf 89' lang='lat' dir='ltr'><strong>apposui.</strong></span> <span class='ocrx_word' id='word_1_263' title='bbox 627 3094 825 3176; x_wconf 85' lang='lat' dir='ltr'><strong>Pamphilus</strong></span> <span class='ocrx_word' id='word_1_264' title='bbox 833 3100 867 3158; x_wconf 91' lang='lat' dir='ltr'><strong>et</strong></span> <span class='ocrx_word' id='word_1_265' title='bbox 875 3094 1044 3160; x_wconf 86' lang='lat' dir='ltr'><strong>Eusebius</strong></span> <span class='ocrx_word' id='word_1_266' title='bbox 1088 3094 1228 3160; x_wconf 84' lang='lat' dir='ltr'><strong>ciendos</strong></span> <span class='ocrx_word' id='word_1_267' title='bbox 1252 3100 1313 3162; x_wconf 89' lang='lat' dir='ltr'><strong>eet.</strong></span> <span class='ocrx_word' id='word_1_268' title='bbox 1330 3098 1376 3160; x_wconf 88' lang='lat' dir='ltr'><strong>Et</strong></span> <span class='ocrx_word' id='word_1_269' title='bbox 1405 3100 1455 3160; x_wconf 89' lang='lat' dir='ltr'><strong>tot</strong></span> <span class='ocrx_word' id='word_1_270' title='bbox 1477 3096 1545 3160; x_wconf 86' lang='lat' dir='ltr'><strong>ulie</strong></span> <span class='ocrx_word' id='word_1_271' title='bbox 1560 3114 1636 3178; x_wconf 75' lang='lat' dir='ltr'><strong>quse</strong></span> <span class='ocrx_word' id='word_1_272' title='bbox 1655 3097 1690 3160; x_wconf 91' lang='lat' dir='ltr'><strong>in</strong></span> <span class='ocrx_word' id='word_1_273' title='bbox 1714 3097 1844 3178; x_wconf 88' lang='lat' dir='ltr'><strong>pluteis</strong></span> 
     </span>
     <span class='ocr_line' id='line_1_27' title="bbox 297 3198 1844 3280; baseline 0.003 -20"><span class='ocrx_word' id='word_1_274' title='bbox 297 3202 557 3262; x_wconf 87' lang='lat' dir='ltr'><strong>«correxerunt.</strong></span> <span class='ocrx_word' id='word_1_275' title='bbox 570 3219 587 3258; x_wconf 80' lang='lat' dir='ltr'><strong>s</strong></span> <span class='ocrx_word' id='word_1_276' title='bbox 1088 3200 1254 3263; x_wconf 78' lang='lat' dir='ltr'><strong>vaticanis</strong></span> <span class='ocrx_word' id='word_1_277' title='bbox 1262 3198 1388 3279; x_wconf 77' lang='lat' dir='ltr'><strong>Jacent,</strong></span> <span class='ocrx_word' id='word_1_278' title='bbox 1401 3216 1487 3280; x_wconf 89' lang='lat' dir='ltr'><strong>rara,</strong></span> <span class='ocrx_word' id='word_1_279' title='bbox 1500 3201 1706 3280; x_wconf 86' lang='lat' dir='ltr'><strong>singularia,</strong></span> <span class='ocrx_word' id='word_1_280' title='bbox 1715 3199 1844 3264; x_wconf 87' lang='lat' dir='ltr'><strong>ibidem</strong></span> 
     </span>
     <span class='ocr_line' id='line_1_28' title="bbox 338 3303 1845 3386; baseline 0 -18"><span class='ocrx_word' id='word_1_281' title='bbox 338 3306 386 3368; x_wconf 82' lang='lat' dir='ltr'><strong>Ac</strong></span> <span class='ocrx_word' id='word_1_282' title='bbox 408 3304 468 3366; x_wconf 81' lang='lat' dir='ltr'><strong>vix</strong></span> <span class='ocrx_word' id='word_1_283' title='bbox 490 3305 609 3384; x_wconf 87' lang='lat' dir='ltr'><strong>oculis,</strong></span> <span class='ocrx_word' id='word_1_284' title='bbox 635 3303 844 3386; x_wconf 84' lang='lat' dir='ltr'><strong>auribusque</strong></span> <span class='ocrx_word' id='word_1_285' title='bbox 865 3305 1043 3370; x_wconf 88' lang='lat' dir='ltr'><strong>standum:</strong></span> <span class='ocrx_word' id='word_1_286' title='bbox 1088 3303 1291 3368; x_wconf 85' lang='lat' dir='ltr'><strong>excutienda</strong></span> <span class='ocrx_word' id='word_1_287' title='bbox 1305 3309 1396 3366; x_wconf 92' lang='lat' dir='ltr'><strong>sunt.</strong></span> <span class='ocrx_word' id='word_1_288' title='bbox 1409 3305 1524 3385; x_wconf 87' lang='lat' dir='ltr'><strong>Neque</strong></span> <span class='ocrx_word' id='word_1_289' title='bbox 1543 3305 1635 3368; x_wconf 89' lang='lat' dir='ltr'><strong>enim</strong></span> <span class='ocrx_word' id='word_1_290' title='bbox 1650 3305 1762 3383; x_wconf 90' lang='lat' dir='ltr'><strong>aliter,</strong></span> <span class='ocrx_word' id='word_1_291' title='bbox 1780 3323 1845 3368; x_wconf 91' lang='lat' dir='ltr'><strong>nec</strong></span> 
     </span>
     <span class='ocr_line' id='line_1_29' title="bbox 295 3407 1844 3488; baseline -0.001 -15"><span class='ocrx_word' id='word_1_292' title='bbox 295 3409 464 3474; x_wconf 89' lang='lat' dir='ltr'><strong>habentur</strong></span> <span class='ocrx_word' id='word_1_293' title='bbox 479 3425 562 3487; x_wconf 92' lang='lat' dir='ltr'><strong>ergo</strong></span> <span class='ocrx_word' id='word_1_294' title='bbox 585 3425 708 3488; x_wconf 83' lang='lat' dir='ltr'><strong>curem,</strong></span> <span class='ocrx_word' id='word_1_295' title='bbox 724 3408 805 3472; x_wconf 85' lang='lat' dir='ltr'><strong>folia</strong></span> <span class='ocrx_word' id='word_1_296' title='bbox 818 3411 862 3472; x_wconf 91' lang='lat' dir='ltr'><strong>ab</strong></span> <span class='ocrx_word' id='word_1_297' title='bbox 884 3411 1044 3487; x_wconf 83' lang='lat' dir='ltr'><strong>origenis</strong></span> <span class='ocrx_word' id='word_1_298' title='bbox 1088 3407 1155 3470; x_wconf 87' lang='lat' dir='ltr'><strong>nisi</strong></span> <span class='ocrx_word' id='word_1_299' title='bbox 1171 3410 1285 3471; x_wconf 76' lang='grc' dir='ltr'><strong>Βοωευ</strong></span> <span class='ocrx_word' id='word_1_300' title='bbox 1299 3411 1449 3472; x_wconf 88' lang='lat' dir='ltr'><strong>Romana</strong></span> <span class='ocrx_word' id='word_1_301' title='bbox 1476 3409 1628 3488; x_wconf 85' lang='lat' dir='ltr'><strong>Hexapla</strong></span> <span class='ocrx_word' id='word_1_302' title='bbox 1643 3407 1844 3484; x_wconf 83' lang='lat' dir='ltr'><strong>instauran-</strong></span> 
     </span>
     <span class='ocr_line' id='line_1_30' title="bbox 293 3510 1843 3596; baseline -0.002 -18"><span class='ocrx_word' id='word_1_303' title='bbox 293 3519 429 3596; x_wconf 87' lang='lat' dir='ltr'><strong>rccepta</strong></span> <span class='ocrx_word' id='word_1_304' title='bbox 450 3514 614 3594; x_wconf 88' lang='lat' dir='ltr'><strong>tetraplis,</strong></span> <span class='ocrx_word' id='word_1_305' title='bbox 638 3513 746 3594; x_wconf 88' lang='lat' dir='ltr'><strong>ipsius</strong></span> <span class='ocrx_word' id='word_1_306' title='bbox 763 3516 852 3596; x_wconf 89' lang='lat' dir='ltr'><strong>stylo</strong></span> <span class='ocrx_word' id='word_1_307' title='bbox 875 3515 1042 3596; x_wconf 87' lang='lat' dir='ltr'><strong>purgatis,</strong></span> <span class='ocrx_word' id='word_1_308' title='bbox 1088 3512 1131 3576; x_wconf 86' lang='lat' dir='ltr'><strong>dc</strong></span> <span class='ocrx_word' id='word_1_309' title='bbox 1159 3516 1250 3592; x_wconf 89' lang='lat' dir='ltr'><strong>suut,</strong></span> <span class='ocrx_word' id='word_1_310' title='bbox 1277 3528 1352 3593; x_wconf 84' lang='lat' dir='ltr'><strong>quae</strong></span> <span class='ocrx_word' id='word_1_311' title='bbox 1383 3511 1519 3593; x_wconf 88' lang='lat' dir='ltr'><strong>penitus</strong></span> <span class='ocrx_word' id='word_1_312' title='bbox 1550 3511 1619 3574; x_wconf 85' lang='lat' dir='ltr'><strong>iere</strong></span> <span class='ocrx_word' id='word_1_313' title='bbox 1645 3510 1843 3576; x_wconf 86' lang='lat' dir='ltr'><strong>desideren-</strong></span> 
     </span>
     <span class='ocr_line' id='line_1_31' title="bbox 293 3613 1843 3700; baseline 0 -20"><span class='ocrx_word' id='word_1_314' title='bbox 293 3622 513 3700; x_wconf 87' lang='lat' dir='ltr'><strong>prostantque</strong></span> <span class='ocrx_word' id='word_1_315' title='bbox 535 3616 742 3698; x_wconf 90' lang='lat' dir='ltr'><strong>apographa,</strong></span> <span class='ocrx_word' id='word_1_316' title='bbox 769 3633 915 3698; x_wconf 90' lang='lat' dir='ltr'><strong>quorum</strong></span> <span class='ocrx_word' id='word_1_317' title='bbox 937 3618 1044 3682; x_wconf 88' lang='lat' dir='ltr'><strong>Euse-</strong></span> <span class='ocrx_word' id='word_1_318' title='bbox 1088 3620 1154 3678; x_wconf 92' lang='lat' dir='ltr'><strong>tur.</strong></span> <span class='ocrx_word' id='word_1_319' title='bbox 1175 3613 1239 3680; x_wconf 89' lang='lat' dir='ltr'><strong>Sed</strong></span> <span class='ocrx_word' id='word_1_320' title='bbox 1254 3614 1325 3678; x_wconf 81' lang='lat' dir='ltr'><strong>haec</strong></span> <span class='ocrx_word' id='word_1_321' title='bbox 1348 3618 1429 3678; x_wconf 88' lang='lat' dir='ltr'><strong>eunt</strong></span> <span class='ocrx_word' id='word_1_322' title='bbox 1443 3619 1633 3695; x_wconf 89' lang='lat' dir='ltr'><strong>temporum</strong></span> <span class='ocrx_word' id='word_1_323' title='bbox 1656 3617 1843 3680; x_wconf 87' lang='lat' dir='ltr'><strong>meliorum</strong></span> 
     </span>
     <span class='ocr_line' id='line_1_32' title="bbox 291 3716 1842 3804; baseline -0.001 -17"><span class='ocrx_word' id='word_1_324' title='bbox 291 3721 369 3788; x_wconf 90' lang='lat' dir='ltr'><strong>hius</strong></span> <span class='ocrx_word' id='word_1_325' title='bbox 394 3721 576 3785; x_wconf 87' lang='lat' dir='ltr'><strong>scholiasta</strong></span> <span class='ocrx_word' id='word_1_326' title='bbox 601 3719 677 3800; x_wconf 82' lang='lat' dir='ltr'><strong>fuit,</strong></span> <span class='ocrx_word' id='word_1_327' title='bbox 703 3737 849 3802; x_wconf 89' lang='lat' dir='ltr'><strong>quorum</strong></span> <span class='ocrx_word' id='word_1_328' title='bbox 879 3719 1044 3804; x_wconf 79' lang='grc' dir='ltr'>διορθωτα)</span> <span class='ocrx_word' id='word_1_329' title='bbox 1087 3717 1217 3797; x_wconf 78' lang='lat' dir='ltr'><strong>etudia3</strong></span> <span class='ocrx_word' id='word_1_330' title='bbox 1244 3718 1317 3782; x_wconf 84' lang='lat' dir='ltr'><strong>haec</strong></span> <span class='ocrx_word' id='word_1_331' title='bbox 1334 3716 1529 3797; x_wconf 88' lang='lat' dir='ltr'><strong>junioribus</strong></span> <span class='ocrx_word' id='word_1_332' title='bbox 1555 3720 1701 3783; x_wconf 84' lang='lat' dir='ltr'><strong>calcaria</strong></span> <span class='ocrx_word' id='word_1_333' title='bbox 1726 3729 1842 3786; x_wconf 88' lang='lat' dir='ltr'><strong>sunto.</strong></span> 
     </span>
     <span class='ocr_line' id='line_1_33' title="bbox 292 3821 1841 3906; baseline -0.001 -16"><span class='ocrx_word' id='word_1_334' title='bbox 292 3831 375 3890; x_wconf 87' lang='lat' dir='ltr'><strong>sunt</strong></span> <span class='ocrx_word' id='word_1_335' title='bbox 388 3825 556 3890; x_wconf 86' lang='lat' dir='ltr'><strong>Eusebius</strong></span> <span class='ocrx_word' id='word_1_336' title='bbox 572 3831 606 3890; x_wconf 93' lang='lat' dir='ltr'><strong>et</strong></span> <span class='ocrx_word' id='word_1_337' title='bbox 619 3830 758 3890; x_wconf 86' lang='lat' dir='ltr'><strong>sauctus</strong></span> <span class='ocrx_word' id='word_1_338' title='bbox 774 3825 982 3906; x_wconf 86' lang='lat' dir='ltr'><strong>Pamphilus.</strong></span> <span class='ocrx_word' id='word_1_339' title='bbox 1089 3825 1226 3887; x_wconf 85' lang='lat' dir='ltr'><strong>Utinam</strong></span> <span class='ocrx_word' id='word_1_340' title='bbox 1235 3828 1310 3903; x_wconf 89' lang='lat' dir='ltr'><strong>post</strong></span> <span class='ocrx_word' id='word_1_341' title='bbox 1320 3821 1841 3889; x_wconf 84' lang='lat' dir='ltr'><strong>llonteialcouiumetEieldium</strong></span> 
     </span>
     <span class='ocr_line' id='line_1_34' title="bbox 335 3925 1844 4012; baseline -0.001 -19"><span class='ocrx_word' id='word_1_342' title='bbox 335 3930 508 4009; x_wconf 82' lang='lat' dir='ltr'><strong>Agedum:</strong></span> <span class='ocrx_word' id='word_1_343' title='bbox 526 3930 658 4011; x_wconf 88' lang='lat' dir='ltr'><strong>quoties</strong></span> <span class='ocrx_word' id='word_1_344' title='bbox 674 3935 708 3993; x_wconf 92' lang='lat' dir='ltr'><strong>et</strong></span> <span class='ocrx_word' id='word_1_345' title='bbox 722 3945 806 4012; x_wconf 88' lang='lat' dir='ltr'><strong>quos</strong></span> <span class='ocrx_word' id='word_1_346' title='bbox 821 3931 858 3994; x_wconf 90' lang='lat' dir='ltr'><strong>iu</strong></span> <span class='ocrx_word' id='word_1_347' title='bbox 875 3947 958 3994; x_wconf 90' lang='lat' dir='ltr'><strong>usus</strong></span> <span class='ocrx_word' id='word_1_348' title='bbox 968 3948 1043 3994; x_wconf 86' lang='lat' dir='ltr'><strong>ver·</strong></span> <span class='ocrx_word' id='word_1_349' title='bbox 1088 3927 1261 3990; x_wconf 84' lang='lat' dir='ltr'><strong>exoriatur</strong></span> <span class='ocrx_word' id='word_1_350' title='bbox 1281 3927 1417 4007; x_wconf 88' lang='lat' dir='ltr'><strong>aliquis,</strong></span> <span class='ocrx_word' id='word_1_351' title='bbox 1433 3943 1541 3990; x_wconf 88' lang='lat' dir='ltr'><strong>novus</strong></span> <span class='ocrx_word' id='word_1_352' title='bbox 1557 3932 1592 3990; x_wconf 93' lang='lat' dir='ltr'><strong>et</strong></span> <span class='ocrx_word' id='word_1_353' title='bbox 1614 3928 1758 3992; x_wconf 88' lang='lat' dir='ltr'><strong>ultimus</strong></span> <span class='ocrx_word' id='word_1_354' title='bbox 1774 3925 1844 3992; x_wconf 87' lang='lat' dir='ltr'><strong>He-</strong></span> 
     </span>
    </p>
   </div>
   <div class='ocr_carea' id='block_1_3' title="bbox 167 4127 1845 5158">
    <p class='ocr_par' dir='ltr' id='par_1_3' title="bbox 167 4127 1845 5158">
     <span class='ocr_line' id='line_1_35' title="bbox 324 4127 1320 4204; baseline -0.005 -16"><span class='ocrx_word' id='word_1_355' title='bbox 324 4133 370 4204; x_wconf 82' lang='lat'><strong>14)</strong></span> <span class='ocrx_word' id='word_1_356' title='bbox 384 4132 545 4190; x_wconf 83' lang='lat' dir='ltr'><strong>Descendit</strong></span> <span class='ocrx_word' id='word_1_357' title='bbox 557 4131 804 4189; x_wconf 79' lang='lat' dir='ltr'><strong>Moutsfaloonius</strong></span> <span class='ocrx_word' id='word_1_358' title='bbox 816 4131 855 4188; x_wconf 87' lang='lat' dir='ltr'><strong>ad</strong></span> <span class='ocrx_word' id='word_1_359' title='bbox 865 4150 931 4190; x_wconf 77' lang='lat' dir='ltr'><strong>stac</strong></span> <span class='ocrx_word' id='word_1_360' title='bbox 944 4149 998 4192; x_wconf 83' lang='lat' dir='ltr'><strong>vui</strong></span> <span class='ocrx_word' id='word_1_361' title='bbox 1011 4133 1043 4190; x_wconf 89' lang='lat' dir='ltr'><strong>iu</strong></span> <span class='ocrx_word' id='word_1_362' title='bbox 1089 4127 1137 4185; x_wconf 80' lang='lat' dir='ltr'><strong>dil.</strong></span> <span class='ocrx_word' id='word_1_363' title='bbox 1155 4128 1192 4184; x_wconf 90' lang='lat' dir='ltr'><strong>In</strong></span> <span class='ocrx_word' id='word_1_364' title='bbox 1203 4127 1320 4202; x_wconf 76' lang='lat' dir='ltr'><strong>praefat.</strong></span> 
     </span>
     <span class='ocr_line' id='line_1_36' title="bbox 167 4213 1510 4292; baseline -0.004 -14"><span class='ocrx_word' id='word_1_365' title='bbox 167 4223 172 4232; x_wconf 90' lang='grc'><em>“</em></span> <span class='ocrx_word' id='word_1_366' title='bbox 289 4223 390 4277; x_wconf 60' lang='lat' dir='ltr'><strong>ramata</strong></span> <span class='ocrx_word' id='word_1_367' title='bbox 408 4220 446 4277; x_wconf 86' lang='lat' dir='ltr'><strong>ed</strong></span> <span class='ocrx_word' id='word_1_368' title='bbox 462 4220 580 4291; x_wconf 76' lang='lat' dir='ltr'><strong>haiam,</strong></span> <span class='ocrx_word' id='word_1_369' title='bbox 599 4219 731 4277; x_wconf 87' lang='lat' dir='ltr'><strong>etiamin</strong></span> <span class='ocrx_word' id='word_1_370' title='bbox 747 4221 931 4291; x_wconf 59' lang='lat' dir='ltr'><strong>Falacrem.</strong></span> <span class='ocrx_word' id='word_1_371' title='bbox 942 4237 970 4292; x_wconf 93' lang='lat' dir='ltr'><strong>p.</strong></span> <span class='ocrx_word' id='word_1_372' title='bbox 981 4221 1042 4292; x_wconf 79' lang='lat'><strong>225,</strong></span> <span class='ocrx_word' id='word_1_373' title='bbox 1125 4215 1170 4287; x_wconf 89' lang='grc'><strong>16)</strong></span> <span class='ocrx_word' id='word_1_374' title='bbox 1184 4214 1330 4270; x_wconf 80' lang='lat' dir='ltr'><strong>Monitum</strong></span> <span class='ocrx_word' id='word_1_375' title='bbox 1343 4213 1382 4270; x_wconf 87' lang='lat' dir='ltr'><strong>ad</strong></span> <span class='ocrx_word' id='word_1_376' title='bbox 1393 4215 1510 4272; x_wconf 81' lang='lat' dir='ltr'><strong>isaiam.</strong></span> 
     </span>
     <span class='ocr_line' id='line_1_37' title="bbox 291 4299 1842 4381; baseline -0.001 -19"><span class='ocrx_word' id='word_1_377' title='bbox 291 4306 431 4381; x_wconf 84' lang='lat' dir='ltr'><strong>deceptus</strong></span> <span class='ocrx_word' id='word_1_378' title='bbox 447 4307 523 4362; x_wconf 80' lang='lat' dir='ltr'><strong>falsa</strong></span> <span class='ocrx_word' id='word_1_379' title='bbox 536 4306 673 4380; x_wconf 88' lang='lat' dir='ltr'><strong>opinione</strong></span> <span class='ocrx_word' id='word_1_380' title='bbox 686 4305 789 4379; x_wconf 79' lang='lat' dir='ltr'><strong>prirnae</strong></span> <span class='ocrx_word' id='word_1_381' title='bbox 802 4323 906 4361; x_wconf 88' lang='lat' dir='ltr'><strong>manue</strong></span> <span class='ocrx_word' id='word_1_382' title='bbox 919 4323 983 4362; x_wconf 87' lang='lat' dir='ltr'><strong>esse</strong></span> <span class='ocrx_word' id='word_1_383' title='bbox 996 4324 1043 4361; x_wconf 89' lang='lat' dir='ltr'><strong>ac·</strong></span> <span class='ocrx_word' id='word_1_384' title='bbox 1122 4300 1167 4373; x_wconf 86' lang='grc'><strong>17)</strong></span> <span class='ocrx_word' id='word_1_385' title='bbox 1182 4300 1262 4368; x_wconf 87' lang='lat' dir='ltr'><strong>Quas</strong></span> <span class='ocrx_word' id='word_1_386' title='bbox 1270 4299 1389 4372; x_wconf 82' lang='lat' dir='ltr'><strong>quidem</strong></span> <span class='ocrx_word' id='word_1_387' title='bbox 1398 4301 1521 4357; x_wconf 85' lang='lat' dir='ltr'><strong>schedas</strong></span> <span class='ocrx_word' id='word_1_388' title='bbox 1531 4300 1663 4358; x_wconf 78' lang='lat' dir='ltr'><strong>Eieldins</strong></span> <span class='ocrx_word' id='word_1_389' title='bbox 1672 4301 1754 4359; x_wconf 86' lang='lat' dir='ltr'><strong>haud</strong></span> <span class='ocrx_word' id='word_1_390' title='bbox 1763 4321 1842 4362; x_wconf 89' lang='lat' dir='ltr'><strong>sem·</strong></span> 
     </span>
     <span class='ocr_line' id='line_1_38' title="bbox 291 4385 1843 4468; baseline -0.003 -17"><span class='ocrx_word' id='word_1_391' title='bbox 291 4401 403 4466; x_wconf 88' lang='lat' dir='ltr'><strong>centus,</strong></span> <span class='ocrx_word' id='word_1_392' title='bbox 428 4393 609 4468; x_wconf 84' lang='lat' dir='ltr'><strong>spiritusque</strong></span> <span class='ocrx_word' id='word_1_393' title='bbox 627 4391 752 4463; x_wconf 78' lang='lat' dir='ltr'><strong>codicie3</strong></span> <span class='ocrx_word' id='word_1_394' title='bbox 771 4390 823 4447; x_wconf 85' lang='lat' dir='ltr'><strong>sed</strong></span> <span class='ocrx_word' id='word_1_395' title='bbox 844 4408 863 4447; x_wconf 83' lang='lat' dir='ltr'><strong>a</strong></span> <span class='ocrx_word' id='word_1_396' title='bbox 880 4391 1044 4466; x_wconf 87' lang='lat' dir='ltr'><strong>posteriore</strong></span> <span class='ocrx_word' id='word_1_397' title='bbox 1086 4403 1140 4462; x_wconf 88' lang='lat' dir='ltr'><strong>par</strong></span> <span class='ocrx_word' id='word_1_398' title='bbox 1151 4385 1279 4442; x_wconf 81' lang='lat' dir='ltr'><strong>feliciter</strong></span> <span class='ocrx_word' id='word_1_399' title='bbox 1291 4385 1413 4442; x_wconf 84' lang='lat' dir='ltr'><strong>scholiis</strong></span> <span class='ocrx_word' id='word_1_400' title='bbox 1425 4386 1648 4444; x_wconf 79' lang='lat' dir='ltr'><strong>Montafalconii</strong></span> <span class='ocrx_word' id='word_1_401' title='bbox 1660 4390 1843 4462; x_wconf 82' lang='lat' dir='ltr'><strong>anteposuit,</strong></span> 
     </span>
     <span class='ocr_line' id='line_1_39' title="bbox 290 4471 1843 4556; baseline -0.003 -18"><span class='ocrx_word' id='word_1_402' title='bbox 290 4481 425 4556; x_wconf 82' lang='lat' dir='ltr'><strong>appictos</strong></span> <span class='ocrx_word' id='word_1_403' title='bbox 442 4479 535 4536; x_wconf 78' lang='lat' dir='ltr'><strong>fnisse</strong></span> <span class='ocrx_word' id='word_1_404' title='bbox 553 4479 756 4536; x_wconf 76' lang='lat' dir='ltr'><strong>demonstr-aut</strong></span> <span class='ocrx_word' id='word_1_405' title='bbox 774 4477 887 4534; x_wconf 88' lang='lat' dir='ltr'><strong>scholia</strong></span> <span class='ocrx_word' id='word_1_406' title='bbox 899 4478 1043 4550; x_wconf 77' lang='lat' dir='ltr'><strong>margini-</strong></span> <span class='ocrx_word' id='word_1_407' title='bbox 1087 4490 1141 4530; x_wconf 86' lang='lat' dir='ltr'><strong>nec</strong></span> <span class='ocrx_word' id='word_1_408' title='bbox 1153 4489 1268 4546; x_wconf 80' lang='lat' dir='ltr'><strong>semper</strong></span> <span class='ocrx_word' id='word_1_409' title='bbox 1281 4471 1367 4528; x_wconf 78' lang='lat' dir='ltr'><strong>docto</strong></span> <span class='ocrx_word' id='word_1_410' title='bbox 1379 4473 1515 4530; x_wconf 79' lang='lat' dir='ltr'><strong>Maurius</strong></span> <span class='ocrx_word' id='word_1_411' title='bbox 1530 4491 1643 4532; x_wconf 87' lang='lat' dir='ltr'><strong>morem</strong></span> <span class='ocrx_word' id='word_1_412' title='bbox 1659 4477 1763 4547; x_wconf 81' lang='lat' dir='ltr'><strong>gessit</strong></span> <span class='ocrx_word' id='word_1_413' title='bbox 1777 4477 1843 4534; x_wconf 76' lang='lat' dir='ltr'><strong>Ma·</strong></span> 
     </span>
     <span class='ocr_line' id='line_1_40' title="bbox 289 4557 1842 4640; baseline -0.002 -16"><span class='ocrx_word' id='word_1_414' title='bbox 289 4567 346 4626; x_wconf 86' lang='lat' dir='ltr'><strong>hus</strong></span> <span class='ocrx_word' id='word_1_415' title='bbox 357 4567 443 4639; x_wconf 66' lang='lat' dir='ltr'><strong>illita</strong></span> <span class='ocrx_word' id='word_1_416' title='bbox 453 4583 518 4640; x_wconf 79' lang='lat' dir='ltr'><strong>qnae</strong></span> <span class='ocrx_word' id='word_1_417' title='bbox 530 4582 711 4638; x_wconf 85' lang='lat' dir='ltr'><strong>quocumque</strong></span> <span class='ocrx_word' id='word_1_418' title='bbox 722 4569 896 4620; x_wconf 73' lang='lat' dir='ltr'><strong>acuminum</strong></span> <span class='ocrx_word' id='word_1_419' title='bbox 904 4563 988 4636; x_wconf 85' lang='lat' dir='ltr'><strong>apice</strong></span> <span class='ocrx_word' id='word_1_420' title='bbox 999 4563 1044 4620; x_wconf 78' lang='lat' dir='ltr'><strong>ie·</strong></span> <span class='ocrx_word' id='word_1_421' title='bbox 1086 4576 1164 4631; x_wconf 80' lang='lat' dir='ltr'><strong>gnus</strong></span> <span class='ocrx_word' id='word_1_422' title='bbox 1175 4557 1293 4632; x_wconf 87' lang='lat' dir='ltr'><strong>quidem</strong></span> <span class='ocrx_word' id='word_1_423' title='bbox 1304 4559 1337 4614; x_wconf 87' lang='lat' dir='ltr'><strong>in</strong></span> <span class='ocrx_word' id='word_1_424' title='bbox 1349 4559 1570 4631; x_wconf 86' lang='lat' dir='ltr'><strong>Prolegomenis</strong></span> <span class='ocrx_word' id='word_1_425' title='bbox 1579 4561 1730 4633; x_wconf 82' lang='lat' dir='ltr'><strong>asseritur,</strong></span> <span class='ocrx_word' id='word_1_426' title='bbox 1741 4563 1797 4620; x_wconf 83' lang='lat' dir='ltr'><strong>sed</strong></span> <span class='ocrx_word' id='word_1_427' title='bbox 1808 4565 1842 4621; x_wconf 89' lang='lat' dir='ltr'><strong>in</strong></span> 
     </span>
     <span class='ocr_line' id='line_1_41' title="bbox 289 4645 1844 4724; baseline -0.003 -13"><span class='ocrx_word' id='word_1_428' title='bbox 289 4669 324 4712; x_wconf 84' lang='lat' dir='ltr'><strong>re</strong></span> <span class='ocrx_word' id='word_1_429' title='bbox 335 4653 544 4720; x_wconf 85' lang='lat' dir='ltr'><strong>destituuntur,</strong></span> <span class='ocrx_word' id='word_1_430' title='bbox 555 4651 651 4724; x_wconf 79' lang='lat' dir='ltr'><strong>prime</strong></span> <span class='ocrx_word' id='word_1_431' title='bbox 658 4651 730 4708; x_wconf 85' lang='lat' dir='ltr'><strong>licet</strong></span> <span class='ocrx_word' id='word_1_432' title='bbox 741 4668 779 4708; x_wconf 84' lang='lat' dir='ltr'><strong>ex</strong></span> <span class='ocrx_word' id='word_1_433' title='bbox 787 4667 876 4707; x_wconf 82' lang='lat' dir='ltr'><strong>mauu</strong></span> <span class='ocrx_word' id='word_1_434' title='bbox 887 4649 1044 4708; x_wconf 81' lang='lat' dir='ltr'><strong>manifeste</strong></span> <span class='ocrx_word' id='word_1_435' title='bbox 1086 4649 1151 4702; x_wconf 83' lang='lat' dir='ltr'><strong>toto</strong></span> <span class='ocrx_word' id='word_1_436' title='bbox 1173 4663 1261 4720; x_wconf 88' lang='lat' dir='ltr'><strong>opere</strong></span> <span class='ocrx_word' id='word_1_437' title='bbox 1282 4645 1404 4719; x_wconf 85' lang='lat' dir='ltr'><strong>vapulet</strong></span> <span class='ocrx_word' id='word_1_438' title='bbox 1421 4645 1537 4703; x_wconf 80' lang='lat' dir='ltr'><strong>acriter.</strong></span> <span class='ocrx_word' id='word_1_439' title='bbox 1561 4647 1667 4703; x_wconf 67' lang='lat' dir='ltr'><strong>sedus</strong></span> <span class='ocrx_word' id='word_1_440' title='bbox 1692 4649 1785 4706; x_wconf 76' lang='lat' dir='ltr'><strong>etism</strong></span> <span class='ocrx_word' id='word_1_441' title='bbox 1809 4651 1844 4706; x_wconf 91' lang='lat' dir='ltr'><strong>in</strong></span> 
     </span>
     <span class='ocr_line' id='line_1_42' title="bbox 291 4730 1845 4808; baseline -0.004 -10"><span class='ocrx_word' id='word_1_442' title='bbox 291 4740 433 4798; x_wconf 85' lang='lat' dir='ltr'><strong>oriantur.</strong></span> <span class='ocrx_word' id='word_1_443' title='bbox 446 4736 491 4795; x_wconf 81' lang='lat' dir='ltr'><strong>Of.</strong></span> <span class='ocrx_word' id='word_1_444' title='bbox 503 4736 596 4794; x_wconf 82' lang='lat' dir='ltr'><strong>Eield.</strong></span> <span class='ocrx_word' id='word_1_445' title='bbox 608 4753 641 4808; x_wconf 83' lang='lat' dir='ltr'><strong>rr,</strong></span> <span class='ocrx_word' id='word_1_446' title='bbox 652 4737 714 4793; x_wconf 73' lang='lat' dir='ltr'><strong>eet.</strong></span> <span class='ocrx_word' id='word_1_447' title='bbox 1084 4730 1194 4789; x_wconf 82' lang='lat' dir='ltr'><strong>Fieldii</strong></span> <span class='ocrx_word' id='word_1_448' title='bbox 1202 4731 1515 4805; x_wconf 81' lang='lat' dir='ltr'><strong>ohrysoetomo,cujus</strong></span> <span class='ocrx_word' id='word_1_449' title='bbox 1523 4733 1845 4792; x_wconf 76' lang='lat' dir='ltr'><strong>vaetmeditionihlon-</strong></span> 
     </span>
     <span class='ocr_line' id='line_1_43' title="bbox 326 4816 1843 4901; baseline 0 -24"><span class='ocrx_word' id='word_1_450' title='bbox 326 4826 373 4901; x_wconf 79' lang='lat'><strong>15)</strong></span> <span class='ocrx_word' id='word_1_451' title='bbox 383 4826 469 4884; x_wconf 70' lang='lat' dir='ltr'><strong>Oreas</strong></span> <span class='ocrx_word' id='word_1_452' title='bbox 476 4825 584 4898; x_wconf 65' lang='lat' dir='ltr'><strong>primur</strong></span> <span class='ocrx_word' id='word_1_453' title='bbox 594 4824 668 4881; x_wconf 72' lang='lat' dir='ltr'><strong>irater</strong></span> <span class='ocrx_word' id='word_1_454' title='bbox 674 4823 829 4898; x_wconf 74' lang='lat' dir='ltr'><strong>prophetas</strong></span> <span class='ocrx_word' id='word_1_455' title='bbox 838 4825 1043 4881; x_wconf 65' lang='lat' dir='ltr'><strong>commentar-sir</strong></span> <span class='ocrx_word' id='word_1_456' title='bbox 1085 4816 1262 4874; x_wconf 79' lang='lat' dir='ltr'><strong>tofulooniue</strong></span> <span class='ocrx_word' id='word_1_457' title='bbox 1274 4835 1333 4874; x_wconf 88' lang='lat' dir='ltr'><strong>non</strong></span> <span class='ocrx_word' id='word_1_458' title='bbox 1341 4816 1400 4874; x_wconf 82' lang='lat' dir='ltr'><strong>nisi</strong></span> <span class='ocrx_word' id='word_1_459' title='bbox 1412 4819 1618 4890; x_wconf 74' lang='lat' dir='ltr'><strong>octogenarius</strong></span> <span class='ocrx_word' id='word_1_460' title='bbox 1628 4820 1765 4877; x_wconf 80' lang='lat' dir='ltr'><strong>ultimam</strong></span> <span class='ocrx_word' id='word_1_461' title='bbox 1777 4839 1843 4880; x_wconf 86' lang='lat' dir='ltr'><strong>ma-</strong></span> 
     </span>
     <span class='ocr_line' id='line_1_44' title="bbox 291 4903 1843 4987; baseline 0.001 -24"><span class='ocrx_word' id='word_1_462' title='bbox 291 4917 446 4972; x_wconf 67' lang='lat' dir='ltr'><strong>ilsurratus</strong></span> <span class='ocrx_word' id='word_1_463' title='bbox 459 4916 515 4968; x_wconf 80' lang='lat' dir='ltr'><strong>ets,</strong></span> <span class='ocrx_word' id='word_1_464' title='bbox 533 4911 676 4968; x_wconf 69' lang='lat' dir='ltr'><strong>marim</strong></span> <span class='ocrx_word' id='word_1_465' title='bbox 688 4912 790 4970; x_wconf 65' lang='lat' dir='ltr'><strong>maists</strong></span> <span class='ocrx_word' id='word_1_466' title='bbox 808 4929 858 4968; x_wconf 70' lang='lat' dir='ltr'><strong>m.</strong></span> <span class='ocrx_word' id='word_1_467' title='bbox 871 4928 955 4986; x_wconf 75' lang='lat' dir='ltr'><strong>quam</strong></span> <span class='ocrx_word' id='word_1_468' title='bbox 973 4913 1042 4985; x_wconf 73' lang='lat' dir='ltr'><strong>opti-</strong></span> <span class='ocrx_word' id='word_1_469' title='bbox 1085 4921 1156 4960; x_wconf 88' lang='lat' dir='ltr'><strong>num</strong></span> <span class='ocrx_word' id='word_1_470' title='bbox 1168 4903 1314 4979; x_wconf 85' lang='lat' dir='ltr'><strong>apposuit.</strong></span> <span class='ocrx_word' id='word_1_471' title='bbox 1331 4904 1425 4964; x_wconf 87' lang='lat' dir='ltr'><strong>Decet</strong></span> <span class='ocrx_word' id='word_1_472' title='bbox 1436 4911 1539 4963; x_wconf 85' lang='lat' dir='ltr'><strong>mutua</strong></span> <span class='ocrx_word' id='word_1_473' title='bbox 1555 4905 1633 4964; x_wconf 84' lang='lat' dir='ltr'><strong>iuter</strong></span> <span class='ocrx_word' id='word_1_474' title='bbox 1650 4907 1843 4987; x_wconf 76' lang='lat' dir='ltr'><strong>senioresjn·</strong></span> 
     </span>
     <span class='ocr_line' id='line_1_45' title="bbox 291 4991 1250 5074; baseline -0.009 -18"><span class='ocrx_word' id='word_1_475' title='bbox 291 4998 584 5070; x_wconf 60' lang='lat' dir='ltr'><strong>metumientem,</strong></span> <span class='ocrx_word' id='word_1_476' title='bbox 601 5000 632 5056; x_wconf 82' lang='lat' dir='ltr'><strong>ia</strong></span> <span class='ocrx_word' id='word_1_477' title='bbox 644 5015 697 5072; x_wconf 74' lang='lat' dir='ltr'><strong>quc</strong></span> <span class='ocrx_word' id='word_1_478' title='bbox 712 4998 857 5074; x_wconf 69' lang='lat' dir='ltr'><strong>propheto</strong></span> <span class='ocrx_word' id='word_1_479' title='bbox 869 5013 961 5056; x_wconf 75' lang='lat' dir='ltr'><strong>amm</strong></span> <span class='ocrx_word' id='word_1_480' title='bbox 978 5013 1042 5054; x_wconf 79' lang='lat' dir='ltr'><strong>con·</strong></span> <span class='ocrx_word' id='word_1_481' title='bbox 1087 4991 1250 5064; x_wconf 81' lang='lat' dir='ltr'><strong>dulgentia.</strong></span> 
     </span>
     <span class='ocr_line' id='line_1_46' title="bbox 293 5078 1842 5158; baseline -0.001 -18"><span class='ocrx_word' id='word_1_482' title='bbox 293 5086 431 5152; x_wconf 67' lang='lat' dir='ltr'><strong>limem,</strong></span> <span class='ocrx_word' id='word_1_483' title='bbox 449 5099 530 5156; x_wconf 79' lang='lat' dir='ltr'><strong>quem</strong></span> <span class='ocrx_word' id='word_1_484' title='bbox 547 5084 608 5140; x_wconf 78' lang='lat' dir='ltr'><strong>Bae.</strong></span> <span class='ocrx_word' id='word_1_485' title='bbox 626 5085 709 5144; x_wconf 70' lang='lat' dir='ltr'><strong>otard-</strong></span> <span class='ocrx_word' id='word_1_486' title='bbox 727 5084 991 5158; x_wconf 68' lang='lat' dir='ltr'><strong>llupelucclde&#39;ases</strong></span> <span class='ocrx_word' id='word_1_487' title='bbox 1002 5083 1042 5139; x_wconf 80' lang='lat' dir='ltr'><strong>ln·-</strong></span> <span class='ocrx_word' id='word_1_488' title='bbox 1124 5079 1168 5152; x_wconf 87' lang='grc'><strong>18)</strong></span> <span class='ocrx_word' id='word_1_489' title='bbox 1181 5078 1226 5135; x_wconf 79' lang='lat' dir='ltr'><strong>Gi.</strong></span> <span class='ocrx_word' id='word_1_490' title='bbox 1239 5080 1280 5136; x_wconf 76' lang='lat' dir='ltr'><strong>lle</strong></span> <span class='ocrx_word' id='word_1_491' title='bbox 1298 5080 1373 5138; x_wconf 82' lang='lat' dir='ltr'><strong>curis</strong></span> <span class='ocrx_word' id='word_1_492' title='bbox 1392 5079 1504 5136; x_wconf 76' lang='lat' dir='ltr'><strong>Eusebii</strong></span> <span class='ocrx_word' id='word_1_493' title='bbox 1522 5080 1642 5142; x_wconf 65' lang='lat' dir='ltr'><strong>eadm.</strong></span> <span class='ocrx_word' id='word_1_494' title='bbox 1660 5081 1734 5139; x_wconf 76' lang='lat' dir='ltr'><strong>Maii</strong></span> <span class='ocrx_word' id='word_1_495' title='bbox 1751 5083 1786 5140; x_wconf 88' lang='lat' dir='ltr'><strong>B.</strong></span> <span class='ocrx_word' id='word_1_496' title='bbox 1806 5083 1842 5140; x_wconf 76' lang='lat' dir='ltr'><strong>tt.</strong></span> 
     </span>
    </p>
   </div>
   <div class='ocr_carea' id='block_1_4' title="bbox 297 5167 1303 5260">
    <p class='ocr_par' dir='ltr' id='par_1_4' title="bbox 297 5167 1303 5260">
     <span class='ocr_line' id='line_1_47' title="bbox 297 5167 1303 5260; baseline -0.003 -30"><span class='ocrx_word' id='word_1_497' title='bbox 297 5169 979 5230; x_wconf 66' lang='lat' dir='ltr'><strong>abraamemuesrmerrmmem</strong></span> <span class='ocrx_word' id='word_1_498' title='bbox 996 5168 1042 5226; x_wconf 82' lang='lat' dir='ltr'><strong>de·</strong></span> <span class='ocrx_word' id='word_1_499' title='bbox 1086 5167 1267 5229; x_wconf 83' lang='lat' dir='ltr'><strong>PP.1r.ll.</strong></span> <span class='ocrx_word' id='word_1_500' title='bbox 1301 5257 1303 5260; x_wconf 82' lang='lat'><strong>.</strong></span> 
     </span>
    </p>
   </div>
   <div class='ocr_carea' id='block_1_5' title="bbox 0 0 1988 6102">
    <p class='ocr_par' dir='ltr' id='par_1_5' title="bbox 0 0 1988 6102">
     <span class='ocr_line' id='line_1_48' title="bbox 0 0 1988 6102; baseline 0 0"><span class='ocrx_word' id='word_1_501' title='bbox 0 0 1988 6102; x_wconf 95' lang='lat' dir='ltr'><strong> </strong></span> 
     </span>
    </p>
   </div>
  </div>
 </body>
</html>
