4036 6090
263 327 324 389 136
929 331 1140 393 ORIGENES

302 486 332 528 v.
351 468 380 529 3.
398 464 520 530 Λάόετε
536 465 671 553 ψαλμὸν,
683 469 738 531 καὶ
750 466 821 532 δότε
836 466 1005 553 τύμπανον,
1096 487 1126 530 v.
1144 470 1173 530 3.
1192 469 1318 533 Sumite
1333 471 1510 550 psalterum,
1536 475 1568 533 et
1588 469 1661 534 date
1683 476 1805 552 tympn-

256 566 430 653 ψαλτήριον
446 572 577 653 τερπνὸν
595 571 674 655 μετὰ
689 570 830 654 κιθάρας.
1050 589 1141 650 ιιιιιιι,
1155 555 1354 653 psalterium
1362 574 1548 656 ρἀοιιαάιιικ,
1558 592 1629 638 cum
1644 573 1781 639 cithero.

301 671 397 757 Τάχα
412 673 447 736 δὲ
462 674 496 738 ἕν
513 693 564 757 μοι
587 672 710 739 δίδωσιν
725 675 742 738 ό
758 673 861 760 λόγος,
885 673 956 759 τρία
971 673 1006 738 δέ
1095 677 1194 739 Forte
1217 695 1260 739 an
1285 696 1392 741 unurn
1415 678 1499 741 mihi
1522 677 1580 740 dat
1602 680 1802 758 versiculus

254 797 292 862 με
308 777 452 841 ἀπαιτεῖ·
468 777 573 842 δίδωσι
592 778 655 863 γάρ
679 800 731 864 μοι
746 778 882 863 ψαλμὸν,
899 779 954 842 καί
970 778 1005 842 ά-
1050 783 1117 844 tria
1130 799 1210 845 vero
1233 800 1319 845 arne
1335 783 1453 861 exigit.
1469 786 1620 862 ,Porrigit
1635 785 1726 847 enim
1743 785 1803 848 mi-

253 890 360 946 παιτεί
373 881 429 946 ἀπ’
439 883 517 966 ἐμοῦ
533 890 656 966 πρῶτον
670 882 840 968 τύμπανον,
857 885 1004 968 δεύτερον
1050 884 1086 948 hi
1101 888 1280 967 psalmum,
1297 890 1331 948 et
1348 888 1498 967 postulat
1520 905 1540 948 a
1558 905 1611 949 me
1634 888 1670 949 in
1693 887 1802 967 primo

254 983 438 1070 ψαλτψριον,
451 987 520 1050 είτα
530 985 678 1070 κιθάραν·
692 989 744 1053 ίνα
757 987 844 1072 μάθω
858 989 904 1052 ότι
916 987 1004 1053 atta
1049 992 1122 1053 loco
1137 995 1348 1072 tympanum,
1364 991 1401 1052 in
1423 990 1570 1054 secundo
1593 992 1804 1072 psalterium,

254 1088 286 1153 σί
301 1111 353 1174 μοι
368 1091 421 1154 καί
435 1090 529 1175 χάριν
540 1099 594 1154 τοῦ
607 1089 699 1172 Θεοῦ,
716 1092 774 1176 τὴν
787 1090 1005 1158 διδασκαλίαν·
1049 1096 1218 1172 postremo
1255 1093 1437 1172 citharam
1473 1098 1513 1156 ut
1547 1095 1686 1158 edocear
1720 1095 1805 1158 mihi

256 1193 385 1258 ἀπαιτεῖ
398 1193 432 1257 δέ
449 1215 487 1279 με
503 1193 658 1279 άγιασμδν
673 1194 817 1279 ὁλοτελῆ,
833 1197 885 1260 ίνοι
896 1194 1006 1280 ἁγιάσ-
1051 1198 1154 1259 etiam
1170 1197 1309 1261 concedi
1324 1199 1385 1261 Dei
1402 1199 1560 1278 gratiam,
1583 1197 1802 1262 didascaliam

257 1296 301 1362 θω
317 1296 493 1381 ὁλόκληρος
507 1305 552 1383 τῷ
563 1297 716 1383 πνεύματι
726 1301 781 1364 καὶ
792 1309 831 1384 τῇ
848 1299 936 1384 ψυχῇ
950 1301 1005 1363 καί
1056 1303 1230 1366 nimirum.
1246 1305 1274 1366 A
1291 1321 1344 1366 me
1367 1319 1447 1365 vero
1470 1303 1613 1383 requirit
1636 1303 1807 1381 integram

255 1412 299 1489 τῷ
317 1403 453 1488 σώματι·
469 1402 505 1468 ἵν’
522 1403 597 1467 αἰνῶ
609 1405 662 1468 τὸν
674 1403 765 1487 Θεὸν,
782 1403 824 1481 ὡς
839 1403 873 1468 ἐν
885 1404 1006 1490 τυμπά-
1052 1407 1279 1484 sanctitatem,
1303 1410 1342 1468 ut
1356 1407 1493 1468 omnino
1515 1411 1606 1469 totus
1629 1406 1709 1469 fiam
1732 1425 1807 1470 san-

255 1527 308 1592 νιρ,
325 1517 364 1592 τη
380 1505 530 1591 νεκριθσει
544 1517 599 1571 τοῦ
620 1506 775 1592 σώματος,
799 1510 868 1573 είτα
882 1508 1006 1595 δυνηθῶ
1050 1513 1125 1572 ctus
1141 1511 1176 1572 in
1192 1511 1326 1591 spiritu,
1344 1511 1380 1572 in
1404 1509 1518 1572 anima
1543 1514 1578 1572 et
1599 1511 1635 1572 in
1651 1527 1806 1592 corpore3

255 1611 435 1698 συμφωνίαν
465 1620 609 1697 ποιῆσαι,
638 1610 680 1690 ὡς
707 1610 899 1696 ψαλτηρίου,
928 1615 1005 1698 πρὸς
1049 1613 1139 1676 unde
1165 1616 1215 1677 sic
1237 1615 1307 1676 Deo
1337 1632 1471 1692 canam,
1502 1617 1576 1676 turn
1592 1616 1628 1678 in
1646 1619 1807 1696 tympano

255 1715 387 1800 κιθάραν
402 1724 457 1779 τοῦ
470 1713 662 1801 Πνεάματος,
678 1718 754 1799 πρὸς
774 1717 832 1800 τὴν
848 1717 1003 1802 textui)
1049 1735 1110 1797 per
1135 1719 1287 1797 corporis
1315 1718 1621 1800 mortificationem,
1649 1722 1723 1781 tum
1750 1736 1806 1781 va-

253 1820 338 1883 κατὸι
350 1821 402 1884 τὸν
415 1817 592 1882 ἀπόστολον
604 1819 682 1903 πρὸς
696 1821 750 1884 τὸν
761 1821 937 1903 νοῦν,·ιῖιστε
953 1817 1002 1884 λὲ-
1051 1821 1140 1884 leam
1153 1825 1353 1884 concentum
1362 1839 1528 1900 exercere,
1540 1823 1637 1902 quasi
1649 1840 1710 1904 per
1720 1824 1806 1903 psal·

259 1943 336 2008 γειν·
349 1922 674 2009 Ψαλάιτῷπνεύματι,
688 1923 779 2008 ψαλῶ
791 1923 888 1989 δὲκαὶ
900 1931 1003 2010 τῷνῷ.
1051 1925 1178 1987 terium
1202 1930 1235 1987 et
1265 1926 1404 2007 spiritus
1427 1925 1593 1988 citharam
1619 1927 1653 1989 in
1681 1928 1805 2006 anima,

1052 2029 1123 2091 sive
1135 2028 1236 2108 juxta
1251 2031 1440 2109 apostolum
1457 2029 1492 2091 in
1508 2030 1647 2112 spiritu3
1670 2049 1712 2093 cx
1735 2047 1802 2111 quo

1051 2119 1163 2196 dicere
1179 2133 1302 2197 fassit:
1322 2155 1338 2192 ιι
1352 2134 1498 2218 Ρουίίοιυ
1510 2135 1643 2214 spiritu,
1664 2136 1805 2215 psallam

1051 2243 1085 2300 et
1101 2241 1224 2300 menta.
1242 2257 1259 2296 »

300 2339 486 2425 Ψαλτψριον
505 2341 600 2406 πάλιν
615 2342 650 2404 τὸ
667 2340 758 2426 σῶμά
781 2363 858 2427 ρησι
881 2343 932 2408 aa
946 2344 1005 2428 την
1094 2343 1222 2404 Rursus
1230 2341 1429 2422 psalterium
1437 2344 1666 2421 vocatcorpus
1675 2342 1717 2404 ob
1726 2343 1806 2404 insi·

257 2443 430 2530 γενομένην
457 2443 608 2529 ἁρμονίαν
639 2447 693 2508 καὶ
716 2445 898 2530 συμφωνίαν
926 2451 1004 2531 πρὸς
1050 2449 1119 2508 tam
1132 2446 1343 2508 harmoniam
1356 2451 1390 2509 et
1400 2445 1613 2508 concordiam
1629 2447 1718 2509 inter
1734 2463 1803 2509 cor·

256 2552 340 2635 αθτῷ
356 2559 413 2634 τῆς
429 2550 544 2634 ψυχῆς,
560 2551 611 2614 ίνα
626 2551 725 2634 ἄρτιοι
739 2549 890 2634 γένωνται
903 2550 932 2614 οἱ
948 2561 1004 2615 τοῦ
1049 2568 1113 2631 pus
1125 2554 1158 2613 et
1169 2551 1327 2630 animam,
1337 2549 1467 2613 utbene
1480 2551 1638 2612 instructi
1650 2549 1735 2612 fiant
1746 2550 1804 2612 ho-

257 2651 341 2718 Θεοῦ
356 2652 520 2736 ἄνθρωποι,
538 2654 592 2716 καί
607 2654 662 2730 τὰς
679 2653 784 2738 ψυχάς
803 2653 1004 2731 ἀνατιθέντες
1049 2657 1158 2719 mines
1171 2656 1242 2737 Dei,
1255 2658 1314 2737 qui
1327 2657 1457 2720 animae
1469 2657 1539 2719 Deo
1552 2660 1802 2735 consecrarunt,

184 2781 189 2784 ·
258 2765 302 2841 τῷ
318 2755 389 2844 Θεῷ
401 2759 455 2822 καὶ
467 2759 502 2821 τὸ
515 2765 614 2840 σῶμα,
627 2758 664 2821 οὐ
675 2767 719 2842 τῷ
730 2756 849 2843 κόσμῳ,
866 2757 950 2824 ἀλλὰ
961 2769 1005 2845 τῷ
1050 2764 1084 2823 et
1113 2746 1252 2842 corpus,
1285 2779 1353 2825 non
1386 2760 1535 2840 munda,
1575 2760 1633 2823 sed
1663 2761 1806 2823 Domino

256 2859 373 2945 Κυρίῳ.
391 2899 431 2908 -
448 2859 619 2944 Τάμπανον
641 2861 676 2925 δὲ
698 2861 832 2947 ὄργανόν
858 2863 941 2928 ἐστιν
967 2863 1006 2927 ἐκ
1049 2868 1228 2927 voverunt.
1258 2868 1471 2947 'lympanum
1497 2881 1577 2926 vero
1601 2869 1652 2927 est
1683 2865 1806 2928 instru-

255 2964 418 3048 δερμάτων
432 2963 651 3049 πεποιημένον.
666 2963 761 3049 Λέγει
774 2967 839 3030 οὖν·
854 2965 1006 3051 Ὑπψκοοι
1050 2974 1203 3032 mentum
1220 2985 1262 3031 ex
1283 2969 1430 3050 pellibus
1446 2973 1668 3048 compactum.
1697 2969 1808 3045 Igitur

256 3078 320 3145 τοῖς
343 3067 435 3145 θείοις
457 3067 571 3152 νόμοις
583 3068 754 3154 γενόμενοι,
778 3069 1005 3154 παραστήσατε
1052 3075 1117 3136 ait:
1150 3074 1314 3136 Auditum
1345 3071 1471 3134 divinis
1508 3070 1627 3134 dantes
1656 3069 1807 3149 legibue,

253 3173 294 3236 τὰ
310 3171 442 3258 σώματα
464 3173 548 3256 ὑμῶν
564 3171 671 3238 θυσίαν
695 3173 809 3256 ζῶσαν,
834 3173 1004 3258 εὐάρεστον
1053 3179 1241 3260 «apponite
1272 3193 1413 3257 corpora
1439 3179 1553 3238 vestra
1583 3175 1728 3238 hostium
1758 3175 1807 3236 vi-

256 3287 299 3360 τῷ
315 3274 649 3361 Θεῷ.-Προστάττει
661 3275 809 3362 δέχεσθαι
822 3279 877 3362 μὲν
891 3278 1006 3356 ἀκοαῖς
1051 3285 1198 3360 ventem,
1226 3281 1295 3342 Deo
1323 3281 1552 3359 placentem.»
1581 3280 1804 3360 —Recipere
1890 3303 1891 3306 ¹

255 3383 314 3465 τὴν
330 3389 391 3444 τῶν
406 3379 508 3465 λόγων
524 3381 739 3464 διδασκαλίαν,
764 3381 881 3448 διδόναι
897 3383 931 3448 δὲ
947 3387 1005 3470 την
1051 3384 1191 3447 auribus
1237 3384 1389 3463 praecipit
1424 3400 1622 3445 sermonum
1657 3382 1806 3445 didasca-
1932 3381 1935 3388 ’

258 3483 310 3548 διὸ
333 3494 388 3548 τοῦ
411 3483 556 3568 σώματος
578 3485 698 3569 πρᾶξιν.
715 3484 838 3551 aeaeis
858 3488 1006 3555 διδασκα-
1051 3489 1142 3566 liam,
1159 3505 1198 3549 ac
1214 3487 1293 3550 dare
1309 3488 1461 3567 corporis
1481 3488 1724 3568 operationem.
1748 3488 1807 3549 Su·

258 3586 329 3654 λίαν
344 3589 569 3672 πνευματικὴν.
587 3589 640 3652 καὶ
656 3587 727 3653 δότε
739 3587 888 3674 νέκρωσιν
905 3590 1007 3676 μελῶν
1052 3592 1134 3654 mite
1165 3591 1377 3672 spiritualem
1409 3589 1636 3670 disciplinam,
1667 3596 1701 3653 et
1730 3590 1806 3652 date

268 3701 330 3758 τῶν
345 3693 396 3757 ἐπὶ
411 3701 469 3777 Τάς
484 3701 555 3778 tls·
1053 3701 1265 3758 terrenorum
1281 3695 1510 3758 membrorum
1533 3713 1650 3758 necem
1673 3700 1807 3775 sponta-

739 3845 747 3862 .
1057 3817 1165 3862 neam.

299 3925 332 3970 v.
344 3895 379 3968 ’4.
396 3901 577 3969 Σαλπίοατε
593 3904 627 3969 ἐν
642 3902 792 3990 νεομηνία
808 3904 969 3991 σάλπιγγι.
1096 3921 1127 3965 ν.
1144 3904 1174 3965 4.
1191 3903 1366 3969 Buteinute
1381 3903 1419 3968 in
1434 3902 1596 3968 nemenio
1612 3901 1695 3966 tuto.

297 4003 421 4091 Ὥσπερ
443 4007 543 4071 πάλαι
565 4009 642 4072 ποτὲ
665 4007 829 4094 δἸσραίγλ
851 4009 1004 4093 αἰσθητὸς
1099 4009 1193 4070 Sicut
1219 4009 1301 4070 olim
1330 4010 1445 4088 Israel,
1473 4009 1604 4070 tactiles
1631 4024 1807 4073 assumens

252 4109 422 4197 λαμθάνων
436 4111 613 4197 σάλπιγγας
629 4113 662 4177 ἐν
678 4121 716 4196 τῇ
732 4112 893 4198 νεομηνία,
910 4112 1004 4178 saer·
1051 4110 1162 4190 tubas,
1185 4112 1368 4192 aliqnando
1391 4113 1427 4176 in
1450 4113 1628 4174 neomenia
1650 4112 1813 4192 buccina-x

255 4237 355 4296 πισεν,
368 4227 459 4279 τοῦτο
472 4213 660 4301 πρόσταγμα
675 4216 847 4294 δεδωκότος
861 4215 1006 4297 Θεοῦ,εἰς
1053 4218 1120 4296 bat,
1140 4215 1242 4296 juxta
1264 4217 1324 4279 Dei
1340 4221 1556 4297 praeoeptum,
1581 4221 1620 4278 ut
1645 4220 1808 4278 testaren-

255 4319 422 4404 μαρτύριον
437 4329 494 4382 τοῦ
509 4317 756 4404 ἐλευθερωθῆναι
771 4320 885 4396 αὐτοὺς
900 4330 958 4405 τῆς
973 4320 1007 4400 ἐξ
1052 4328 1109 4385 tur
1141 4339 1176 4384 sc
1213 4338 1284 4384 esse
1307 4311 1349 4383 ab
1371 4321 1510 4402 AEgypti
1536 4322 1700 4384 servitute
1726 4319 1808 4382 libe-

254 4419 416 4507 Αἰγθπτου
439 4421 601 4499 δουλείας·
624 4425 705 4486 οὕτω
731 4425 785 4487 καί
800 4423 817 4486 δ
834 4422 902 4500 νέος
925 4422 1002 4502 λαὸς
1054 4431 1156 4505 τοίου,
1184 4427 1232 4489 ita
1255 4430 1288 4487 et
1311 4443 1418 4488 novus
1442 4428 1596 4506 populns,
1621 4425 1702 4487 dum
1724 4424 1808 4487 tuba

254 4537 293 4612 τῇ
323 4525 514 4612 εὐαγγελικῇ
545 4525 706 4611 χρώμενος
733 4525 892 4612 σάλπιγγι,
922 4529 962 4611 ἧς
988 4528 1006 4592 ό
1051 4533 1187 4595 insonat
1201 4530 1409 4608 evangelica,
1425 4529 1526 4609 cujus
1548 4547 1656 4593 sonus
1679 4530 1714 4591 in
1738 4545 1807 4590 om·

256 4631 393 4719 φθόγγος
406 4632 451 4708 εἰς
462 4639 568 4696 πᾶσαν
583 4631 642 4715 την
654 4638 716 4716 γῆν
727 4628 867 4714 ἐξῆλθεν,
883 4629 1009 4695 κελευέ-
1051 4653 1130 4699 nem
1142 4641 1267 4698 terram
1280 4634 1458 4716 increpuit,
1469 4633 1613 4713 jubetur
1626 4634 1662 4697 in
1674 4649 1807 4696 neome-

288 4880 315 4926 v.
328 4869 354 4924 8.
370 4869 417 4925 Ab
436 4868 521 4924 initio
540 4885 577 4924 ax
595 4867 698 4924 eodem
715 4865 778 4922 cod
791 4867 919 4922 morant.
939 4866 1008 4922 dein
1052 4869 1163 4926 editum
1175 4870 1206 4924 in
1218 4869 1339 4940 vulgato
1353 4868 1527 4939 Athanasio,
1544 4867 1653 4923 Patrol.
1667 4867 1722 4922 ool.
1741 4867 1806 4923 368-

252 4953 319 5012 Vct.
331 4957 358 5026 2,
376 4957 402 5026 3,
419 4958 446 5025 4,
464 4958 490 5012 θ.
509 4955 631 5011 Addunt
648 4954 731 5010 codd.
749 4953 843 5009 nostri
861 4953 1008 5027 prolixum
1052 4957 1112 5012 364.
1127 4955 1170 5010 Of.
1185 4957 1199 5010 1
1214 4955 1278 5011 Gor.
1293 4973 1357 5026 xrv,
1370 4958 1412 5012 15.
1426 4955 1504 5012 Phil.
1517 4954 1557 5022 iv,
1571 4955 1612 5008 18.

253 5043 500 5113 commentarium,
519 5059 605 5116 quem
623 5059 702 5114 aegre
721 5039 886 5112 omisimus,
905 5046 1007 5114 utpote
1087 5061 1115 5101 ν.
1127 5042 1153 5095 4.
1167 5042 1234 5099 Vnt.
1249 5043 1289 5098 14.
