4006 6090
829 491 873 555 IN
896 489 1083 555 PSALMOS
1664 491 1729 554 345

185 637 243 714 της
257 628 344 714 ζωης
366 628 468 693 αύτύν
482 627 539 705 τθις
554 625 686 714 ήμέρας,
703 627 863 714 εύρύθμως
877 629 933 692 καί
978 629 1104 711 quibus
1115 631 1240 694 secula
1251 629 1479 692 continentur.
1495 665 1533 674 -
1551 630 1595 694 lit
1609 647 1727 694 omnes

186 733 370 811 εύιτλάστως
382 734 488 811 αὐτοῖς
500 731 661 819 διήγαγεν,
674 732 716 811 ios
732 732 887 820 μηδεμίαν
897 729 934 816 ή-
978 732 1057 796 vita
1080 733 1217 796 illorum
1241 734 1313 798 dies
1334 751 1412 797 cum
1438 751 1478 797 ea
1500 733 1627 799 ordinis
1643 740 1676 798 et
1692 753 1727 798 o-

185 835 286 923 μίραν
301 839 416 915 αύτούς
437 837 592 924 ύιοπονή
616 836 779 904 ἄπλαστον
797 835 933 923 ἰσχηκί-
977 837 1067 916 peris
1089 836 1343 918 pulchritudine
1373 836 1549 928 disposuit,
1584 843 1624 902 ut
1648 841 1727 902 nul-

184 962 246 1008 ναι.
978 940 1049 1002 lum
1065 941 1154 1004 diem
1174 940 1331 1022 habeant,
1359 943 1431 1006 sive
1455 943 1726 1024 incompositum,

976 1046 1049 1108 sive
1065 1046 1255 1108 intormem.

227 1149 273 1216 Τὸ
289 1148 383 1237 μήπω
398 1149 539 1238 πραχθέν
556 1172 617 1237 μοι,
633 1153 738 1236 φησίν,
752 1151 870 1240 ύςήύη
882 1175 931 1220 τι-
972 1145 984 1156 “
1021 1148 1115 1223 Quod
1132 1148 1281 1212 nondum
1295 1150 1380 1213 mihi
1391 1151 1582 1215 conlectum
1595 1155 1656 1232 est,
1668 1153 1727 1231 ait,

181 1253 293 1320 λεσθὲν
314 1255 463 1342 καθορᾷς,
479 1258 534 1320 καί
556 1255 628 1334 τούς
647 1275 682 1321 τε
698 1253 792 1344 μήπω
807 1245 933 1343 τεγθέν-
975 1256 1150 1335 tamquam
1169 1253 1241 1334 jam
1263 1255 1449 1336 perlectum
1473 1256 1676 1336 consideras,
1692 1260 1726 1319 et

180 1377 239 1434 τας
254 1356 296 1435 ύις
317 1356 382 1445 ήδη
405 1357 574 1445 ταχθέντας
596 1355 772 1425 ἐπίστασαι.
796 1359 933 1448 Δύναται
976 1358 1108 1438 eosqui
1125 1358 1275 1421 nondum
1293 1361 1364 1422 nati
1377 1363 1467 1439 sunt,
1482 1365 1654 1441 tamquam
1666 1360 1727 1424 du-

180 1459 216 1525 δὲ
231 1461 368 1528 νοεῖσθαι
383 1461 479 1548 διχῶς
498 1464 533 1528 τὸ
555 1461 805 1549 [ἀκατίργαστύν
821 1467 929 1553 paup
975 1460 1057 1525 dum
1088 1467 1184 1526 natos
1214 1465 1416 1542 cognovisti.
1449 1465 1585 1546 Duplici
1611 1471 1725 1529 autem

178 1565 228 1651 τὸ]
245 1566 367 1631 ἄκακον
382 1568 437 1630 καί
459 1566 619 1652 ἀπύνηρον
633 1569 688 1632 καί
702 1567 930 1655 ἀνεξέργαστον
975 1565 1074 1628 modo
1089 1567 1242 1646 intelligi
1265 1573 1376 1649 potest
1390 1568 1594 1649 inoperatum
1608 1585 1723 1648 αιριιρι,

182 1690 242 1755 μου
265 1671 373 1756 ἔργον,
397 1673 419 1757 ή
450 1669 608 1756 περίνοιαν
635 1669 795 1757 ὀφείλεται
815 1673 929 1760 λέγειν,
975 1672 1029 1734 vel
1046 1688 1129 1752 opus
1147 1673 1332 1736 innocuum
1349 1679 1383 1736 et
1400 1675 1542 1737 malitiae
1554 1692 1672 1756 expers
1687 1693 1727 1738 ac

181 1773 223 1851 ὡς
239 1773 274 1839 τό
288 1794 296 1811 ·
312 1774 450 1840 Εῐδοσαν
465 1774 494 1840 oi
509 1757 666 1862 ὀφθαλμοί
679 1797 750 1862 μου,
765 1779 820 1843 καί
832 1777 883 1844 iul
893 1781 930 1845 τὸ
974 1775 1124 1839 nondum
1148 1783 1323 1859 operatum
1346 1780 1401 1842 vel
1424 1777 1458 1840 id
1482 1778 1523 1842 de
1547 1779 1725 1842 intellectu

181 1875 299 1964 βιύλίον
321 1900 379 1944 σου
404 1878 519 1958 πάντες
540 1879 769 1966 γραφήοονται,
792 1883 849 1948 καί
870 1884 930 1949 obs
973 1885 1105 1962 oportet
1120 1880 1240 1962 dicere,
1252 1886 1292 1945 nt
1304 1882 1405 1946 illud:
1426 1882 1620 1946 «Viderunt
1634 1885 1725 1947 oculi

180 1983 265 2066 ἔστι,
288 1984 393 2068 φησὶν,
417 1985 434 2048 h
456 1986 499 2069 μή
523 1983 683 2072 συνίεις,ή
706 1984 853 2052 λανθάνει
875 2007 930 2052 σε·
973 1985 1052 2064 mei,
1075 1989 1109 2048 et
1124 1980 1160 2047 in
1183 1986 1270 2049 libro
1292 1991 1351 2050 tuo
1368 2003 1484 2050 omnes
1499 1988 1723 2052 scribentur»

180 2085 264 2152 ἀλλὰ
278 2089 333 2152 καί
347 2089 390 2153 τα
412 2085 568 2174 μέλλοντα
582 2087 756 2173 γινώσκεις,
771 2091 827 2155 καί
843 2091 879 2155 τὸ
895 2091 930 2156 ύ-
973 2107 1013 2150 ιιο
1024 2088 1111 2154 nihil
1123 2096 1183 2171 est,
1196 2091 1254 2171 ait,
1267 2092 1357 2172 quod
1369 2108 1436 2155 uon
1450 2091 1635 2172 intelligas,
1651 2093 1723 2155 sive

179 2189 280 2259 κακόν
304 2212 363 2278 μου
386 2191 483 2275 οἶδας,
505 2192 590 2271 ὅπως
612 2191 725 2278 ἀγνοίᾳ
747 2192 926 2280 ἠπάτημαι,
973 2193 1119 2276 quodie
1142 2196 1262 2259 lateat:
1286 2198 1371 2280 quin
1395 2197 1499 2261 immo
1533 2196 1649 2261 futura
1670 2213 1724 2260 co-

179 2301 292 2385 καὶτῷ
307 2295 437 2383 ἀλήστιρ
459 2307 517 2384 της
540 2297 666 2385 μνήμης
688 2319 745 2365 σου
767 2298 883 2378 πάντες
898 2299 928 2364 oi
972 2300 1120 2380 grossis,
1136 2303 1170 2363 et
1184 2299 1301 2364 vidisti
1316 2301 1479 2364 innocens
1490 2319 1576 2383 opus
1595 2318 1721 2381 meum,

178 2401 325 2490 λογισμοί
338 2424 397 2490 μου
412 2401 664 2488 ίνσημαίνονται.
972 2401 1063 2482 quod
1084 2401 1281 2481 ignorantia
1296 2406 1445 2487 peccavi,
1461 2409 1496 2470 et
1518 2407 1554 2469 in
1569 2411 1631 2468 tua
1653 2423 1722 2470 rne-

972 2507 1080 2570 moria
1103 2523 1179 2588 quas
1192 2509 1347 2574 oblivisci
1365 2510 1483 2591 nescit,
1496 2527 1614 2574 omnes
1629 2511 1724 2588 cogi-

971 2611 1117 2676 tationes
1132 2631 1216 2677 meae
1231 2615 1319 2697 st'ylo
1335 2613 1566 2679 recensentur.

227 2735 259 2781 ν.
278 2717 327 2781 17.
344 2714 435 2803 Ἐμοί
454 2716 490 2781 δὲ
503 2715 575 2784 λίαν
590 2717 826 2806 ἐπετιμήθησαν
837 2719 865 2784 oi
880 2717 929 2806 φί-
1015 2733 1048 2778 v.
1065 2717 1116 2779 17.
1132 2714 1220 2781 Mihi
1239 2722 1346 2782 αιιίοιιι
1359 2719 1462 2784 nimis
1475 2720 1625 2784 Ιιοιιιιναίί
1644 2722 1724 2784 mss

181 2817 230 2883 λοι
244 2840 312 2901 σου,
329 2819 347 2882 θ
362 2819 452 2902 Θεὸς,
468 2820 540 2889 λίαν
553 2821 857 2909 ἐκραταιύθηοαναί
873 2825 928 2910 ἀρ-
971 2819 1070 2884 amici
1097 2821 1159 2902 tui,
1184 2823 1283 2902 nac,
1311 2823 1413 2889 nimis
1438 2823 1615 2907 confortati
1643 2827 1722 2888 sunt

178 2923 236 3010 χαί
251 2925 364 2989 αὐτῶν.
964 2923 1308 3004 principalissimam.

219 3022 351 3114 Ὅμοιον
373 3027 427 3093 τό·
442 3026 480 3094 Ὁ
502 3029 673 3115 δεχόμενος
687 3030 857 3117 προφήτην
881 3032 925 3111 εἰς
1015 3029 1131 3092 Simile
1148 3029 1210 3092 hoc
1225 3035 1292 3094 est:
1319 3033 1413 3107 «Qui
1436 3033 1559 3114 recipit
1579 3031 1722 3114 prophe-

154 3201 161 3208 ,
175 3131 276 3217 ὄνομα
289 3131 463 3218 προφήτου,
480 3133 588 3219 μισθὸν
606 3133 771 3220 προφήτου
786 3134 924 3223 δέχεται.
970 3136 1040 3195 tum
1052 3133 1088 3196 in
1100 3135 1237 3197 nomine
1249 3135 1430 3216 prophetie,
1445 3135 1635 3199 mercedem
1648 3152 1722 3218 pro-

176 3234 216 3301 Οἱ
230 3233 316 3321 φίλοι
338 3259 395 3303 σου
410 3236 482 3303 λίαν
503 3238 774 3324 θκραταιύιθηααν,
797 3239 867 3306 ἀνθ’
881 3243 926 3308 ὧν
969 3235 1080 3318 phetae
1095 3238 1271 3319 recipiet.»
1290 3239 1398 3302 Amici
1411 3241 1463 3301 tui
1476 3240 1580 3302 nimis
1591 3239 1721 3304 contor-

176 3359 215 3426 με
230 3339 434 3426 παρήγαγες·
449 3343 509 3407 οὐκ
524 3343 601 3407 ὄντα
615 3344 670 3407 καί
689 3344 844 3430 γεγονότα
858 3345 925 3412 δια.
969 3343 1032 3404 tati
1047 3347 1138 3422 sunt,
1154 3358 1300 3424 quorum
1317 3345 1352 3406 in
1368 3345 1441 3407 loco
1457 3361 1511 3406 me
1526 3343 1697 3408 adduxisti
1710 3364 1719 3425 3

173 3454 311 3531 κρατεῖς,
328 3449 401 3525 τοὺς
416 3449 491 3526 σούς
506 3445 615 3533 φίλους
630 3457 717 3534 τιμῶ.
828 3517 831 3526 ,
968 3448 1041 3510 sive
1065 3462 1140 3527 quae
1163 3463 1230 3510 uon
1245 3454 1337 3527 sunt,
1360 3449 1433 3510 sive
1456 3465 1534 3530 qum
1555 3450 1718 3528 existunt,

839 3567 842 3574 ’
970 3569 1040 3614 una
1065 3555 1170 3615 tenes.
1197 3553 1287 3634 (loos
1310 3553 1436 3617 amicos
1460 3552 1586 3616 honore
1609 3569 1721 3633 prose·

971 3671 1066 3736 quor.

216 3779 248 3825 v.
264 3763 317 3826 20.
332 3756 406 3826 Ὀτι
420 3759 540 3846 ίρισταί
554 3763 625 3828 ἐστε
648 3763 692 3842 είς
707 3763 921 3852 διαλογισμὸν,
1012 3779 1044 3824 v.
1062 3759 1114 3824 20.
1134 3759 1216 3837 ocia
1238 3759 1379 3842 litipiosi
1392 3760 1474 3826 estis
1494 3761 1532 3824 ιἰι
1554 3762 1717 3844 οορύίαίύο-

173 3861 330 3949 λήψονται
345 3867 389 3943 εἰς
406 3865 602 3952 ματαιότητα
612 3869 670 3946 τας
686 3868 793 3948 πόλεις
809 3891 877 3936 σου.
967 3885 1017 3948 ne,
1035 3865 1194 3948 ατοιρίοιιί
1206 3867 1243 3929 in
1257 3866 1401 3929 vanitate
1416 3865 1564 3931 deitates
1579 3869 1664 3931 ίιιαε.

217 3969 295 4035 Ἐὰν
309 3971 382 4055 γὰρ,
405 3973 511 4057 φησὶν,
526 3973 675 4058 ἐριστικοί
696 3995 776 4053 τινες
791 3977 847 4039 καί
871 3997 924 4041 σο-
1013 3971 1165 4049 sienim,
1189 3971 1312 4050 inquit,
1336 3971 1480 4048 litigiosi
1502 3971 1659 4034 nonnulli
1682 3974 1717 4033 et

172 4075 280 4157 φισταί
298 4074 439 4140 διώκοιεν
461 4076 556 4162 ἡμᾶς,
573 4079 864 4163 συναναρκίιζοντες
888 4082 922 4146 ἕν
968 4077 1126 4160 sophistes
1142 4093 1203 4140 nos
1218 4077 1387 4157 persecuti
1401 4074 1541 4157 fuerint,
1557 4077 1719 4140 vellicen-

170 4198 228 4243 τινι
243 4177 328 4264 ῥητῷ
350 4188 407 4265 της
421 4189 558 4266 γραφης,
580 4183 657 4268 ὅπερ
680 4183 821 4270 εἴρηται·
844 4187 922 4270 πρὸς
968 4187 1019 4246 tes
1046 4199 1107 4246 nos
1131 4184 1166 4246 in
1189 4183 1305 4262 aliquo
1321 4182 1503 4262 Scripturoe
1529 4181 1641 4262 verbo,
1666 4181 1717 4244 uti

171 4282 282 4368 ἑτέραν
296 4284 428 4369 φεύγετε
440 4284 533 4367 λέξιν,
547 4285 585 4350 ἐκ
595 4287 657 4373 γὰρ
669 4296 727 4372 της
738 4288 791 4352 διὰ
803 4288 924 4373 cupii·
967 4288 1134 4371 scripturn
1149 4291 1217 4350 est:
1244 4308 1261 4346 ιι
1275 4289 1302 4348 Α
1317 4286 1455 4349 civitate
1471 4303 1540 4349 una
1555 4285 1666 4364 fugite
1683 4286 1718 4354 in

171 4387 326 4472 ληλατων
338 4388 442 4473 ῥητῶν
453 4389 584 4474 κρίσεως
596 4392 632 4455 τὸ
644 4390 836 4477 ζητούμενον
847 4390 923 4458 ἀνα·
967 4394 1109 4456 alteram
1135 4392 1338 4456 civitatem»
1367 4390 1439 4454 sive
1462 4391 1661 4454 lectionem:
1686 4408 1718 4453 e-

170 4492 323 4579 φαίνεται.
340 4491 387 4559 Ob
402 4495 445 4580 μή
460 4494 533 4578 γθιρ,
551 4497 638 4579 φησί,
660 4494 845 4580 πληρώσετε
862 4497 922 4562 τιθ-
968 4498 1075 4561 tenim
1106 4513 1148 4560 ex
1174 4495 1341 4560 scrutinio
1371 4496 1536 4558 similium
1567 4496 1718 4560 locorum

170 4621 229 4677 σας
243 4601 300 4678 τὰς
323 4599 457 4684 γραφὰς,
474 4596 580 4676 πόλεις
604 4601 700 4675 οὔσας
715 4609 770 4664 τοῦ
794 4600 920 4688 ίοραήλ,
968 4603 1180 4679 collatorum,
1203 4598 1294 4680 quod
1317 4599 1492 4680 queritur,
1516 4598 1717 4662 declaratur.

170 4705 230 4784 ἕως
245 4705 284 4770 ἂν
301 4703 376 4788 ἔλθη
393 4703 410 4768 ὁ
425 4703 489 4782 υίὸς
505 4712 560 4768 τοῦ
576 4701 755 4794 ἀνθρώπου,
768 4705 828 4790 τήν
842 4703 921 4790 ἀλή-
969 4706 1181 4786 «Nunquam
1204 4704 1314 4782 enim,
1345 4702 1475 4785 inquit,
1506 4703 1718 4784 complebitis

170 4809 257 4875 θειαν
272 4807 444 4894 ἐκλάμπων
465 4807 551 4893 ήμῐν.
576 4806 703 4886 Ταύτας
725 4808 781 4872 ούν
796 4810 852 4885 τίις
867 4809 923 4875 ui-
966 4826 1083 4873 omnes
1103 4807 1293 4888 Scripturas
1307 4826 1336 4884 ν,
1359 4821 1435 4886 quae
1457 4810 1539 4869 sunt
1561 4807 1716 4872 civitates
1819 4860 1824 4873 .

169 4913 234 4993 λεις
248 4915 294 4990 εἰς
316 4911 513 5000 ματαιότητα
527 4909 741 4996 λαμύθνουσιν
761 4911 920 4998 αίρετικοί,
971 4912 1076 4978 lsrael
1101 4910 1237 4976 «donec
1263 4911 1380 4974 veniat
1404 4910 1497 4974 tilius
1524 4910 1714 4990 hominis»

207 5135 235 5178 τ.
249 5119 291 5174 17.
304 5118 372 5175 Vct-⁴
384 5118 409 5173 5.
422 5115 529 5174 Matth.
543 5135 573 5188 x,
584 5117 629 5174 41.
965 5113 1083 5190 pruritu
1100 5112 1268 5188 Scripturas
1285 5113 1442 5172 rimantem
1459 5112 1555 5188 digito
1572 5113 1718 5188 Origenes
1778 5131 1781 5140 “

203 5223 231 5266 v.
244 5205 288 5262 θθ.
304 5203 372 5262 Vat.
385 5203 411 5261 5.
425 5203 474 5262 An
489 5201 607 5264 Celsum
617 5202 780 5278 sophistam
789 5203 921 5278 litigioso
970 5200 1322 5265 caturcensibus
1335 5202 1421 5275 κ,θθ.
