4020 6098
737 443 782 507 IN
804 440 1003 507 PSALMUM
1029 439 1162 505 CXVIII
1647 446 1717 510 257

182 589 269 652 οὗτοι
283 585 342 651 οὐκ
356 585 446 652 ἐῶσιν
462 584 557 650 αδτδν
579 581 712 660 σκολιῶς
732 582 861 667 δδείειν,
879 583 928 647 οὐ-
971 585 1183 648 seminantur
1204 581 1239 646 iu
1261 581 1386 648 divinis
1409 586 1600 668 Scripturis.
1616 588 1659 652 Hi
1683 606 1716 651 e-

183 690 219 758 δέ
241 699 380 755 τοιοῦτον
401 687 556 774 γενέσθαι,
577 687 657 752 ὥστε
680 689 794 754 εἰπεῖν·
810 685 929 772 Ἀμαμ-
972 688 1043 751 uim
1055 688 1152 751 modo
1163 692 1351 768 servantur,
1360 705 1426 751 uon
1434 690 1553 754 sinunt
1564 678 1714 755 tortuose

183 795 253 872 τίας
265 791 413 876 νεότητός
425 813 485 878 μου
498 793 541 878 μὴ
554 790 704 877 μνήσθης.
717 790 855 878 Ἀγαθὸν
865 792 928 876 γάρ
972 790 1157 870 ambulare,
1180 807 1289 873 neque
1312 791 1391 856 talis
1412 809 1484 856 esse
1508 799 1547 857 ut
1561 792 1714 858 dicatur:

182 897 279 981 ἀνδρί,
295 896 381 962 καθά
396 917 490 983 φησιν
501 899 519 961 ὀ
530 894 693 981 Ἱερεμίας,
710 896 786 960 δταν
800 896 861 980 ἀρη
875 896 928 961 τδν
976 896 1142 958 «Peccata
1152 893 1345 974 juventutis
1361 913 1445 958 meaa
1457 913 1499 959 ue
1511 898 1716 961 memineris.

183 1000 279 1088 ζυγὸν
293 1001 332 1066 ἐκ
346 1000 493 1086 νεότητος
509 1002 616 1064 αδτοῦ.
973 999 1104 1061 Bonum
1116 1005 1168 1062 est
1182 999 1322 1078 homini,
1349 1003 1388 1062 ut
1410 1001 1458 1062 ait
1483 1001 1660 1080 Ieremias,
1687 1001 1717 1064 si

974 1103 1160 1183 portaverit
1170 1100 1297 1181 jugum
1313 1102 1525 1182 ajuveutute
1541 1121 1643 1166 sua.»

227 1208 401 1297 Σύμμαχος
415 1217 526 1274 τοῦτον
540 1206 718 1294 ἡρμήνευσε
728 1209 783 1274 τὸν
798 1205 929 1291 τρόπον·
1018 1207 1240 1288 Symmachus
1263 1207 1326 1269 hoc
1351 1207 1449 1271 modo
1477 1208 1717 1289 interpretetus

182 1314 241 1382 Διά
254 1315 337 1391 τίνος
359 1313 532 1400 λαμπρύνει
546 1311 615 1390 νέος
630 1313 687 1389 τὰς
709 1312 800 1390 ὁδοὺς
816 1314 929 1396 αὐτοῦς
975 1315 1041 1374 est:
1060 1313 1154 1374 «Per
1167 1311 1251 1394 quod
1269 1311 1395 1378 οιλίιίσο
1408 1311 1518 1394 societ
1539 1312 1720 1379 adolescens

181 1416 343 1497 Ἐδίδαξεν
359 1417 406 1482 δτι
420 1417 542 1502 πολλῆς
558 1416 641 1481 ἐστιν
663 1414 860 1500 ἀκαθαρσίας
874 1414 930 1480 καί
973 1415 1046 1478 cios
1059 1419 1166 1481 moos?
1187 1416 1318 1479 Monuit
1333 1417 1465 1480 misceri
1482 1418 1518 1480 iu
1538 1417 1721 1497 juventute

182 1522 336 1608 ῥυπαρίας
347 1520 368 1606 ἡ
381 1520 491 1606 νεότης
504 1518 621 1606 μεστη·
637 1521 683 1584 διδ
698 1521 753 1584 καί
764 1519 863 1584 δεῐται
873 1539 930 1582 κα·
974 1519 1118 1580 multam
1130 1522 1354 1601 corruptelam
1368 1524 1402 1582 et
1412 1521 1620 1601 spurciciam,
1629 1520 1718 1585 uude

181 1627 331 1711 θάρσευς.
349 1625 451 1692 Τοῦτο
474 1627 528 1690 οὖν
550 1623 744 1708 ἐπιζητήσας
767 1624 848 1707 εὑρέ,
870 1644 930 1708 φη·
974 1621 1107 1699 Indiget
1118 1625 1330 1703 purgatione.
1339 1627 1390 1687 Tu
1402 1640 1495 1703 erge,
1506 1625 1564 1703 ait,
1574 1624 1609 1687 id
1619 1625 1648 1687 si
1664 1626 1716 1688 in·

183 1734 240 1814 σίν,
256 1735 310 1797 τὸν
324 1729 439 1816 τρόπον
461 1730 495 1796 έν
510 1737 554 1816 τῷ
573 1727 771 1814 φυλάξασθαι
792 1730 864 1805 τοὺς
879 1727 930 1792 λέ»
974 1725 1142 1806 quisierIs,
1158 1728 1267 1807 reperi
1281 1726 1435 1790 modum:
1457 1729 1500 1791 Io
1516 1726 1715 1793 eustodiendo

182 1857 257 1922 γους
273 1855 340 1900 σου.
973 1845 1132 1894 centones
1147 1833 1226 1894 uoco.
1506 1853 1509 1860 ·

227 1959 259 2004 ν.
278 1942 328 2004 10.
343 1937 398 2004 Ἐν
414 1936 472 2021 θλη
489 1934 605 2021 καρδίᾳ
617 1956 676 2023 μου
691 1931 868 2020 έξεζήτησά
881 1955 928 2015 σε,
1017 1935 1056 1996 V.
1074 1933 1125 1996 10.
1143 1935 1186 1996 Io
1197 1936 1258 1998 toto
1269 1933 1359 1999 corde
1370 1943 1436 1998 oreo
1447 1932 1609 2016 acquisivi
1624 1936 1663 2013 te,
1681 1950 1721 1998 oe

183 2046 226 2132 μὴ
243 2043 356 2129 ἀπῶση
373 2063 411 2130 με
425 2042 488 2106 ἀπὸ
510 2050 572 2107 τῶν
586 2040 721 2106 ἐντολῶν
736 2060 802 2104 σου.
973 2035 1113 2117 repelles
1126 2037 1477 2102 manducationis.

227 2147 381 2234 Ζητησεις
397 2149 425 2212 εί
445 2149 463 2211 δ
486 2146 567 2223 Θεδς
589 2146 711 2231 ἐνεργεῖ
726 2144 763 2207 τδ
785 2141 932 2228 ἀπυσθη-
1019 2141 1152 2214 Quaeres
1166 2159 1210 2203 au
1225 2141 1315 2204 Deus
1331 2140 1455 2204 efficiat
1482 2146 1521 2204 ut
1546 2158 1567 2203 a
1592 2138 1717 2203 divinis

183 2250 235 2319 ναί
250 2273 318 2316 τινα
331 2259 393 2317 τῶν
415 2249 511 2315 θείων
533 2248 686 2315 ἐντολῶν·
701 2246 743 2325 ὡς
765 2249 826 2332 γάρ
849 2266 931 2333 γινο-
973 2244 1149 2325 preceptis
1165 2245 1289 2325 aliquIs
1304 2249 1486 2309 avertatur.
1502 2245 1638 2308 Etenim
1664 2261 1720 2325 pe-

183 2353 277 2442 μένου
292 2354 344 2420 ἐπί
358 2375 443 2432 τινας
465 2361 520 2418 τοῦ
542 2352 694 2433 τοιούτου,
716 2353 758 2437 μὴ
783 2348 931 2437 βουλόμε-
975 2347 1070 2412 rinde
1086 2366 1125 2411 ac
1153 2348 1184 2411 si
1210 2349 1384 2412 nonnullis
1396 2347 1430 2412 id
1445 2348 1615 2428 acciderit,
1642 2365 1716 2430 pro·

181 2479 233 2538 νος
255 2461 332 2524 αὐτὸ
354 2457 507 2538 calcini
529 2454 694 2542 προφήτης
716 2452 820 2539 λέγει·
836 2453 926 2520 Ἐπεὶ
973 2452 1075 2532 pheta
1089 2451 1177 2514 idem
1192 2451 1464 2533 patirelugiens,
1476 2453 1538 2515 ait:
1562 2453 1716 2527 Quando-

182 2564 219 2628 oo
234 2562 399 2648 παρέργως
414 2560 559 2646 έζήτησά
581 2582 627 2642 σε,
644 2559 716 2624 ἀλλ’
727 2561 761 2625 ἐν
777 2559 835 2644 ὅλη
853 2579 929 2643 καρ-
975 2555 1111 2637 quidem
1119 2556 1209 2619 haud
1217 2555 1451 2637 perfunctorie,
1459 2557 1517 2619 sed
1525 2557 1560 2619 in
1569 2559 1639 2620 toto
1649 2575 1719 2621 cor·

181 2666 244 2752 δίᾳ,
259 2666 311 2731 διά
325 2675 419 2730 τοῦτο
440 2664 584 2750 ἀμεῖψαι,
602 2664 644 2749 μη
662 2661 868 2748 ἀπωσάμενός
892 2683 930 2749 με
974 2659 1015 2722 de
1030 2661 1200 2741 exquisivi
1214 2665 1258 2741 te,
1283 2660 1407 2723 idcirco
1434 2661 1543 2724 vicem
1560 2660 1659 2724 redde
1671 2679 1721 2724 re-

182 2769 245 2834 ἀπδ
260 2779 322 2836 τῶν
336 2768 471 2836 ἐντολῶν
487 2789 553 2848 σου,
567 2768 601 2834 ἐν
612 2775 656 2853 τῶ
668 2776 766 2834 ποιεῖν
780 2788 819 2854 με
830 2769 871 2833 τά
881 2769 931 2852 έρ-
974 2765 1151 2845 ciprooam,
1166 2781 1220 2828 me
1236 2781 1303 2828 nou
1319 2766 1484 2846 repellens
1508 2783 1529 2828 a
1551 2765 1733 2844 mandatis⁴

181 2896 225 2961 γα
239 2873 367 2960 Κυρίου,
383 2870 509 2959 ἀμελῶς
523 2870 567 2937 δέ.
974 2869 1054 2947 tuis,
1069 2869 1222 2949 quaudiu
1248 2885 1349 2950 opera
1364 2869 1499 2932 Domini
1514 2867 1610 2948 iccio,
1629 2867 1720 2932 haud

974 2971 1047 3035 sine
1063 2972 1224 3036 socordia.

224 3103 256 3149 v.
275 3084 325 3147 11.
341 3081 397 3148 Ἐν
411 3091 451 3167 τῇ
473 3079 588 3167 καρδίᾳ
604 3100 664 3167 μου
679 3078 803 3165 ἔκρυψα
817 3080 859 3144 τδι
879 3077 931 3145 λδ-
1017 3077 1056 3138 V.
1075 3075 1125 3138 ll.
1151 3077 1194 3138 Io
1206 3074 1299 3142 eorde
1323 3093 1391 3140 mco
1417 3074 1565 3142 oscado·
1590 3077 1719 3160 eloquio

181 3187 236 3274 γιά
250 3208 317 3269 σου,
333 3187 417 3263 ὅπως
433 3186 472 3252 ἀν
486 3187 530 3272 μὴ
547 3183 678 3271 ἀμάρτυ
695 3203 752 3247 σοι
975 3182 1042 3256 luo,
1060 3181 1387 3260 companatico.

225 3289 377 3368 Κίνδυνος
391 3292 453 3376 γὰρ
476 3290 513 3355 οὐ
529 3288 621 3376 μόνον
635 3292 671 3354 τὸ
693 3286 797 3372 λέγειν
817 3286 929 3371 ψευδῆ,
1017 3281 1211 3346 Periculum
1228 3287 1279 3348 est
1294 3285 1384 3347 enim
1399 3301 1468 3348 non
1483 3286 1593 3348 solum
1608 3290 1648 3348 ut
1658 3285 1719 3349 ial-

181 3394 266 3460 ἀλλά
279 3396 335 3460 καὶ
349 3397 389 3460 τά
404 3395 508 3481 ἀληθῆ
526 3400 590 3471 τοῖς
607 3394 649 3480 μὴ
671 3389 852 3477 δυναμένοις
868 3412 930 3476 γυ
973 3403 1050 3450 sum
1073 3387 1174 3467 dicas,
1198 3389 1257 3452 sed
1284 3393 1324 3451 ut
1347 3406 1428 3451 vera
1450 3389 1504 3452 his
1520 3391 1579 3470 qui
1602 3407 1736 3470 capere·

181 3508 255 3585 ρείν.
271 3497 354 3565 Οὐδὲ
369 3499 417 3564 δεῖ
430 3502 502 3578 τοὺς
518 3493 713 3585 μαργαρίτας
730 3494 857 3581 βάλλειν
877 3496 930 3580 έμ-
974 3508 1042 3555 non
1071 3496 1152 3555 suut
1183 3492 1306 3571 idonei,
1333 3493 1533 3555 committas.
1575 3494 1721 3575 «Neque

174 3601 317 3688 προσθεν
331 3613 393 3668 τῶν
407 3599 532 3688 γοίρυν,
556 3601 629 3666 οὐδὲ
651 3597 769 3663 διδόναι
790 3598 831 3662 τά
854 3599 930 3683 ἀγια
973 3599 1104 3675 oportet
1144 3596 1348 3673 margaritas
1374 3593 1537 3676 projicere
1554 3598 1632 3658 ante
1647 3611 1722 3677 por·

183 3717 248 3787 τοίς
265 3706 362 3774 κυσίν.
973 3715 1039 3780 eos,
1056 3717 1118 3763 neo
1133 3701 1250 3762 sancta
1265 3698 1345 3761 dare
1360 3698 1510 3761 canibus.
1525 3717 1542 3756 υ

224 3835 256 3880 ν.
276 3816 326 3879 14.
342 3813 398 3879 Ἐν
412 3822 451 3898 τη
467 3812 529 3897 ὁδῷ
552 3818 612 3874 τῶν
629 3805 803 3894 μαρτυρίων
826 3827 883 3872 σου
898 3806 929 3872 i·
1017 3805 1055 3866 V.
1085 3804 1135 3866 14.
1160 3805 1204 3867 Io
1227 3802 1284 3867 oio
1310 3803 1566 3867 testimoniorum
1592 3806 1719 3864 omrem

182 3915 332 4002 τέρφθην,
348 3917 390 3994 ῶς
405 3918 456 3983 inl
470 3915 563 3982 παντί
579 3912 713 3996 πλούτῳ.
972 3907 1145 3973 delectatos
1158 3923 1240 3988 som,
1256 3907 1342 3973 sicot
1355 3907 1392 3970 io
1411 3904 1556 3971 omnibus
1576 3903 1714 3970 diuitiis.

228 4017 323 4087 Ἐστι
337 4023 392 4084 καί
407 4021 478 4097 ocor
493 4018 637 4085 ἐντολῶν.
1017 4014 1078 4077 Est
1093 4012 1183 4076 enim
1196 4012 1252 4075 via
1267 4010 1514 4074 mandatorum.

227 4250 390 4313 Himeros
418 4247 456 4311 io
484 4264 514 4310 ο.
547 4245 597 4309 10.
635 4245 730 4306 Hanc
767 4240 930 4325 propheta
1016 4238 1206 4299 Aucnosms
1221 4233 1258 4298 io
1271 4250 1301 4296 ο.
1320 4234 1370 4296 ll.
1387 4233 1578 4295 Periculum
1603 4231 1719 4313 itaque
1749 4281 1755 4290 .

181 4338 333 4419 pretulit
360 4353 498 4399 causam
526 4352 587 4397 cur
609 4350 645 4396 sc
667 4349 735 4394 non
764 4329 881 4411 repelli
909 4346 930 4390 a
974 4328 1024 4387 est
1050 4340 1117 4387 nou
1142 4324 1252 4386 solum
1275 4321 1360 4385 falsa
1385 4321 1505 4400 dicere,
1529 4320 1587 4384 sed
1614 4323 1718 4384 etiam

184 4424 352 4489 mandatis
374 4425 436 4489 Dei
462 4425 666 4504 precaretur,
690 4419 771 4501 quia
796 4436 863 4480 non
888 4433 930 4479 ex
973 4429 1063 4492 vera,
1079 4413 1108 4475 si
1123 4413 1200 4491 quis
1223 4429 1263 4474 ea
1282 4410 1434 4472 insinuet
1455 4409 1578 4490 quibus
1595 4426 1661 4472 uon
1685 4425 1718 4471 o·

183 4519 290 4597 parte,
306 4531 416 4594 neque
431 4529 491 4593 per
502 4510 664 4574 desidiam
676 4509 795 4587 Deum,
807 4504 866 4570 sed
881 4511 929 4568 to·
972 4505 1113 4583 portet...
1129 4503 1199 4562 Hoc
1211 4503 1262 4562 est
1273 4498 1362 4580 quod
1378 4496 1479 4560 etiam
1493 4498 1528 4560 in
1540 4498 1718 4575 evangelio

183 4607 219 4666 to
233 4603 332 4666 corde
349 4603 533 4683 quaesisset.
973 4589 1056 4654 dicit
1070 4589 1248 4652 Dominus:
1275 4587 1413 4649 «Nolite
1428 4586 1562 4649 mittere
1585 4603 1718 4666 marga·

228 4693 271 4755 Io
288 4709 318 4755 ο.
337 4692 387 4754 ll.
410 4690 571 4753 Novimus
593 4702 704 4766 neque
726 4684 930 4762 margarites
973 4679 1055 4742 ritas
1072 4680 1201 4740 vestras
1217 4676 1368 4756 porcis.»

183 4784 264 4844 ante
293 4795 409 4860 porcos
439 4773 662 4859 projiciendas
699 4790 782 4853 esse,
818 4787 929 4853 neque

183 4872 340 4932 sanctum
355 4867 496 4932 canibus
511 4865 590 4929 dare
605 4865 767 4944 oportere.

217 5071 248 5113 ν.
261 5055 304 5110 10.
316 5054 384 5111 Vat.
396 5054 439 5110 16.
1008 5060 1036 5100 r.
1050 5041 1091 5098 14.
1104 5042 1171 5098 Vct.
1184 5040 1209 5096 5.
1222 5039 1343 5096 Laoiuia
1353 5045 1489 5098 umecta
1506 5041 1624 5099 restitui
1637 5040 1716 5100 vida·

218 5157 246 5198 v.
260 5137 526 5196 lavicanam.
541 5138 629 5207 vu,6.
973 5137 1021 5186 tur
1034 5134 1065 5186 et
1075 5127 1177 5201 augeri
1189 5125 1267 5184 infra
1278 5125 1310 5183 iu
1322 5143 1349 5184 τ.
1363 5126 1407 5182 27.
1508 5212 1511 5219 l

262 5247 413 5292 nucem
431 5247 474 5304 m,
498 5231 542 5287 ll.
