4020 6098
304 420 368 482 258
978 415 1187 482 ORIGENES

347 580 379 623 ν.
399 562 448 626 15.
464 559 519 626 Ἐν
541 569 608 638 ταῖς
629 545 772 636 έντολαῐς
794 579 851 623 σου
873 555 1050 644 ἀδολεσχή·
1138 564 1177 625 V.
1197 561 1246 626 15.
1273 565 1317 628 [ιι
1338 564 1499 630 mandatis
1520 563 1589 631 'tuis
1610 563 1784 644 «percon,
1809 567 1841 630 τί

306 683 362 745 σοι,
378 665 434 729 καὶ
445 662 636 748 κατανοήσω
651 663 709 740 τὰς
722 662 812 740 ὁδούς
827 683 894 727 σου.
1094 649 1241 728 intuebor
1253 666 1327 754 rias
1342 671 1426 732 teus.

347 765 407 833 Διίι
429 767 547 834 τούτων
569 765 782 852 διδασκόμεθα
803 764 844 842 ὡς
866 765 926 829 ούιι
947 763 1051 842 ἄλλως
1138 769 1237 832 Hisce
1252 771 1363 834 verbis
1375 770 1409 834 id
1420 771 1588 850 docemur,
1604 769 1692 851 quod
1707 771 1835 834 intueri

305 870 372 935 ἔστί
386 881 583 958 κατανοῆσαι
598 872 655 949 τὰς
678 872 769 948 δδούς
791 879 846 934 τοῦ
868 868 960 950 Θεοῦ,
975 869 997 954 ῆ
1013 868 1051 932 ἐκ
1093 870 1166 934 vias
1182 872 1242 935 Dei
1257 873 1350 937 aliud
1365 891 1432 938 non
1462 879 1512 938 est
1533 891 1637 955 quam
1659 891 1699 936 ea
1725 875 1837 956 inqui·

302 983 357 1038 τοῦ
373 976 414 1040 τὰ
429 977 499 1059 περὶ
521 983 583 1041 τῦν
606 974 740 1040 ἐντολῶν
763 983 819 1039 τοῦ
841 973 925 1042 Θεοῦ
946 971 1051 1052 lierd-
1093 989 1167 1035 rere
1183 990 1258 1054 quae
1278 981 1433 1057 spectant
1456 977 1499 1041 ad
1525 978 1684 1042 mandata
1709 979 1836 1060 divina,

302 1077 387 1159 ζειν,
410 1080 466 1142 καὶ
492 1079 564 1161 περί
589 1077 706 1144 τούτων
731 1075 878 1144 ἑπιπλέον
903 1076 1050 1163 ἔρευναν·
1094 1091 1200 1156 eaque
1215 1076 1383 1159 frequenti
1398 1081 1510 1145 studio
1525 1083 1684 1162 serutari3
1700 1081 1782 1146 adeo
1798 1087 1838 1146 ut

304 1183 386 1247 dore
402 1183 461 1266 τήν
483 1179 683 1268 καλουμένην
705 1175 895 1266 ἀδολεσχίαν
917 1176 1050 1265 ρεταφέ-
1092 1179 1258 1243 referatur
1272 1199 1347 1262 quae
1359 1189 1501 1248 vocatur
1515 1187 1711 1249 exercitatio
1726 1186 1770 1250 a‘d
1784 1187 1834 1250 di·

301 1305 365 1371 ρειν
380 1286 431 1352 ἐπὶ
446 1286 505 1370 τήν
520 1286 591 1371 περὶ
606 1293 668 1350 τῦν
682 1284 817 1350 έντολῦν
832 1282 979 1371 βάσανον,
996 1283 1048 1347 δτε
1092 1283 1256 1362 ligantem
1271 1287 1505 1352 mandatorum
1523 1289 1835 1370 considerationem,

299 1391 355 1456 καί
370 1387 546 1475 ἀδολεσχία
561 1390 620 1454 ούκ
634 1391 703 1454 ἐστι
717 1385 831 1474 ψεκτή.
845 1425 885 1436 -
899 1386 964 1452 Καὶ
973 1387 1049 1452 πολ-
1092 1384 1226 1466 quando
1240 1387 1429 1455 istiusmodi
1452 1409 1593 1456 examen
1608 1410 1675 1456 non
1693 1398 1745 1458 est
1759 1411 1832 1476 per·

300 1496 405 1583 λαχοῦ
421 1495 450 1560 el
465 1493 578 1561 δίκαιοι
600 1496 765 1580 έπαινετήν
788 1490 977 1579 ἀδολεσχίαν
1000 1493 1049 1557 εύ-
1091 1487 1307 1556 ίοοσύοτίιιττι.
1322 1496 1554 1577 Saepenumero
1570 1495 1654 1576 Justi
1670 1497 1835 1562 laudabili

301 1598 459 1684 ρίσκονται
475 1599 731 1685 ἀδολεσχοῦντες.
748 1594 842 1663 Κατὰ
852 1598 914 1683 γὰρ
927 1599 985 1682 τήν
996 1619 1049 1662 σο-
1091 1592 1203 1658 studio
1221 1595 1322 1676 fungi
1341 1599 1564 1664 inveniuntur
1579 1603 1614 1664 in
1631 1601 1694 1666 boo
1709 1603 1835 1666 exerci-

299 1703 429 1789 νήθεῐαν
451 1713 510 1790 τῆς
531 1711 667 1790 γραφῆς,
682 1702 770 1767 eald
785 1701 898 1768 Ὶσαδικ
919 1697 1048 1786 ἐξῆλθεν
1092 1699 1149 1761 tio.
1162 1701 1259 1765 'leste
1271 1702 1362 1765 enim
1374 1704 1566 1785 scripturae
1581 1705 1836 1786 consuetudine,

300 1808 345 1887 εἰς
372 1813 408 1875 τδ
435 1806 540 1874 πεδίον
567 1807 784 1892 ἀδολεσχῆσαι
813 1815 857 1892 τῷ
882 1803 963 1891 Θεῷ.
988 1804 1049 1870 Ἐκ
1092 1804 1193 1865 etiam
1210 1808 1302 1869 Isaac
1315 1807 1350 1869 in
1362 1824 1484 1885 agrum
1501 1809 1585 1873 exiit
1600 1809 1642 1873 ad
1660 1827 1697 1874 se
1712 1812 1747 1874 in
1763 1812 1833 1874 Deo

299 1911 422 1997 πολλῆς
444 1914 499 1977 ούν
524 1920 585 1977 τῶν
608 1909 742 1976 ίντολῦν
764 1907 899 1995 μελέτης
921 1905 1049 1994 ἔρχεταί
1091 1911 1325 1974 exercendum.
1355 1911 1406 1974 nx
1432 1913 1541 1976 multa
1566 1914 1675 1992 igitur
1696 1914 1833 1980 manda·

299 2036 344 2093 τις
360 2016 403 2094 εἰς
418 2018 455 2081 τδ
475 2023 674 2100 κατανοῆσαι
695 2015 752 2090 τὰς
774 2013 865 2090 ὁδούς
888 2021 942 2078 τοῦ
964 2011 1048 2080 Θεοῦ
1091 2017 1202 2077 torum
1218 2014 1436 2078 meditatione
1446 2018 1561 2097 pergil
1570 2019 1835 2100 quisqueadoo-

298 2120 364 2204 (τόν
379 2141 414 2185 τε
429 2119 523 2206 νόμον
544 2119 600 2184 καί
616 2121 691 2194 τοὺς
713 2115 890 2202 προφήτας)
916 2118 972 2194 τας
995 2138 1048 2201 φε-
1092 2117 1322 2196 &noscendum
1336 2119 1410 2182 vias
1425 2119 1486 2182 Dei
1501 2119 1638 2201 (legem
1653 2124 1782 2188 scilicet
1797 2127 1832 2188 et

299 2223 414 2308 ρούσας
429 2223 480 2288 έπὶ
497 2225 555 2309 τήν
572 2223 738 2310 βασιλικήν
753 2222 807 2286 καὶ
822 2220 943 2286 τελείαν
963 2220 1045 2304 δδδν,
1090 2222 1746 2304 prophetas),queeduountadregiamet
1756 2233 1831 2308 per·

298 2329 352 2392 τδν
367 2327 515 2411 Χριστδν,
539 2329 592 2392 τδν
608 2326 752 2392 εἰπόντα·
775 2324 859 2410 Ἐγὼ
882 2325 944 2410 εἰμι
965 2323 1046 2402 ὁδός·
1091 2325 1213 2389 fectum
1229 2329 1394 2408 semitam,
1409 2326 1452 2391 ad
1464 2327 1645 2410 Christum,
1657 2332 1717 2412 qui
1731 2332 1830 2396 dixit:

298 2429 370 2496 Εἰσί
385 2430 420 2496 δέ
435 2451 519 2508 τινες
542 2431 609 2497 aaut
624 2440 679 2495 τοῦ
702 2428 796 2511 Θεοῦ,
812 2429 851 2506 ἃς
872 2427 981 2508 ὁδεύει,
995 2429 1047 2492 ἵνα
1093 2431 1197 2508 «Ego
1208 2449 1284 2494 sum
1296 2432 1381 2494 via.»
1395 2467 1433 2478 -
1443 2436 1529 2498 Sunt
1539 2433 1671 2513 aliquot
1683 2434 1745 2498 Dei
1755 2436 1832 2515 viae,

298 2533 332 2599 ἐν
347 2533 520 2620 ἀνθρώποις
542 2532 726 2620 γένηταηῆ
750 2533 789 2611 ἃς
810 2531 911 2597 ὁδεύει
931 2529 1046 2616 ἀνθρω-
1088 2551 1148 2615 per
1164 2553 1247 2616 quas
1264 2534 1425 2616 ambulat,
1441 2542 1480 2600 ut
1496 2537 1585 2600 inter
1598 2536 1752 2600 homines
1774 2555 1830 2602 ve·

297 2659 365 2720 πος,
390 2639 549 2724 φερούσας
565 2640 642 2722 πρὸς
665 2635 769 2703 αὐτόν.
792 2635 918 2712 Ταύτας
939 2634 974 2698 δὲ
988 2654 1045 2698 αα
1088 2640 1171 2718 niet,
1193 2640 1248 2702 vel
1276 2656 1360 2720 quas
1386 2642 1495 2722 carpit
1515 2640 1624 2720 bomo,
1650 2639 1694 2704 ad
1719 2641 1829 2708 Deum

297 2752 406 2808 τανοετ
425 2745 442 2808 b
466 2744 499 2808 ἐν
525 2751 593 2819 ταῖς
615 2741 759 2820 ἐντολαῖς
786 2739 968 2825 ἀδολεσχῶν
989 2749 1044 2804 τοῦ
1089 2744 1209 2806 iturus.
1222 2744 1579 2825 Quasproicctoplene
1592 2746 1754 2825 intuetur,
1767 2748 1828 2827 qui

295 2847 389 2916 Θεοῦ.
404 2840 450 2912 Ἢ
465 2847 521 2911 καί
544 2848 658 2922 οῦτως·
681 2845 792 2910 τούτου
809 2844 902 2929 χάριν
924 2841 1044 2907 ίνδελε-
1088 2847 1686 2928 inpraeoeptisexeroetur.Veletiam
1697 2851 1826 2914 taliter:

295 2961 362 3037 χῶς
377 2953 436 3036 τήν
459 2948 593 3036 μελέτην
613 2959 674 3015 τῶν
696 2957 760 3013 σῦν
781 2945 895 3033 λογίων
918 2945 1041 3031 σχήσοι,
1085 2954 1260 3031 propterea
1271 2951 1523 3015 meditationem
1536 2952 1828 3033 eloquiorumtuo·

293 3056 347 3119 καί
358 3055 392 3120 έν
406 3062 474 3132 ταῖς
486 3054 569 3132 δδοῖς
580 3075 636 3119 σου
649 3055 707 3140 τήν
719 3049 848 3136 πορείαν
859 3049 1040 3137 ποιήσομαι.
1085 3071 1162 3115 rum
1177 3053 1311 3117 assidue
1322 3054 1489 3136 obtinebo,
1504 3059 1538 3120 et
1553 3056 1588 3118 in
1600 3056 1666 3118 viia
1677 3058 1746 3120 tuis
1757 3058 1822 3121 iter

1084 3156 1266 3238 perficiam.

336 3283 367 3328 v.
388 3265 438 3328 17.
452 3258 648 3337 Ἀνταπύδος
671 3267 714 3345 τῷ
730 3257 832 3342 δούλη)
855 3277 923 3339 σου,
946 3255 1041 3343 ζήσο·
1127 3261 1166 3322 V.
1185 3261 1235 3323 17.
1250 3259 1401 3326 maiae
1413 3277 1504 3326 aereo
1525 3265 1589 3342 tuo,
1618 3262 1748 3346 οἰοήῖσα
1761 3279 1820 3344 τινα,

294 3387 350 3452 μαι
364 3368 418 3432 καί
434 3365 563 3452 φυλάξω
578 3367 650 3441 τοῦς
666 3363 778 3450 λόγους
793 3383 861 3427 σου.
1083 3364 1569 3431 amarmurmulus.

341 3551 485 3612 annuos.
500 3548 537 3612 in
556 3565 585 3611 ο.
606 3549 655 3611 15.
672 3547 735 3622 Qui
759 3546 849 3610 enim
864 3552 1039 3610 exercetur
1083 3547 1159 3628 quis
1174 3561 1257 3623 ergo
1271 3551 1322 3610 est
1336 3563 1463 3625 servus,
1487 3549 1521 3608 et
1535 3545 1620 3612 bene
1642 3548 1749 3612 servit
1762 3547 1825 3614 Do·

293 3640 327 3700 in
336 3638 447 3701 verbis
459 3637 696 3716 apostolorum,
704 3636 787 3699 Jesu
798 3635 933 3698 Domini
946 3652 1038 3698 man·
1083 3637 1185 3713 mino,
1201 3633 1286 3697 bene
1302 3636 1330 3697 is
1346 3635 1440 3698 dicit:
1457 3633 1609 3699 neruiue
1624 3641 1686 3700 etc.

292 3727 371 3789 data
389 3726 572 3804 cognoscit,
597 3730 631 3786 et
654 3724 843 3788 considerat
858 3725 930 3786 vias
953 3722 1036 3804 ejus,
1127 3725 1287 3786 linimus
1302 3723 1340 3786 in
1353 3741 1383 3787 ο.
1402 3725 1450 3785 17.
1464 3723 1593 3800 Quibus
1605 3741 1672 3787 non
1686 3731 1736 3789 est
1747 3742 1823 3789 eon·

292 3815 416 3896 quibus
431 3812 509 3876 finis
525 3820 576 3876 est
590 3812 753 3892 Christus
770 3813 829 3893 qui
844 3812 906 3874 ait:
933 3812 1037 3891 «Ego
1081 3815 1173 3875 stans
1194 3811 1366 3874 emundati
1389 3811 1497 3874 cordis
1519 3814 1734 3894 conscientia,
1750 3831 1823 3894 pre·

293 3921 369 3966 sum
386 3904 451 3964 via.
466 3923 483 3959 »
1081 3902 1150 3963 cari
1167 3901 1232 3962 ista
1246 3899 1417 3980 prophete
1432 3916 1499 3962 non
1514 3907 1664 3980 possunt.
1681 3903 1716 3965 Si
1731 3904 1822 3965 enim

334 3990 423 4055 Idam
437 3991 474 4054 ιά
483 4007 512 4053 ο.
529 3989 578 4052 17.
592 3987 762 4063 Quomodo
772 4005 875 4068 supra
886 3988 958 4068 ipse
973 3987 1037 4052 Da·
1082 3989 1187 4066 digna
1202 3988 1388 4050 seeundum
1404 4003 1505 4068 opera
1520 3994 1634 4052 nostra
1647 3991 1825 4055 retributio

291 4079 366 4141 vid:
386 4081 483 4141 «Non
502 4077 688 4141 seeundum
703 4083 791 4140 eto.»
810 4080 843 4138 et
857 4075 913 4139 hio
923 4079 1031 4157 poscit
1080 4077 1198 4156 aderit,
1216 4076 1250 4138 in
1268 4080 1480 4156 peccatorum
1497 4094 1536 4140 ac
1552 4077 1750 4141 delictorum
1766 4095 1824 4142 no-

291 4167 572 4230 retributionem?
588 4165 651 4228 llla
662 4163 796 4228 videtur
806 4181 872 4227 vox
887 4172 1037 4246 peceato-
1080 4170 1226 4229 atrorum
1242 4165 1350 4244 poenis
1365 4165 1588 4246 manebimus,
1604 4168 1686 4230 satis
1698 4171 1750 4230 est
1763 4185 1824 4230 eu·

292 4257 338 4320 rie
355 4272 437 4334 esse,
453 4255 524 4316 haee
540 4254 626 4318 bene
640 4253 705 4316 sibi
725 4254 861 4332 conscii,
879 4254 937 4334 qui
954 4271 1036 4334 pree·
1081 4257 1159 4330 tem,
1175 4254 1204 4316 si
1219 4253 1275 4315 oui
1291 4254 1344 4314 vel
1367 4253 1440 4315 haeo
1455 4253 1575 4316 saltem
1599 4253 1723 4318 fiducia
1746 4271 1823 4334 gra·

290 4345 358 4407 mia
373 4343 452 4408 boni
476 4342 585 4423 operis
602 4343 782 4424 exposcit...
806 4341 931 4404 Tamen
956 4359 1036 4423 quo·
1079 4341 1211 4404 tulundi
1233 4340 1275 4404 ad
1297 4341 1477 4403 Dominum
1501 4342 1619 4407 fuerit:
1646 4345 1749 4408 «Non
1774 4361 1825 4408 se·

289 4434 402 4495 minus
428 4430 584 4494 videatur
610 4431 728 4512 petitio
754 4446 927 4510 arrogans,
949 4430 1035 4494 bene
1078 4429 1227 4492 eundum
1252 4434 1388 4510 peecata
1414 4435 1506 4492 etc.»
1531 4432 1685 4495 Exclusit
1706 4436 1821 4495 autem

287 4521 431 4584 addidit:
448 4521 550 4584 Serto
565 4522 629 4598 ίιιο,
648 4518 683 4582 in
699 4535 765 4600 quo
780 4523 814 4582 et
833 4517 1035 4582 humilitatis
1079 4519 1240 4599 propbeta
1255 4534 1388 4580 omnem
1404 4516 1444 4580 de
1459 4537 1495 4582 se
1511 4519 1672 4582 vanitatis
1695 4538 1735 4584 ac
1754 4519 1825 4599 jao-

289 4613 340 4672 est
369 4609 481 4688 gratia
509 4614 543 4671 et
567 4607 743 4689 praemium
771 4607 977 4670 servitutis...
1000 4607 1035 4672 si
1078 4607 1194 4669 tantiae
1224 4606 1424 4688 opinionem.
1454 4609 1539 4671 Nam
1570 4625 1648 4672 oum
1682 4607 1824 4672 dixisset

319 4806 347 4844 v.
361 4786 403 4843 15.
417 4785 483 4841 Vat
495 4784 521 4856 l,
534 4787 560 4854 9,
580 4785 622 4840 11.
634 4783 719 4841 Joan
739 4800 803 4842 xrv.
816 4783 842 4838 ύ.
856 4781 928 4839 Gen.
947 4799 1034 4852 xxxv,
1077 4781 1245 4852 cenobates,
1257 4797 1351 4852 neque
1369 4781 1458 4838 etiam
1476 4782 1583 4839 omissa
1599 4783 1695 4841 Issaei
1707 4785 1738 4842 in
1750 4803 1823 4859 agro

285 4875 328 4930 63.
340 4873 363 4930 J
362 4889 410 4928 am
421 4871 458 4927 de
470 4869 607 4941 ambigua
622 4885 693 4926 voce
706 4871 851 4935 ἀδολεσχία
861 4867 970 4924 excidit
981 4868 1034 4924 ali·
1077 4866 1276 4938 meditatione,
1288 4867 1383 4924 indioe
1396 4868 1513 4941 quidem
1522 4867 1657 4942 Origene.

286 4961 353 5017 cubi
364 4959 467 5016 notula
484 4964 594 5027 nostra,
613 4954 803 5026 recoquenda,
820 4955 846 5010 si
863 4961 990 5024 vacaret,
1003 4955 1034 5012 in
1112 4971 1141 5010 v.
1154 4955 1196 5008 17.
1209 4953 1276 5010 Vat.
1289 4955 1411 5024 aare.
1426 4957 1822 5032 eu,10.Anonymus01-ige-

285 5066 313 5104 v.
325 5047 369 5116 23,
383 5047 426 5115 27,
439 5045 483 5110 48,
496 5044 538 5113 78,
548 5045 592 5098 85.
602 5039 647 5099 ef.
659 5057 748 5113 supra
756 5058 800 5114 ps.
811 5057 870 5109 mv,
883 5041 908 5096 3.
919 5039 977 5096 Sed
989 5041 1034 5096 fu·
1077 5039 1191 5111 nienus,
1204 5040 1240 5096 de
1253 5058 1310 5113 quo
1323 5057 1401 5115 saepa
1413 5059 1475 5112 nos,
1488 5043 1544 5099 huo
1556 5043 1711 5100 adducitur
1722 5063 1741 5100 a
1752 5045 1821 5101 Gor·

285 5133 346 5188 sius
358 5133 395 5188 ad
407 5151 435 5188 v.
448 5130 491 5200 27,
505 5127 676 5185 Ambrosius
694 5142 795 5181 omnes
807 5125 888 5182 vocis
906 5125 1035 5199 explicat
1078 5126 1168 5182 derio.
1181 5125 1239 5183 Sed
1250 5132 1358 5200 praeter
1368 5125 1452 5182 codd.
1470 5133 1586 5184 nosnos
1598 5145 1756 5188 consensus
1767 5131 1821 5188 Hi·
