3966 6104
311 423 377 488 594
862 421 1048 490 SANCTUS
1070 421 1313 489 uauuoluus

308 566 365 630 mi
379 564 487 650 ήνιησε
509 566 568 651 τήν
582 563 711 650 ἔρημον.
735 560 894 651 Ἠγάγετο
917 561 953 626 δέ
975 561 1060 647 αυτῷ
1105 553 1278 646 gittarius,
1300 569 1335 630 et
1350 565 1517 632 habitavit
1543 571 1724 652 desertum,
1746 575 1780 636 et
1805 573 1859 636 ilii

308 667 330 754 ή
355 668 461 755 μήτηρ
484 671 581 734 αὐτοῦ
603 671 662 755 τήν
681 664 848 756 αἴγυπτέαν
868 671 1006 752 γυναῖκα
1020 660 1058 749 ⁴).
1105 675 1212 735 mater
1225 669 1301 750 eJ'us
1313 672 1490 736 mulierem
1502 676 1687 758 aegyptiam
1699 677 1734 740 in
1743 679 1864 741 matri-

310 772 401 852 Τίνος
414 772 521 840 ένεκέν
534 795 586 859 μοι
596 783 698 838 ταῦτα
708 772 812 838 πάντα
819 769 1060 857 μεμυθολογεῖσ-
1104 776 1219 839 monio
1229 775 1446 857 conjunxit».
1458 778 1610 852 Quanam
1622 779 1663 844 de
1670 799 1772 844 causa
1787 797 1863 844 om·
1966 845 1967 864 γ

308 877 377 964 θαι;
400 879 488 964 ζητῶ
508 882 582 956 τοὺς
605 875 889 964 περιτετμημένους
903 876 989 939 κατὰ
1003 871 1060 940 A!-
1103 881 1163 944 nia
1177 880 1249 943 haec
1263 879 1348 942 mihi
1360 878 1576 944 contabulato
1589 885 1693 947 sunt?
1708 885 1864 948 Circum-

307 1004 437 1069 γυπτον,
466 985 522 1049 κοιλ
551 983 638 1068 ζητῶ
668 986 741 1060 τοὺς
772 978 1059 1068 περιτετμημένους
1103 986 1191 1048 cisoa
1212 984 1352 1066 AEgypti
1369 1001 1494 1066 quaro,
1509 1003 1661 1068 quosque
1676 1005 1786 1052 sermo
1802 989 1863 1054 de-
1966 1061 1967 1072 γ

308 1091 381 1166 τοὺς
403 1089 437 1154 έν
459 1097 499 1173 τῇ
522 1086 640 1174 ἐρήμῳ,
663 1087 784 1164 πάντας
805 1089 859 1164 οὓς
882 1084 1060 1171 ἀναγράφει
1103 1089 1230 1180 scribit
1243 1091 1401 1152 omnesin
1411 1087 1541 1152 deserto
1553 1091 1769 1156 circumcisos
1781 1093 1865 1156 dili·
1966 1091 1967 1098 ’

308 1188 445 1278 όλόγος.
468 1191 629 1259 Ἐοέκασιν
644 1194 699 1258 οὖν
714 1191 754 1256 ὲκ
768 1201 824 1256 τοῦ
846 1189 956 1276 γένους
979 1190 1059 1255 εἶναι
1103 1195 1199 1272 genti
1211 1193 1431 1272 indagatione
1443 1193 1605 1274 disquiro:
1617 1196 1860 1273 generisenim
1966 1231 1967 1264 ι

307 1306 366 1360 τοῦ
379 1295 525 1383 Ἰσραήλ,
547 1299 582 1375 ός
602 1298 710 1382 ᾤκησε
726 1297 782 1382 μὲν
797 1298 856 1382 τήν
871 1297 999 1380 ἔρημον,
1021 1294 1058 1380 ή-
1103 1297 1241 1362 oxordia
1252 1297 1294 1360 ab
1307 1297 1568 1378 ismaele,quiet
1579 1297 1748 1362 desertum
1760 1299 1863 1363 habi·

308 1399 429 1487 γάγετο
445 1400 479 1465 δὲ
494 1403 553 1486 τήν
569 1397 735 1486 αἰγυττέαν
756 1407 907 1485 γυναῖηας
930 1398 985 1462 καὶ
1005 1397 1058 1462 οὐ·
1102 1405 1244 1482 taverat,
1259 1418 1468 1483 uxoremque
1490 1403 1684 1484 AEgyptiam
1700 1403 1861 1484 duxerat,

307 1501 374 1566 τιέτι
395 1501 583 1588 ἀμφιόόιλλω
604 1503 734 1579 τούτους
756 1519 818 1567 που
841 1502 931 1585 εἶναι,
946 1503 969 1587 ή
984 1504 1057 1579 τοὺς
1102 1523 1236 1570 sumere
1255 1507 1291 1570 hi
1315 1504 1492 1584 videntur,
1516 1522 1578 1567 nec
1602 1504 1716 1568 adhuc
1741 1507 1861 1570 auimo

307 1605 341 1673 έν
356 1606 506 1693 Αἰγύπτῳ
528 1605 821 1693 περιτετμημένους,
838 1608 893 1671 καλ
914 1609 988 1685 τοὺς
1002 1627 1057 1672 πε·
1102 1611 1303 1692 horacius
1325 1627 1397 1674 esse
1419 1611 1474 1674 vel
1489 1610 1549 1690 qui
1566 1609 1602 1672 in
1616 1611 1763 1692 Egypto
1786 1611 1859 1674 cir-

307 1711 539 1799 ρικειρομένους
560 1715 645 1798 κατὰ
666 1711 845 1797 πρόσωπον,
871 1714 927 1777 καὶ
952 1733 1058 1778 κατοι-
1102 1717 1243 1780 cumciai
1258 1715 1416 1794 suntdal
1429 1715 1488 1795 qui
1500 1718 1579 1777 aute
1590 1711 1712 1777 faciem
1723 1732 1860 1778 comam

305 1825 440 1893 αοῦντας
462 1817 498 1882 ἐν
518 1826 557 1902 τῇ
585 1815 702 1901 ἐρήμῳ.
726 1815 822 1893 Εῐκος
847 1818 909 1902 γόιρ
930 1815 1058 1882 τόνἸσ·
1101 1819 1257 1900 tondunt,
1281 1819 1519 1901 desertumque
1542 1819 1705 1882 incolunt.
1730 1820 1858 1882 lamac-

307 1913 395 2005 μάήλ
410 1918 638 2004 παραλαόόντα
657 1920 712 1985 τόν
725 1921 821 2004 νόμον
833 1921 889 1984 τόν
910 1929 1057 2007 πατρῷον
1102 1925 1169 1987 lem
1181 1925 1272 1986 enim
1287 1941 1349 2005 par
1365 1927 1425 2003 est,
1438 1923 1488 1986 uti
1503 1923 1559 2004 pio
1574 1924 1731 2002 genitum
1743 1927 1855 2004 patre,

186 2079 191 2092 .
305 2033 360 2088 τοῦ
390 2020 547 2111 Ἀόραόιμ,
571 2022 613 2101 ὡς
635 2023 804 2108 θεοφιλοῦς
827 2028 945 2111 πατρός
968 2027 1054 2109 όντα,
1101 2029 1247 2110 patriam
1262 2027 1413 2092 tenuisse
1429 2027 1552 2106 legem3
1567 2027 1859 2092 cumdomosece·

305 2129 361 2192 καὶ
376 2127 632 2215 ἀναχωρήσαντα
646 2137 704 2213 της
717 2124 845 2210 οἰκείας,
861 2130 943 2212 ἅπερ
956 2129 1057 2218 ένόμι-
1102 2132 1205 2212 deret,
1222 2149 1297 2214 quae
1312 2131 1377 2196 sibi
1393 2132 1529 2211 tutiora,
1542 2135 1706 2212 tanquam
1718 2131 1858 2211 majori-

306 2232 361 2311 ζεν
381 2233 465 2318 αὐτῷ
489 2233 568 2297 εἶναι
591 2230 828 2317 ἀσφαλέστατα,
852 2235 1059 2321 πατροπαρά-
1100 2235 1166 2300 bus
1181 2239 1326 2318 recepta,
1344 2251 1417 2298 esse
1432 2233 1657 2314 existimabat,
1668 2235 1741 2298 haec
1756 2240 1792 2298 et
1806 2236 1858 2298 fa-

306 2337 385 2401 δοτα
399 2336 486 2417 όντα,
509 2343 611 2400 ταῦτα
625 2344 726 2400 ποιεῖν
741 2338 797 2401 καὶ
818 2335 870 2402 ἐπὶ
884 2347 948 2417 τοῖς
964 2339 1054 2428 έγγό-
1101 2358 1187 2421 cere,
1209 2341 1349 2422 suisque
1378 2339 1630 2404 successoribus
1659 2339 1859 2420 peragenda

303 2460 368 2516 νοις
384 2445 449 2516 τοῖς
464 2437 587 2504 ἑαυτοῦ.
612 2435 720 2516 Οῦτως
739 2440 774 2503 δέ
790 2439 895 2526 μέντοι
916 2463 1055 2528 πτριτετ-
1100 2445 1243 2523 tradere,
1259 2460 1450 2522 congruum
1464 2446 1545 2522 θεοῦ,
1564 2444 1612 2506 ita
1627 2444 1736 2522 igitur
1751 2446 1869 2526 AEgy-·
1966 2461 1967 2492 ι

305 2541 464 2630 μημένους
485 2545 569 2610 ἔστιν
591 2543 693 2630 εὑρεῖν
719 2542 910 2631 Αἰγυπτίους
936 2549 958 2635 ή
981 2552 1054 2628 τοὺς
1100 2551 1198 2631 ptios,
1210 2550 1265 2613 vel
1276 2548 1483 2612 habitatores
1494 2546 1629 2629 deserti,
1637 2547 1857 2614 circumcisos
1966 2611 1967 2616 ,

303 2651 363 2735 τήν
378 2651 496 2736 ἔρημον
511 2649 685 2727 οἰκοῦντας.
975 2697 977 2705 ,
1101 2671 1173 2718 esse
1189 2655 1387 2735 reperimus.
1966 2647 1967 2676 ⁴

349 2753 422 2832 Πῶς
438 2754 540 2819 δὲκαὶ
552 2751 732 2840 τόνἘδὼμ;
747 2752 765 2818 ό
778 2753 884 2841 Ἐδὼμ
896 2757 1055 2835 οῦτοςκα-
1144 2757 1315 2833 Quomodo
1326 2759 1442 2819 autem
1458 2760 1493 2819 et
1507 2755 1635 2820 Edam?
1649 2754 1705 2818 hio
1720 2759 1755 2818 et
1777 2755 1853 2837 ipse
1966 2749 1967 2826 ἲ

303 2856 446 2944 ταβαίνει
467 2860 522 2944 καὶ
544 2859 639 2934 αὐτός
657 2858 696 2924 ἐκ
717 2867 774 2923 τοῦ
796 2857 975 2945 σπέρματος
998 2872 1055 2927 τοῦ
1100 2879 1142 2926 ex
1156 2861 1286 2926 s'emine
1301 2859 1444 2924 Abrahae
1459 2859 1695 2924 ortumducit:
1709 2858 1803 2924 filius
1819 2877 1855 2923 e·

305 2959 472 3046 Ἀόραόιμ
501 2971 545 3048 τῷ
573 2963 636 3048 γόιρ
662 2959 811 3049 Ἃβραόιμ
839 2963 967 3049 ἐγένετο
998 2966 1055 3052 μέν
1099 2964 1742 3045 nimIsmacleadgarestdbrahae,cui
1755 2967 1852 3029 Isaac
1966 2981 1967 3060 ᾗ

304 3072 379 3141 παῖς
393 3063 530 3150 Ἰσμαήλ
544 3065 582 3129 ta
597 3072 655 3149 της
669 3064 787 3151 Ἀγαρ,
811 3067 937 3152 ἐγένετο
949 3069 984 3134 δὲ
999 3074 1055 3137 καὶ
1099 3090 1142 3136 ex
1153 3073 1253 3136 Sarra
1268 3075 1368 3134 natus
1383 3071 1512 3150 fuerat3
1528 3072 1622 3134 Isaac
1633 3087 1768 3151 quoque
1781 3068 1852 3132 duo
1966 3081 1967 3140 1

304 3167 322 3232 ό
338 3166 451 3232 Ἰσαὰκ
464 3169 504 3232 ta
518 3177 575 3254 τής
592 3167 736 3253 Σάρρας·
751 3178 796 3255 τῷ
812 3170 847 3234 δέ
865 3170 978 3238 Ἰσαὰκ
992 3175 1052 3240 πά·
1099 3181 1287 3240 nascuntur
1297 3174 1372 3254 filii,
1386 3177 1478 3238 Esau
1493 3179 1528 3238 et
1540 3173 1657 3238 Jacob.
1669 3176 1771 3238 Porro
1792 3175 1852 3237 Ja-
1966 3165 1967 3240 s

303 3272 351 3338 λιν
363 3273 472 3350 παῖδες
484 3271 626 3357 diadas
637 3271 740 3339 Ἡσαῦ
752 3275 973 3343 καλόἸακώό.
987 3279 1053 3347 Καὶ
1098 3281 1159 3345 cob
1186 3267 1253 3343 non
1281 3279 1380 3344 duxit
1405 3295 1546 3343 uxorem
1572 3283 1758 3357 externam,
1785 3296 1851 3341 nec

182 3475 186 3480 Δ
303 3378 393 3463 ὁμέν
407 3376 523 3442 ’laxat
545 3380 605 3443 οὐκ
619 3377 761 3464 ήγάγετο
783 3389 936 3465 γυναῖκαν
959 3385 1052 3469 αἳμα-
1098 3386 1334 3466 Chanauaeam,
1357 3384 1533 3465 praeceptis
1550 3381 1709 3446 obediens
1726 3383 1850 3463 patris.
1966 3435 1967 3440 ,

302 3503 356 3559 τος
371 3481 470 3566 ξένου,
487 3481 560 3547 οὐδὲ
575 3491 636 3548 τῶν
655 3482 857 3565 Χαναναίων,
873 3495 973 3550 ταῦτα
988 3486 1052 3552 ἐπι·
1097 3492 1188 3555 Esau
1200 3507 1280 3553 vero
1296 3488 1449 3552 ismaelis
1463 3487 1580 3565 filiam,
1595 3487 1778 3550 Nebeothis
1793 3503 1848 3551 so-

303 3584 479 3672 σκέψαντος
494 3595 549 3652 τοῦ
571 3587 698 3673 πατρός.
714 3584 753 3653 Ὁ
769 3587 873 3673 μέντοι
890 3589 993 3656 Ἠσαῦ
1014 3593 1052 3678 ή-
1097 3612 1218 3674 rorem,
1238 3594 1441 3671 cognatione
1456 3591 1655 3673 patruelem,
1671 3595 1762 3653 etex
1777 3609 1851 3654 ma-

302 3690 419 3777 γόιγετο
433 3701 570 3778 γυναῖκα
592 3693 651 3778 τήν
673 3691 838 3778 θυγατέρα
852 3691 998 3780 Ἰσμαήλ,
1014 3695 1050 3760 ἀ·
1096 3699 1277 3763 trealiena
1291 3699 1456 3776 genitam,
1468 3697 1534 3760 sibi
1546 3694 1664 3775 junxit
1675 3696 1850 3759 matrimo-
1966 3719 1967 3776 γ

302 3796 423 3883 δελφήν
444 3807 500 3863 τοῦ
521 3797 649 3864 Νεόεὼθ
663 3793 715 3884 ²),
740 3799 873 3885 ἀνεψιόν
894 3801 1051 3886 δήπουθεν
1097 3807 1163 3886 nio,
1175 3803 1282 3884 fitque
1293 3806 1388 3885 pater
1399 3802 1585 3864 multorum
1600 3799 1759 3863 filiorum.
1776 3801 1849 3863 Pri·
1966 3807 1967 3832 ¹

302 3900 456 3987 ἀγόμενος
470 3901 585 3968 ἑαυτοῦ
607 3901 743 3988 γυναένια
759 3905 836 3988 πρός
859 3907 986 3989 πατρὸς,
1002 3906 1050 3986 ξέ-
1096 3909 1292 3988 mogenitus
1306 3909 1421 3969 autem
1437 3905 1490 3967 illi
1506 3902 1573 3965 fuit
1587 3901 1704 3964 Edom.
1723 3901 1849 3965 Verbo

302 4025 360 4088 νην
387 4005 422 4069 δὲ
447 4007 524 4087 πρός
553 4008 680 4090 μητρός,
706 4005 905 4092 καὶγίνεται
930 4007 1051 4074 παίδων
1096 4003 1849 4088 rummeorumfideseritpeneadivinaeffata

302 4107 427 4174 πολλῶν
442 4107 558 4193 πατήρ.
575 4109 780 4194 Πρωτότονιος
801 4113 836 4177 δέ
851 4113 947 4178 αὐτοῦ
966 4112 1050 4179 όἘ-
1096 4116 1221 4198 quibus
1232 4113 1405 4178 asseritur:
1423 4112 1503 4174 «Hae
1514 4127 1594 4173 vero
1606 4110 1846 4190 generationes
1966 4165 1967 4174 ,

302 4212 380 4298 δὼμ,
395 4213 450 4277 καὶ
467 4210 660 4299 μαρτυρήσει
673 4234 724 4301 μοι
739 4217 775 4279 τό
786 4215 869 4300 ἱερόν
879 4217 986 4306 λόγιον
997 4217 1049 4286 λέ-
1095 4220 1202 4283 Edom
1217 4223 1252 4282 et
1270 4220 1396 4282 Esau.»
1419 4217 1500 4291 Quae
1523 4215 1633 4294 igitur
1646 4215 1749 4296 paulo
1764 4220 1845 4278 ante

301 4336 377 4400 γον·
399 4313 503 4380 aava
525 4316 560 4380 δὲ
582 4316 615 4380 αἱ
644 4316 783 4404 γενέσεις
805 4319 908 4386 Ἠσαῦ
929 4327 1049 4408 πατρὸς
1095 4324 1289 4391 delsmaele
1303 4320 1511 4399 dicebantur,
1524 4321 1635 4398 legem
1648 4335 1769 4401 nempe
1782 4319 1846 4382 cir-

267 4427 268 4430 ’
302 4419 419 4506 Ἐδὼμ.
435 4417 558 4486 Οὐκοῦν
575 4421 655 4506 ἅπερ
678 4420 806 4508 ἐλέγετο
829 4436 940 4511 μικροῦ
956 4429 1050 4512 πρόσ-
1095 4427 1313 4496 cumcisionis
1342 4431 1511 4508 receptam
1531 4441 1552 4485 a
1576 4427 1671 4504 patre
1702 4424 1846 4503 posteris

301 4527 354 4592 θεν
369 4527 440 4611 περὶ
455 4537 512 4591 τοῦ
527 4525 673 4613 Ἰσμαήλ,
686 4527 733 4592 ότι
744 4529 783 4614 δή
797 4530 990 4614 παραλαόὼν
1001 4530 1050 4597 νό-
1094 4536 1166 4599 suis
1181 4530 1382 4597 servandam
1392 4528 1581 4608 tradidisse,
1594 4527 1665 4590 haec
1676 4527 1795 4592 eadem
1804 4526 1845 4591 de

302 4652 360 4716 μον
375 4629 539 4716 πατρόθεν,
563 4633 617 4696 τόν
639 4641 697 4718 τής
719 4643 900 4720 περιτομῆς,
922 4633 1050 4721 παρεδέ-
1095 4641 1187 4704 Esau
1213 4636 1285 4699 filio
1307 4617 1400 4698 Isaac
1423 4631 1486 4696 filii
1508 4631 1678 4697 Abraham
1697 4629 1845 4694 affirma-

300 4735 356 4799 δου
367 4734 509 4820 ἐγγόνοις
520 4745 584 4812 τοῖς
604 4734 729 4818 ἑαυτοῦ,
744 4745 845 4803 ταῦτα
856 4737 959 4823 λέγειν
974 4738 1049 4827 ήμῖν
1095 4760 1182 4821 mus,
1198 4743 1310 4819 legem
1321 4738 1482 4802 videlicet
1489 4736 1531 4800 ab
1539 4753 1603 4799 avo
1614 4739 1776 4818 patreque
1789 4753 1846 4800 su·

335 4975 663 5046 l)G011·¹¹¹220·M⁰1
678 4977 817 5050 Auliiiuss,
835 4999 870 5036 ⁸⁰
888 4981 915 5037 Si
934 5001 979 5051 μοι
991 5001 1051 5042 non
1096 5012 1163 5052 cere
1174 5009 1234 5050 non
1251 4989 1348 5066 potuit
1359 4991 1531 5063 Scriptorum
1542 4953 1754 5064 μυθολογεῖσθαι,
1766 4989 1845 5064 qnod

296 5063 428 5135 legisset,
439 5063 529 5137 paulo
541 5062 691 5122 aberravit
701 5072 833 5123 vertens:
852 5068 935 5126 “cm
947 5076 1046 5134 omnia
1097 5081 1220 5140 verbum
1230 5077 1360 5135 Allatiua
1371 5076 1423 5135 vix
1435 5077 1546 5148 attigit.

299 5148 461 5206 haeceffata
474 5154 520 5206 est
531 5147 704 5224 Scriptura?
714 5191 729 5222 „
749 5153 987 5230 thaumaturgus
1005 5161 1047 5238 di,
1078 5179 1107 5242 2)
1122 5169 1194 5226 Gom
1208 5181 1315 5236 νινιιι,
1332 5168 1357 5222 ’λ
