4020 6098
756 441 799 504 IN
822 438 1022 503 PSALIIUM
1044 439 1177 503 CXVIII
1670 445 1735 506 253

189 545 448 665 ὁρμηνεῦσαντες,
460 575 654 663 πεποιήκασι
661 579 715 643 τὸν
729 578 802 664 παρ’
812 573 937 662 Ἑὸραί-
984 581 1073 662 quod
1089 582 1197 645 Graeci
1213 582 1414 664 interpretes
1427 581 1647 648 confecerunt
1662 603 1735 650 ver·

191 705 237 762 οις
249 682 357 771 στίχον
369 683 530 761 ἒντοθτοις
543 684 608 764 δύο.
620 682 660 749 Oi
674 684 709 748 δὲ
723 691 864 768 κρεῖττον
872 703 938 748 ποι·
982 687 1129 749 siculum
1152 687 1371 750 nebraeorum
1394 705 1436 751 ex
1459 688 1589 754 duobus
1614 707 1732 753 unum.

189 798 307 872 οῦντες,
320 787 362 866 ὡς
376 799 470 853 τοῦτο
486 786 677 874 ἀντίγραφον
691 787 828 872 γράψας,
844 785 938 851 οἱονεί
983 792 1047 866 Qui
1063 808 1142 854 vero
1156 793 1264 866 satius
1287 797 1443 873 egerunt,
1460 798 1500 856 ut
1514 795 1731 858 amanuensis

190 892 348 978 πεποίηκε
361 895 420 978 τὴν
443 893 547 978 ἀρχὴν
563 901 618 958 τοῦ
633 889 743 977 στίχου
768 889 836 976 μετ’
847 888 939 954 ἐκτά·
982 893 1123 975 huJ'usoe
1140 897 1351 977 exemplaris,
1368 898 1465 978 quasi
1489 898 1625 961 initium
1645 897 1731 962 fece·

187 991 278 1080 στοις,
299 999 353 1084 τὸν
375 997 410 1062 δὲ
431 997 588 1062 δοκοῦντα
612 985 766 1080 δεύτερον,
791 997 833 1080 μὴ
859 995 936 1059 ὄντα
982 1007 1063 1065 runt
1084 1003 1245 1064 versiculi
1264 1002 1306 1065 ab
1325 1004 1490 1084 auctario,
1514 1008 1549 1067 et
1571 1021 1649 1066 eum
1671 1005 1732 1085 qui

187 1101 341 1186 δεύτερον,
366 1101 451 1168 άλλίι
472 1101 584 1188 λῆμμα
606 1109 661 1166 τοῦ
680 1099 834 1185 προτέρου
858 1100 937 1185 μετά
981 1106 1151 1170 secundus
1166 1107 1311 1186 videtur,
1325 1123 1392 1170 non
1404 1107 1573 1170 secundus
1589 1111 1650 1186 est,
1671 1107 1731 1171 sed

187 1205 372 1292 αἰσθήσεως,
396 1207 450 1271 καί
472 1213 566 1271 τοῦτο
587 1202 762 1290 πεποίηκεν
784 1211 840 1267 τοῦ
859 1201 935 1266 ὁλου
980 1210 1103 1292 prioris
1125 1210 1349 1291 appendicula
1378 1224 1456 1274 oum
1487 1227 1590 1276 sensu
1619 1228 1731 1293 perse·

186 1319 243 1376 τοῦ
259 1309 366 1395 ῥητοῦ.
982 1317 1116 1394 quante,
1132 1314 1288 1395 idemque
1303 1314 1383 1378 fecit
1399 1316 1434 1379 in
1449 1319 1521 1378 tota
1536 1316 1632 1379 serie.

192 1443 195 1448 ·
229 1434 261 1479 ν.
280 1417 311 1479 3.
326 1411 374 1480 Οὐ
388 1413 450 1499 γὰρ
466 1411 495 1477 ot
511 1411 716 1499 ἐργαζόμενοι
730 1415 789 1498 τὴν
803 1409 936 1499 ἀνομίαν
1023 1417 1062 1478 V.
1079 1417 1109 1478 3.
1125 1416 1198 1481 Non
1211 1417 1297 1481 enim
1321 1417 1380 1500 qai
1404 1422 1579 1499 operantur
1602 1419 1726 1502 iniqui·

191 1517 227 1584 ίν
241 1527 310 1596 ταῖς
325 1520 408 1597 ὁδοῖς
423 1520 520 1585 αὐτοῦ
535 1518 762 1603 επορεύθησαν.
979 1522 1087 1599 tatem,
1105 1519 1142 1584 ε’νι
1155 1520 1222 1585 uiis
1236 1521 1307 1602 ερίαι
1321 1521 1576 1589 emissemus.

233 1623 273 1690 n
288 1626 341 1690 τὸν
356 1625 389 1690 ἐν
400 1633 469 1702 ταῖς
491 1624 574 1702 ὁδοῖς
588 1621 707 1708 Κυρίου
726 1619 936 1707 πορευόμενον
1023 1626 1058 1688 si
1074 1643 1152 1687 eum
1167 1625 1345 1688 dumtaxat
1360 1627 1420 1707 qui
1436 1625 1589 1690 ambulat
1599 1628 1644 1700 ,in
1659 1627 1726 1692 viis

188 1728 238 1794 δεῖ
250 1726 432 1814 προσίεσθαι
456 1727 549 1814 μόνον
564 1727 615 1814 ἐπὶ
629 1728 686 1803 τὰς
701 1726 808 1802 κοινάς
828 1725 935 1810 εθχὸις,
979 1729 1125 1808 Domini,
1140 1727 1190 1792 fas
1206 1734 1258 1792 est
1281 1729 1439 1794 secedere
1462 1730 1505 1794 ad
1527 1747 1723 1796 communes

188 1835 225 1899 οῦ
239 1831 404 1917 προσιτέον
419 1836 474 1897 τδν
487 1831 699 1917 ἐργαζόμενον
717 1831 776 1915 τὴν
790 1827 933 1915 ἀνομίαν,
978 1850 1104 1915 praees,
1119 1834 1276 1899 accedere
1299 1835 1393 1898 nefas
1410 1838 1461 1898 est
1477 1853 1555 1898 eum
1567 1837 1628 1918 qui
1648 1851 1727 1918 ope-

185 1935 228 2016 ιὶις
240 1937 276 2002 οὐ
287 1936 496 2023 πορευόμενον
511 1937 546 2001 ὲν
556 1945 626 2012 ταῖς
641 1935 724 2012 ὁδοίς
739 1932 868 2018 Κυρίου.
884 1932 936 1998 Ἐ-
979 1944 1075 2001 ratur
1088 1938 1314 2018 iniquitatem,
1331 1943 1370 2002 ut
1385 1940 1444 2020 qui
1474 1956 1543 2003 non
1569 1940 1723 2004 ambulat

95 2123 98 2130 Δ
186 2040 283 2126 πάγει
296 2039 379 2126 γάρ·
980 2041 1095 2105 inviis
1110 2043 1256 2105 Domtni.
1272 2045 1356 2106 Nam
1372 2040 1525 2107 additur:

229 2164 261 2209 ν.
279 2146 309 2209 4.
327 2143 371 2210 Σὺ
394 2141 538 2208 ἑνετείλυ
560 2143 617 2220 τὰς
633 2141 765 2220 ὁντολάς
786 2161 854 2226 σου,
878 2149 933 2205 τοῦ
1022 2146 1061 2207 V.
1084 2144 1116 2208 4.
1133 2147 1185 2210 Ta
1198 2145 1599 2213 maiestatemne
1624 2151 1726 2215 aaa·

187 2247 386 2335 φυλάξασθαι
401 2249 533 2333 σιρδδρα.
978 2247 1047 2314 diri
1061 2249 1171 2313 aistis.
1350 2258 1353 2264 '

229 2351 404 2439 Τοιγαροῦν
427 2348 587 2437 ἀναγκαία
602 2348 624 2438 ἡ
644 2349 762 2417 τούτων
784 2348 933 2436 φυλακή·
1022 2356 1172 2430 Quorum
1186 2372 1267 2419 sane
1282 2355 1520 2420 mandatorum
1536 2355 1726 2419 necessaria

183 2463 249 2534 τοϊς
262 2458 324 2542 γάρ
347 2456 531 2541 εὐρρονοῦσι
546 2457 600 2521 καί
623 2457 720 2541 εὐχῆς
742 2457 835 2540 ἔργον
850 2451 933 2539 ὁρεί-
980 2463 1031 2522 est
1059 2459 1221 2524 custodia:
1252 2476 1399 2541 namque
1426 2464 1516 2524 reete
1541 2461 1726 2524 sentientes

182 2561 231 2626 λει
252 2559 406 2646 γενέσθαι,
430 2569 474 2645 τῷ
496 2560 530 2625 ἐν
553 2561 674 2646 σπουδῇ
694 2558 872 2644 κατορθοῦν
894 2559 935 2623 τά
979 2567 1262 2644 oportetpreoum
1282 2563 1431 2628 offloium
1447 2563 1538 2627 ineo
1560 2565 1727 2646 impleant

185 2665 433 2752 προστάγματα·
449 2663 532 2732 Θεοῦ
543 2652 605 2751 γάρ’
616 2665 685 2733 τίοι.
698 2662 765 2730 Καὶ
777 2664 857 2749 μετά
876 2661 936 2727 πά-
980 2666 1070 2749 qnod
1080 2668 1228 2731 studi0se
1241 2673 1274 2732 et
1289 2672 1378 2732 reete
1391 2671 1621 2748 exsequantur
1632 2685 1727 2731 man·

185 2791 246 2854 σης
271 2767 411 2846 εὐτονίας
432 2769 488 2833 καί
513 2768 725 2854 σφοδρότητος
753 2765 933 2852 [μακάριος]
979 2773 1068 2836 data:
1084 2772 1145 2834 Dei
1161 2773 1252 2836 enim
1267 2776 1358 2836 sunt.
1371 2771 1474 2852 Atqui
1489 2768 1634 2855 [beatus]
1647 2787 1727 2833 uum

186 2873 356 2958 ἐργάζεται
378 2874 419 2938 τά
440 2871 700 2959 προστεταγμένα
722 2872 782 2936 ost
797 2879 853 2938 τοῦ
871 2869 936 2936 Κυ-
979 2878 1071 2941 omni
1090 2877 1271 2956 diligentia
1287 2881 1320 2940 et
1335 2877 1441 2940 nimia
1463 2875 1677 2939 vehementIa
1692 2890 1727 2936 o·

187 2978 266 3065 ρίου.
628 2964 631 2970 ’
864 3003 866 3010 ’
979 2983 1119 3061 peretur
1132 2980 1267 3043 Domini
1283 2982 1460 3061 praeoepta.

228 3102 260 3148 ν.
285 3085 315 3148 5.
338 3080 479 3167 Ὄφελον
502 3079 787 3167 κατευθυνθείησαν
812 3079 845 3145 αί
868 3077 935 3144 ὁδοί
1022 3087 1062 3148 V.
1078 3084 1108 3146 5.
1127 3083 1728 3166 Utimmdirqaatarstamaoeadca·

187 3207 256 3273 μου,
272 3198 328 3253 τοῦ
343 3185 540 3271 φυλάξασθαι
555 3183 596 3251 ’τά
611 3184 807 3271 δικαιώματά
823 3203 890 3248 σου.
978 3187 1178 3254 stodieodmn
1189 3188 1443 3272 justificamus
1459 3193 1556 3254 tuos!

234 3289 311 3358 Ἐάν
330 3294 373 3378 μὴ
389 3290 564 3376 ιιατευθῦνη
580 3291 598 3355 ὁ
615 3289 705 3372 Θεδς,
721 3287 885 3376 συμπνέων
899 3286 936 3374 ἡ·
1024 3293 1097 3356 Nisi
1118 3294 1219 3372 Deus,
1254 3292 1352 3356 nobIs
1378 3293 1564 3375 adspirans,
1587 3293 1729 3374 dirigat,

187 3405 248 3483 μίν,
265 3396 336 3462 ὁὸθν
351 3397 388 3460 οῦ
403 3395 600 3481 φυλάξομεν·
616 3393 788 3481 συμπνοίας
800 3392 935 3479 δεόμεθα
978 3397 1071 3461 viam
1086 3414 1153 3461 non
1168 3398 1407 3461 custodiemus.
1432 3399 1589 3462 Numinis
1604 3397 1725 3462 afflatu

183 3501 438 3585 κατευθυνούσης
453 3502 510 3582 τάς
522 3501 613 3578 ὁδοὺς
627 3500 717 3586 ἡμῶν
730 3500 774 3576 εἰς
789 3501 826 3563 τδ
838 3497 936 3584 ρυλά-
980 3500 1185 3580 indigemus,
1201 3503 1260 3581 qui
1272 3506 1380 3565 reotas
1393 3502 1495 3565 faeiat
1505 3503 1578 3566 vias
1592 3509 1724 3568 nostras

186 3605 237 3686 ξαι
251 3607 293 3670 τά
314 3604 513 3691 δικαιώματα
534 3613 590 3668 τοῦ
606 3602 699 3684 Θεοῦ,
723 3600 809 3666 άλλά
823 3601 878 3664 καί
900 3601 936 3664 τὸ
980 3606 1023 3669 ad
1034 3605 1270 3670 eustodIendas
1285 3606 1347 3670 Dei
1358 3604 1520 3687 justitias,
1536 3611 1611 3671 tum
1624 3609 1728 3672 etIam

187 3712 230 3798 μὴ
248 3719 425 3794 περιπεσεῖν
442 3707 561 3793 μείζοσι
575 3713 759 3791 πειρασμοῖς
770 3713 828 3790 τῆς
843 3703 934 3769 δυνά·
980 3729 1023 3774 ne
1042 3711 1233 3775 incidamus
1253 3711 1289 3772 in
1317 3708 1513 3773 discrimina
1535 3727 1611 3792 quaa
1638 3713 1728 3776 vires

187 3835 269 3902 μεως
283 3812 382 3900 ἡμῶν,
395 3813 481 3878 δι’ὧν
492 3813 509 3874 δ
520 3809 693 3895 ἐπιτρέπων
705 3809 820 3884 αὐτοὺς
831 3805 937 3892 γενέσ·
979 3819 1111 3879 nostras
1125 3820 1295 3898 superent,
1313 3815 1437 3896 quibus
1452 3816 1553 3896 Deus,
1575 3815 1656 3880 dum
1686 3835 1728 3882 ea

186 3919 239 3985 θαι
262 3917 352 4000 Θεὸς,
376 3916 469 3981 οἱονεί
492 3914 662 3980 άπυθείται
682 3912 768 3999 ἡμᾶς
791 3911 853 3976 ἀπὸ
876 3919 937 3976 τῦν
980 3920 1155 4002 permIttit,
1180 3918 1315 3982 videtur
1336 3935 1397 3982 nos
1426 3919 1635 3985 amandatis
1656 3923 1729 3987 suis

188 4021 325 4088 ἐντολῶν
348 4020 478 4085 tauros·
495 4018 607 4102 aaa,
631 4014 800 4103 ῑῦλόμῑνός
823 4035 936 4101 φησιν·
981 4041 1153 4107 amovere3
1169 4023 1293 4090 idcirco
1309 4024 1368 4109 qui
1381 4027 1455 4086 orat
1469 4023 1565 4087 dioit:
1585 4027 1659 4089 «Na
1674 4043 1729 4090 me

187 4125 242 4213 Μὴ
260 4125 372 4210 άπώση
387 4145 425 4211 με
440 4123 502 4188 ἀπὸ
517 4131 579 4188 τῶν
592 4119 725 4188 ἐντολῶν
741 4141 807 4185 σου.
826 4117 938 4205 [Ὀφε-
980 4129 1124 4210 repellas
1136 4126 1336 4191 amandatis
1351 4129 1430 4191 tuis.
1442 4123 1584 4212 Ὄφελον
1599 4133 1651 4193 est
1665 4148 1727 4212 pro

189 4231 257 4315 λον]
275 4229 343 4296 ἀντὶ
358 4239 431 4294 τοῦ·
448 4226 522 4292 εἴθε.
538 4223 723 4313 Σημαντέῦν
738 4225 773 4289 δὲ
789 4225 886 4309 εὐχῆς
901 4223 938 4286 τὸ
980 4233 1044 4298 hao
1059 4249 1141 4296 voce
1157 4229 1229 4312 εἴθε,
1244 4228 1388 4297 utinam,-
1407 4232 1496 4313 quod
1512 4233 1652 4309 signum
1676 4238 1728 4298 est

190 4334 320 4421 ὄφελον·
337 4336 374 4399 οὔ
388 4335 450 4420 γὰρ
462 4331 567 4409 ἄλλως
578 4352 624 4407 τίς
636 4329 772 4415 φυλάξαι
785 4331 827 4395 τὰ
841 4328 939 4392 δικαι-
980 4338 1102 4402 votivae
1118 4337 1294 4402 orationis:
1311 4353 1421 4416 neque
1434 4336 1524 4398 enim
1537 4335 1636 4400 aliter
1648 4338 1727 4417 quis

187 4436 309 4524 ίιμοιτα,
326 4439 354 4503 εί
374 4438 419 4524 μη
434 4431 727 4518 *maestosuocuo
750 4432 783 4500 αἱ
798 4433 865 4497 ὁδοὶ
883 4432 938 4496 αὓ-
981 4447 1094 4506 oustos
1110 4442 1176 4504 erit
1186 4438 1409 4522 justitiarum,
1440 4439 1507 4502 nisi
1533 4438 1730 4519 dirigantur

229 4667 392 4728 Hmsnrus
408 4661 488 4726 iao.
513 4661 542 4723 5.
560 4659 610 4723 Ad
633 4676 777 4741 qnorum
799 4657 936 4742 [officio-
981 4654 1116 4716 erimus.
1144 4647 1335 4731 AdJuvandi
1363 4649 1472 4728 igttur
1493 4666 1553 4731 per
1579 4650 1726 4729 gratiam

185 4751 275 4836 rum]
297 4750 485 4817 custodiam
510 4750 577 4813 nisi
599 4767 621 4811 a
643 4750 711 4812 Deo
734 4748 935 4826 dirigamur,
980 4740 1063 4822 ejus,
1079 4737 1318 4816 dirigendique
1339 4755 1468 4816 sumus,
1491 4742 1531 4802 ut
1550 4741 1729 4823 pracepto-

186 4841 338 4910 infirmes
350 4841 413 4921 (sic
424 4837 524 4918 codd.)
537 4855 597 4920 per
608 4840 766 4901 naturam
783 4840 934 4900 nostram
980 4847 1056 4894 rum
1068 4824 1348 4908 justificationem
1362 4843 1619 4909 consequamur.
1829 4837 1830 4840 ’

219 5094 247 5134 ν.
260 5076 286 5132 θ.
299 5074 366 5131 Vat.
378 5073 405 5128 4.
418 5071 463 5127 De
475 5068 678 5126 communione
695 5067 727 5126 In
739 5068 832 5124 saeris
844 5067 935 5126 absti-
1015 5085 1044 5124 ν.
1055 5065 1081 5120 4.
1094 5063 1162 5120 Vat.
1173 5062 1200 5130 4,
1213 5061 1256 5116 16.

184 5161 281 5224 nands
291 5159 423 5220 notanda
435 5163 505 5214 aunt
516 5155 687 5214 testimonia
698 5162 841 5213 veterum.
1013 5171 1041 5210 ν.
1054 5153 1080 5209 ὁ.
1093 5145 1437 5209 Vastatinnsato.
