4044 6104
875 443 1079 508 susumus
1679 445 1741 506 369

180 631 181 634 ,
211 575 416 662 τετρασελύδῳ
432 578 504 663 παρ’
516 576 626 661 οὐδενὶ,
639 579 711 645 otte
726 583 813 666 παρὰ
824 591 888 660 τοῑς
903 581 949 666 0',
994 585 1085 648 huno
1096 583 1246 665 judicem
1258 587 1384 650 tacitus
1396 602 1461 665 ego
1472 587 1611 650 lectores
1623 585 1741 650 anxios

210 681 282 746 oasa
297 682 340 758 εἰς
356 684 391 746 τὸ
406 681 569 770 Εύσεβίου.
587 685 638 768 (cf.
654 687 749 770 iasra
757 706 809 770 ps.
825 689 939 771 cxvrr).
995 691 1129 753 mittere
1151 690 1285 754 soleam.
1307 692 1442 769 Verum,
1467 691 1518 764 uti
1536 689 1607 770 jam
1631 689 1738 752 usius

251 787 424 851 Accedunt
452 789 569 852 eodem
599 793 850 858 communitatis
872 792 951 873 jure
995 792 1036 857 de
1046 795 1262 874 psalmisase
1274 794 1372 858 editis
1386 795 1474 858 ultro
1487 793 1625 870 notavit,
1641 807 1741 872 «per-

182 905 186 914 ’
208 891 362 971 quaedam
373 893 541 958 Melitonis
556 893 741 974 sardensis,
757 913 864 976 pauca
880 899 953 977 qui·
996 897 1112 976 paucis
1124 898 1281 977 exceptis,
1297 898 1509 976 theologicus
1522 898 1558 959 in
1572 896 1635 958 hac
1653 912 1741 958 nova

207 995 292 1076 dem,
308 996 366 1060 sed
382 1014 458 1078 quae
473 999 628 1076 origenis
649 1003 684 1062 et
697 999 835 1063 Eusebii
854 1018 953 1065 ouras
997 1000 1135 1064 Eusebii
1145 1005 1239 1080 parte
1248 1000 1288 1064 de
1298 1001 1421 1065 Christi
1433 1001 1610 1064 divinitate
1622 1016 1741 1063 sensus

207 1100 354 1180 produnt
375 1101 411 1163 in
427 1101 631 1183 evolvendis,
651 1103 782 1166 utinam
799 1103 954 1187 frequen·
997 1105 1267 1188 orthodoxosque
1291 1105 1416 1186 ubique
1432 1109 1498 1184 est3
1523 1105 1659 1168 moralis
1684 1120 1742 1166 au·

207 1205 290 1268 tiusi
305 1205 491 1269 canonibus
503 1206 544 1269 de
560 1225 595 1270 re
611 1208 794 1286 allegorica
805 1209 847 1271 sb
859 1210 952 1272 Asia·
995 1214 1064 1272 tem
1076 1214 1109 1271 et
1124 1189 1316 1274 doctrinalis
1331 1208 1429 1273 valde
1441 1210 1517 1290 pius
1529 1211 1563 1270 et
1578 1207 1683 1284 utilia,
1699 1204 1740 1268 de

207 1325 250 1370 no
279 1313 313 1371 et
341 1309 522 1389 apostolico
548 1311 621 1372 viro
652 1311 828 1374 institutis.
859 1309 950 1375 Adde
996 1317 1085 1375 recte
1100 1311 1324 1392 agendsvita,
1337 1313 1377 1376 de
1393 1311 1511 1376 orandi
1526 1328 1601 1390 usu,
1614 1310 1655 1374 de
1671 1309 1742 1372 ani-

206 1413 308 1476 etiam
333 1429 450 1494 pauca,
466 1413 525 1478 sed
551 1413 649 1477 cedro
668 1415 820 1494 linenda·
841 1416 949 1479 sancti
995 1433 1058 1478 me
1070 1415 1334 1495 immortalitate,
1349 1415 1389 1479 de
1405 1415 1521 1480 futura
1533 1417 1612 1494 vita,
1620 1414 1661 1478 de
1674 1414 1741 1478 hae·

205 1516 383 1598 Pamphili,
391 1516 712 1582 abiudividuosoaio
723 1519 870 1584 Eusebio
882 1537 949 1583 non
994 1519 1174 1582 reticcrum
1201 1519 1469 1601 reprehensione,
1496 1524 1589 1583 eto.»
1621 1522 1664 1582 ht
1685 1537 1741 1582 su·

206 1619 394 1700 amovendi,
408 1620 476 1684 alia
490 1622 636 1704 Didymi,
649 1640 727 1686 oum
739 1623 876 1688 Eusebii
893 1640 950 1687 uo·
992 1623 1115 1702 spicari
1127 1623 1222 1688 lubet
1232 1623 1560 1706 prudentisalicujus
1570 1621 1738 1706 διορύωτού

207 1723 483 1790 mineetscholiis
497 1726 948 1809 mervatmaliaoujusdam
993 1745 1097 1791 manu
1106 1732 1274 1808 expuncta
1285 1728 1389 1792 fuisse
1400 1727 1613 1807 offendicula,
1621 1728 1650 1791 si
1662 1744 1739 1808 quaa

206 1828 404 1911 Hieronymi
429 1831 544 1910 graeci,
560 1831 670 1909 ignoti
692 1833 843 1912 hadreae,
866 1835 952 1898 hna-
995 1832 1130 1912 fuerint,
1147 1831 1303 1913 idemque
1318 1832 1408 1926 apud
1427 1834 1559 1896 Graecos
1577 1835 1676 1895 caute
1696 1829 1712 1894 f
1729 1865 1742 1877 ·

209 1932 304 1997 atasii
316 1949 450 2014 quoque
462 1935 498 1997 in
510 1936 638 1999 catenis
648 1936 868 2016 rarissimi,ao
880 1939 952 2000 tan-
995 1941 1087 2001 ctum
1103 1954 1175 2000 esse
1187 1935 1277 2018 quod
1288 1952 1347 2016 pro
1361 1937 1556 2000 Latinorum
1568 1933 1741 1998 commodo

207 2035 292 2115 dem,
309 2042 348 2100 ut
369 2039 452 2102 alios
475 2039 604 2117 sileam,
621 2039 744 2102 Asterii
767 2041 802 2102 in
825 2041 950 2121 optimo
994 2045 1131 2106 sanctus
1153 2040 1320 2104 Eusebius
1339 2038 1563 2104 Veraellensis
1581 2057 1740 2120 procura-

206 2141 320 2214 oodioe
347 2147 459 2206 nostro
482 2141 678 2224 frequentis,
702 2159 802 2224 quem
826 2145 951 2208 Monte·
994 2147 1053 2224 vit,
1079 2146 1139 2225 qui
1165 2161 1282 2225 quum,
1308 2147 1394 2207 teste
1424 2143 1638 2224 Hieronymo,
1678 2158 1740 2204 «c

208 2244 373 2322 ¹falconius
384 2245 533 2310 traducit
550 2246 760 2327 «sophistam
772 2247 875 2312 fuisse
887 2249 950 2311 cir·
995 2249 1125 2312 muium
1145 2249 1353 2328 psalmorum
1368 2248 1625 2311 commentarios
1641 2247 1743 2310 haere·

208 2349 403 2428 culatorem,
431 2349 466 2412 in
492 2349 574 2430 ipsis
597 2351 779 2416 arianismi
805 2351 950 2416 exordiis
995 2353 1053 2416 tici
1065 2353 1212 2416 hominis
1224 2353 1326 2415 vertit
1341 2352 1376 2415 in
1393 2355 1545 2415 nostrum
1558 2352 1741 2433 eloquium,

213 2453 890 2520 contracatholicosantistitesclassioum
898 2473 951 2519 ca-
995 2459 1075 2520 licet
1108 2457 1266 2520 heretica
1301 2456 1581 2537 pretermittens,
1616 2455 1743 2536 optima

215 2561 361 2635 nentem,
377 2560 412 2620 et
425 2556 613 2620 doctrinam
628 2558 669 2621 de
684 2558 770 2622 Filio
784 2559 847 2623 Dei
864 2577 957 2640 spar·
999 2577 1142 2643 quaeque
1179 2561 1428 2624 transtulerit»
1472 2557 1566 2635 Quod
1603 2558 1745 2638 ipsemet

214 2664 361 2739 gentem,
382 2661 436 2724 vel
452 2661 526 2742 ipsa
540 2662 697 2725 Arianica
712 2662 952 2728 deteriorem.»
999 2666 1256 2744 strigoniensis,
1287 2667 1323 2728 in
1350 2680 1495 2727 censura
1523 2681 1584 2726 neo
1610 2679 1743 2744 paraus,

220 2819 221 2824 ,
254 2763 409 2842 Longum
434 2763 581 2847 denique
607 2770 696 2830 esset
717 2783 895 2831 excurrere
919 2769 955 2832 in
999 2767 1242 2850 nequemollis,
1259 2766 1566 2831 uuotamenverho
1582 2765 1616 2828 in
1632 2782 1743 2829 aevum

211 2867 348 2932 Eusebii
363 2868 580 2950 theologiam,
595 2869 686 2933 haud
698 2871 865 2936 immerito
877 2891 954 2937 cen·
999 2870 1256 2951 commendavit,
1272 2871 1353 2934 dum
1378 2873 1466 2934 inter
1487 2870 1589 2934 libros
1605 2868 1742 2934 Eusebii

191 2973 298 3040 ,soris
312 2972 560 3037 Montefalconii
576 2975 675 3053 virga
690 2982 882 3056 mactatam,
898 2995 956 3041 cu·
1001 2979 1168 3040 recenset:
1202 2976 1275 3040 «Et
1299 2977 1334 3040 in
1357 2992 1396 3039 cn
1419 2977 1564 3056 psalmos
1587 2972 1746 3037 eruditis·

205 3075 264 3155 jus
277 3077 480 3140 sententiam
498 3078 545 3140 ita
560 3077 661 3141 velim
677 3080 845 3161 amplecti,
862 3085 901 3144 ut
915 3081 957 3144 ad
1003 3082 1105 3144 simos
1128 3080 1425 3143 commentarios.»
1638 3086 1640 3092 ’

862 3375 1032 3454 Psalmus
1056 3373 1092 3450 I.

256 3645 287 3692 ν.
322 3632 349 3694 l.
373 3624 536 3712 Μακάριος
559 3626 639 3712 ἀνὴρ
662 3627 696 3703 ὃς
719 3625 777 3689 oda
797 3624 952 3709 ἐπορεύθη
1041 3643 1072 3688 v.
1091 3627 1118 3688 1.
1134 3627 1255 3690 Beatus
1269 3624 1322 3690 oir
1336 3627 1394 3707 qui
1418 3625 1574 3690 tmaatiit
1591 3627 1628 3689 ιἰι
1644 3627 1745 3692 eomi-

214 3733 249 3797 ἐν
266 3731 362 3818 βουλῇ
377 3730 508 3812 ἀοιδῶν,
526 3730 594 3795 κτλ.
615 3732 713 3798 Vatia.
730 3732 766 3794 Β.
784 3730 857 3808 625,
881 3732 922 3792 1.·
998 3730 1042 3793 lio
1057 3729 1231 3809 impiorum
1242 3735 1304 3792 etc.

258 3833 465 3902 ΕΥΣΕΒΙΟΥ
495 3830 697 3919 Καισαρείας,
723 3830 836 3918 ὁμοίως
866 3829 951 3897 nal·
1043 3831 1177 3897 Boeotii
1200 3833 1416 3896 cesariensis
1439 3835 1610 3916 simulque
1639 3835 1746 3916 Ortac-

214 3920 386 4006 ΓΕΝΟΥΣ.
403 3936 526 4024 Haeret
540 3939 615 4003 εἰσιν
630 3937 660 4001 οἱ
674 3937 758 4000 κατὰ
768 3937 827 4021 τὴν
840 3945 953 4021 γνῶσιν
998 3936 1061 4000 ais.
1078 3939 1271 4000 Peccatores
1285 3938 1387 4018 primi
1407 3937 1533 4001 ordinis
1550 3943 1631 4002 sunt
1645 3939 1669 4001 ii
1685 3939 1745 4019 qui

211 4044 468 4131 πλημμελοῦντες
483 4042 534 4106 διὰ
548 4051 605 4127 της
622 4041 755 4126 ψευδοῦς
769 4041 839 4124 περὶ
854 4041 894 4104 τὰ
909 4041 952 4126 μὴ
999 4041 1299 4104 contrasoientiam
1312 4046 1453 4122 peccant
1465 4059 1525 4122 per
1548 4043 1742 4106 mendacem

210 4149 285 4214 ύντοι
300 4148 342 4226 aq
358 4149 434 4212 ύντοι
448 4144 646 4230 ὑπολήψεως.
663 4143 702 4209 Οἱ
716 4144 751 4208 δὲ
762 4143 953 4229 ἁμαρτωλοὶ,
999 4149 1208 4224 conceptum,
1225 4161 1352 4209 eaesae
1373 4150 1568 4226 reputantes
1583 4163 1658 4226 quae
1678 4163 1745 4210 non

245 4367 294 4423 Pa.
307 4383 327 4424 1.
341 4385 369 4425 r.
389 4369 412 4422 1.
426 4365 493 4422 Vat
513 4366 547 4420 13
566 4365 629 4422 sive
645 4365 723 4420 1789.
740 4363 847 4420 Statim
863 4363 955 4419 hahes
998 4369 1162 4432 ἀπαιδεύτοις
1174 4368 1248 4420 νιοιλύι
1259 4368 1426 4434 θηρεύοντες.
1449 4365 1557 4440 “Impii
1576 4366 1608 4422 in
1620 4366 1657 4422 iis
1680 4383 1746 4438 qum

210 4459 274 4510 tum
290 4451 347 4508 duo
359 4451 477 4508 nomina
497 4451 632 4523 magistri
644 4457 675 4506 st
696 4449 832 4523 discipuli
844 4449 955 4522 juncta,
997 4452 1109 4522 volunt,
1121 4469 1157 4508 ea
1168 4468 1228 4508 cum
1243 4457 1396 4524 apparente
1413 4453 1503 4509 stadio
1522 4453 1744 4525 aggrediuntur,

210 4547 274 4596 tum
290 4537 410 4594 Eusebii
420 4538 482 4610 jam
502 4537 574 4594 editi
590 4555 624 4593 ao
645 4554 704 4592 non
725 4536 800 4592 nihii
823 4535 955 4592 intricati
997 4545 1175 4613 aucupantes
1186 4556 1374 4610 quascumque
1391 4539 1535 4612 imperitis
1546 4541 1623 4598 bona
1643 4539 1744 4596 existi·

209 4623 412 4700 compendium
423 4625 542 4696 planum
559 4629 590 4679 et
600 4622 792 4697 perspicuum.
817 4621 955 4693 Sequitur
997 4631 1121 4679 mantua.
1135 4662 1150 4693 „
1163 4623 1214 4679 ubi
1232 4623 1297 4679 edd.
1312 4629 1326 4658 ‘¹
1339 4624 1428 4698 Impii
1440 4625 1477 4680 ad
1496 4626 1648 4682 consilium
1665 4642 1700 4681 aa
1712 4627 1743 4682 in

210 4713 241 4770 in
253 4712 353 4768 codice
365 4710 445 4767 solus
459 4710 616 4782 Origenes:
629 4715 740 4779 γενικῶς
750 4715 811 4778 τρία
827 4713 903 4776 ἐστιν,
920 4715 954 4764 ut
996 4712 1112 4781 speciem
1124 4709 1232 4782 quidem
1247 4710 1420 4766 considerate
1432 4711 1581 4783 accedunt,
1600 4711 1652 4768 aad
1664 4728 1742 4784 quse·

210 4799 288 4874 apud
309 4798 368 4854 BB.
381 4797 491 4852 Patrol.
515 4798 583 4852 1085
596 4797 629 4867 B,
642 4796 673 4852 O.
686 4814 721 4851 ao
737 4796 789 4854 vix
800 4813 891 4852 unum
902 4801 954 4851 aut
996 4812 1119 4866 eumque
1139 4795 1269 4868 imperiti
1281 4793 1357 4852 bona
1378 4795 1555 4853 existimant.
1575 4815 1611 4854 ea
1632 4804 1744 4856 sectan-

211 4886 336 4943 slterum
351 4883 516 4942 verbumin
538 4882 634 4956 amplo
646 4883 710 4938 loco
727 4881 867 4953 variatur,
879 4900 907 4940 ν.
924 4899 952 4954 g.
995 4888 1052 4936 tur.
1075 4919 1090 4950 „
1103 4882 1197 4937 Multa
1218 4881 1249 4936 id
1270 4899 1363 4953 genus
1383 4882 1552 4953 omittimus,
1573 4885 1626 4940 sed
1644 4884 1742 4942 omnia

210 4976 352 5044 ζηλοῦντες
364 4989 417 5045 pro
429 4968 641 5039 ςηπούνπεςούᾱ.
649 4973 680 5025 et
688 4968 759 5025 alibi
769 4973 797 5024 tu
806 4972 956 5037 οῐςβούλον·
999 4965 1099 5022 futuro
1111 4966 1367 5024 Antenicasnorum
1378 4973 1496 5041 patrum
1507 4968 1614 5026 editori
1626 4970 1744 5028 omuino

210 5079 253 5116 τοι
264 5061 449 5132 (βούλεύονιοιι
460 5056 514 5129 BB)
528 5061 552 5110 οῑ
569 5058 682 5123 tradate,
696 5061 735 5123 οῐς
751 5060 818 5124 μετὰ
830 5057 873 5128 (ού
891 5060 958 5124 μετὰ
1001 5052 1243 5112 commendamus.
1269 5053 1423 5126 Pergimus
1453 5055 1631 5128 psalmorum
1656 5055 1747 5114 verba

210 5147 264 5218 ΕΒ)
277 5149 407 5212 δοκούσης
420 5147 538 5212 σκέψεως
550 5147 748 5211 προσύρχοντοι,
760 5146 811 5198 toa
823 5147 957 5212 νομιζετοιι
1001 5158 1138 5200 revocare
1149 5139 1187 5198 ad
1200 5140 1261 5197 cod.
1276 5141 1369 5200 Vatia.
1383 5141 1408 5198 B
1421 5141 1548 5200 Eusebio
1561 5143 1750 5215 coaequalem.

293 5250 442 5295 aaannora
463 5251 505 5308 ur,
526 5235 573 5293 ii.
