<?xml version="1.0" encoding="UTF-8"?>
<!DOCTYPE html PUBLIC "-//W3C//DTD XHTML 1.0 Transitional//EN"
    "http://www.w3.org/TR/xhtml1/DTD/xhtml1-transitional.dtd">
<html xmlns="http://www.w3.org/1999/xhtml" xml:lang="en" lang="en">
 <head>
  <title>
</title>
<meta http-equiv="Content-Type" content="text/html;charset=utf-8" />
  <meta name='ocr-system' content='tesseract 3.04.00' />
  <meta name='ocr-capabilities' content='ocr_page ocr_carea ocr_par ocr_line ocrx_word'/>
</head>
<body>
  <div class='ocr_page' id='page_1' title='image "./analectasacrasp00pitrgoog_0273.png"; bbox 0 0 4020 6098; ppageno 0'>
   <div class='ocr_carea' id='block_1_1' title="bbox 295 427 1178 492">
    <p class='ocr_par' dir='ltr' id='par_1_1' title="bbox 295 427 1178 492">
     <span class='ocr_line' id='line_1_1' title="bbox 295 427 1178 492; baseline 0 -2"><span class='ocrx_word' id='word_1_1' title='bbox 295 427 362 490; x_wconf 81' lang='lat'><strong>262</strong></span> <span class='ocrx_word' id='word_1_2' title='bbox 969 429 1178 492; x_wconf 83' lang='lat' dir='ltr'>ORIGENES</span> 
     </span>
    </p>
   </div>
   <div class='ocr_carea' id='block_1_2' title="bbox 286 553 1836 3750">
    <p class='ocr_par' dir='ltr' id='par_1_2' title="bbox 286 553 1834 3352">
     <span class='ocr_line' id='line_1_2' title="bbox 334 553 1830 650; baseline -0.002 -20"><span class='ocrx_word' id='word_1_3' title='bbox 334 563 387 650; x_wconf 80' lang='grc' dir='ltr'><strong>Τῷ</strong></span> <span class='ocrx_word' id='word_1_4' title='bbox 410 564 445 630; x_wconf 82' lang='grc' dir='ltr'><strong>δέ</strong></span> <span class='ocrx_word' id='word_1_5' title='bbox 460 555 586 650; x_wconf 83' lang='grc' dir='ltr'><strong>τυχόντι</strong></span> <span class='ocrx_word' id='word_1_6' title='bbox 601 573 659 648; x_wconf 75' lang='grc' dir='ltr'><strong>τῆς</strong></span> <span class='ocrx_word' id='word_1_7' title='bbox 673 563 707 629; x_wconf 79' lang='grc' dir='ltr'><strong>ἐν</strong></span> <span class='ocrx_word' id='word_1_8' title='bbox 725 563 849 640; x_wconf 76' lang='grc' dir='ltr'><strong>τούτοις</strong></span> <span class='ocrx_word' id='word_1_9' title='bbox 872 561 1035 644; x_wconf 86' lang='grc' dir='ltr'><strong>συνέσεως,</strong></span> <span class='ocrx_word' id='word_1_10' title='bbox 1125 568 1186 631; x_wconf 83' lang='lat' dir='ltr'><strong>Cui</strong></span> <span class='ocrx_word' id='word_1_11' title='bbox 1201 568 1384 646; x_wconf 79' lang='lat' dir='ltr'><strong>contigerit</strong></span> <span class='ocrx_word' id='word_1_12' title='bbox 1398 567 1518 631; x_wconf 89' lang='lat' dir='ltr'><strong>horum</strong></span> <span class='ocrx_word' id='word_1_13' title='bbox 1535 553 1716 630; x_wconf 83' lang='lat' dir='ltr'><strong>verborum</strong></span> <span class='ocrx_word' id='word_1_14' title='bbox 1732 561 1830 628; x_wconf 84' lang='lat' dir='ltr'><strong>intel·</strong></span> 
     </span>
     <span class='ocr_line' id='line_1_3' title="bbox 288 665 1828 752; baseline 0 -20"><span class='ocrx_word' id='word_1_15' title='bbox 288 667 448 751; x_wconf 80' lang='grc' dir='ltr'>περιέσται</span> <span class='ocrx_word' id='word_1_16' title='bbox 462 672 498 733; x_wconf 84' lang='grc' dir='ltr'><strong>τδ</strong></span> <span class='ocrx_word' id='word_1_17' title='bbox 521 669 576 732; x_wconf 80' lang='grc' dir='ltr'><strong>καὶ</strong></span> <span class='ocrx_word' id='word_1_18' title='bbox 590 667 706 744; x_wconf 78' lang='grc' dir='ltr'><strong>ἅλλους</strong></span> <span class='ocrx_word' id='word_1_19' title='bbox 729 666 862 751; x_wconf 81' lang='grc' dir='ltr'><strong>ύριλεῖν</strong></span> <span class='ocrx_word' id='word_1_20' title='bbox 877 665 1036 751; x_wconf 83' lang='grc' dir='ltr'><strong>δύνασθαι,</strong></span> <span class='ocrx_word' id='word_1_21' title='bbox 1083 673 1200 750; x_wconf 83' lang='lat' dir='ltr'><strong>lectus,</strong></span> <span class='ocrx_word' id='word_1_22' title='bbox 1224 671 1298 752; x_wconf 80' lang='lat' dir='ltr'><strong>ejus</strong></span> <span class='ocrx_word' id='word_1_23' title='bbox 1323 689 1458 752; x_wconf 88' lang='lat' dir='ltr'><strong>quoque</strong></span> <span class='ocrx_word' id='word_1_24' title='bbox 1485 672 1550 734; x_wconf 87' lang='lat' dir='ltr'><strong>erit</strong></span> <span class='ocrx_word' id='word_1_25' title='bbox 1575 685 1672 751; x_wconf 80' lang='lat' dir='ltr'><strong>posse</strong></span> <span class='ocrx_word' id='word_1_26' title='bbox 1697 668 1828 734; x_wconf 78' lang='lat' dir='ltr'><strong>caeteris</strong></span> 
     </span>
     <span class='ocr_line' id='line_1_4' title="bbox 286 769 1830 856; baseline -0.001 -21"><span class='ocrx_word' id='word_1_27' title='bbox 286 773 341 835; x_wconf 78' lang='grc' dir='ltr'><strong>καλ</strong></span> <span class='ocrx_word' id='word_1_28' title='bbox 365 773 424 856; x_wconf 75' lang='grc' dir='ltr'><strong>την</strong></span> <span class='ocrx_word' id='word_1_29' title='bbox 439 770 619 856; x_wconf 75' lang='grc' dir='ltr'><strong>θαυμάσιον</strong></span> <span class='ocrx_word' id='word_1_30' title='bbox 642 769 822 854; x_wconf 81' lang='grc' dir='ltr'><strong>εὐεργεσίαν</strong></span> <span class='ocrx_word' id='word_1_31' title='bbox 837 769 1037 856; x_wconf 80' lang='grc' dir='ltr'><strong>ἐξαγγέλλειν</strong></span> <span class='ocrx_word' id='word_1_32' title='bbox 1080 773 1246 853; x_wconf 83' lang='lat' dir='ltr'>prodesse,</span> <span class='ocrx_word' id='word_1_33' title='bbox 1263 791 1302 836; x_wconf 88' lang='lat' dir='ltr'><strong>ao</strong></span> <span class='ocrx_word' id='word_1_34' title='bbox 1317 773 1483 854; x_wconf 84' lang='lat' dir='ltr'><strong>stupenda</strong></span> <span class='ocrx_word' id='word_1_35' title='bbox 1499 775 1681 836; x_wconf 75' lang='lat' dir='ltr'><strong>enunciare</strong></span> <span class='ocrx_word' id='word_1_36' title='bbox 1697 771 1758 836; x_wconf 86' lang='lat' dir='ltr'><strong>Dei</strong></span> <span class='ocrx_word' id='word_1_37' title='bbox 1773 771 1830 834; x_wconf 90' lang='lat' dir='ltr'><strong>be·</strong></span> 
     </span>
     <span class='ocr_line' id='line_1_5' title="bbox 287 872 1833 961; baseline -0.003 -19"><span class='ocrx_word' id='word_1_38' title='bbox 287 873 382 958; x_wconf 80' lang='grc' dir='ltr'><strong>Θεού,</strong></span> <span class='ocrx_word' id='word_1_39' title='bbox 398 877 456 960; x_wconf 80' lang='grc' dir='ltr'><strong>την</strong></span> <span class='ocrx_word' id='word_1_40' title='bbox 479 872 691 961; x_wconf 78' lang='grc' dir='ltr'><strong>ἀποκειμένην</strong></span> <span class='ocrx_word' id='word_1_41' title='bbox 706 882 771 950; x_wconf 81' lang='grc' dir='ltr'><strong>τοῖς</strong></span> <span class='ocrx_word' id='word_1_42' title='bbox 794 873 866 938; x_wconf 79' lang='grc' dir='ltr'><strong>ὅσια</strong></span> <span class='ocrx_word' id='word_1_43' title='bbox 884 873 1037 958; x_wconf 83' lang='grc' dir='ltr'><strong>πράττου·</strong></span> <span class='ocrx_word' id='word_1_44' title='bbox 1081 877 1212 956; x_wconf 80' lang='lat' dir='ltr'><strong>noticia,</strong></span> <span class='ocrx_word' id='word_1_45' title='bbox 1229 893 1305 957; x_wconf 84' lang='lat' dir='ltr'><strong>quae</strong></span> <span class='ocrx_word' id='word_1_46' title='bbox 1320 883 1435 942; x_wconf 83' lang='lat' dir='ltr'><strong>sancte</strong></span> <span class='ocrx_word' id='word_1_47' title='bbox 1449 877 1644 940; x_wconf 87' lang='lat' dir='ltr'><strong>viventibus</strong></span> <span class='ocrx_word' id='word_1_48' title='bbox 1655 891 1833 940; x_wconf 86' lang='lat' dir='ltr'><strong>reservan-</strong></span> 
     </span>
     <span class='ocr_line' id='line_1_6' title="bbox 287 976 1824 1064; baseline -0.001 -21"><span class='ocrx_word' id='word_1_49' title='bbox 287 999 336 1043; x_wconf 88' lang='grc' dir='ltr'><strong>σι·</strong></span> <span class='ocrx_word' id='word_1_50' title='bbox 359 979 396 1043; x_wconf 83' lang='grc' dir='ltr'><strong>οὐ</strong></span> <span class='ocrx_word' id='word_1_51' title='bbox 411 981 473 1064; x_wconf 80' lang='grc' dir='ltr'><strong>γαρ</strong></span> <span class='ocrx_word' id='word_1_52' title='bbox 494 981 536 1044; x_wconf 84' lang='grc' dir='ltr'><strong>τὰ</strong></span> <span class='ocrx_word' id='word_1_53' title='bbox 557 979 628 1062; x_wconf 78' lang='grc' dir='ltr'><strong>περὶ</strong></span> <span class='ocrx_word' id='word_1_54' title='bbox 649 976 848 1060; x_wconf 83' lang='grc' dir='ltr'><strong>δικαιοσύνης</strong></span> <span class='ocrx_word' id='word_1_55' title='bbox 870 976 1035 1058; x_wconf 78' lang='grc' dir='ltr'><strong>διδάσκων,</strong></span> <span class='ocrx_word' id='word_1_56' title='bbox 1081 985 1147 1044; x_wconf 87' lang='lat' dir='ltr'><strong>tur.</strong></span> <span class='ocrx_word' id='word_1_57' title='bbox 1163 981 1279 1060; x_wconf 85' lang='lat' dir='ltr'><strong>Neque</strong></span> <span class='ocrx_word' id='word_1_58' title='bbox 1300 982 1392 1044; x_wconf 92' lang='lat' dir='ltr'><strong>enim</strong></span> <span class='ocrx_word' id='word_1_59' title='bbox 1415 982 1520 1044; x_wconf 84' lang='lat' dir='ltr'><strong>solius</strong></span> <span class='ocrx_word' id='word_1_60' title='bbox 1538 979 1682 1060; x_wconf 71' lang='lat' dir='ltr'><strong>justitia</strong></span> <span class='ocrx_word' id='word_1_61' title='bbox 1704 993 1824 1060; x_wconf 75' lang='lat' dir='ltr'><strong>praco3</strong></span> 
     </span>
     <span class='ocr_line' id='line_1_7' title="bbox 290 1077 1829 1166; baseline -0.001 -20"><span class='ocrx_word' id='word_1_62' title='bbox 290 1081 431 1147; x_wconf 80' lang='grc' dir='ltr'><strong>διδάσκει</strong></span> <span class='ocrx_word' id='word_1_63' title='bbox 445 1083 500 1146; x_wconf 81' lang='grc' dir='ltr'><strong>καλ</strong></span> <span class='ocrx_word' id='word_1_64' title='bbox 522 1083 563 1146; x_wconf 84' lang='grc' dir='ltr'><strong>τὰ</strong></span> <span class='ocrx_word' id='word_1_65' title='bbox 584 1082 654 1165; x_wconf 85' lang='grc' dir='ltr'><strong>περὶ</strong></span> <span class='ocrx_word' id='word_1_66' title='bbox 676 1091 731 1144; x_wconf 82' lang='grc' dir='ltr'><strong>τοῦ</strong></span> <span class='ocrx_word' id='word_1_67' title='bbox 754 1079 973 1165; x_wconf 75' lang='grc' dir='ltr'><strong>παρεπομένου</strong></span> <span class='ocrx_word' id='word_1_68' title='bbox 988 1077 1037 1144; x_wconf 84' lang='grc' dir='ltr'><strong>τέ·</strong></span> <span class='ocrx_word' id='word_1_69' title='bbox 1082 1085 1180 1150; x_wconf 84' lang='lat' dir='ltr'><strong>docet</strong></span> <span class='ocrx_word' id='word_1_70' title='bbox 1195 1085 1306 1166; x_wconf 84' lang='lat' dir='ltr'><strong>qualis</strong></span> <span class='ocrx_word' id='word_1_71' title='bbox 1321 1089 1397 1165; x_wconf 86' lang='lat' dir='ltr'><strong>post</strong></span> <span class='ocrx_word' id='word_1_72' title='bbox 1417 1083 1586 1163; x_wconf 84' lang='lat' dir='ltr'><strong>judicium</strong></span> <span class='ocrx_word' id='word_1_73' title='bbox 1601 1083 1829 1162; x_wconf 83' lang='lat' dir='ltr'><strong>subsequatur</strong></span> 
     </span>
     <span class='ocr_line' id='line_1_8' title="bbox 288 1183 1824 1271; baseline -0.001 -22"><span class='ocrx_word' id='word_1_74' title='bbox 288 1184 362 1262; x_wconf 93' lang='grc' dir='ltr'><strong>λους</strong></span> <span class='ocrx_word' id='word_1_75' title='bbox 378 1186 470 1270; x_wconf 78' lang='grc' dir='ltr'><strong>αὐτῇ,</strong></span> <span class='ocrx_word' id='word_1_76' title='bbox 486 1186 534 1250; x_wconf 79' lang='grc' dir='ltr'><strong>ὅτι</strong></span> <span class='ocrx_word' id='word_1_77' title='bbox 549 1183 631 1270; x_wconf 87' lang='grc' dir='ltr'><strong>μέγα</strong></span> <span class='ocrx_word' id='word_1_78' title='bbox 646 1193 750 1268; x_wconf 80' lang='grc' dir='ltr'><strong>τοῦτο,</strong></span> <span class='ocrx_word' id='word_1_79' title='bbox 766 1185 821 1248; x_wconf 81' lang='grc' dir='ltr'><strong>καὶ</strong></span> <span class='ocrx_word' id='word_1_80' title='bbox 833 1185 850 1247; x_wconf 76' lang='lat' dir='ltr'><strong>b</strong></span> <span class='ocrx_word' id='word_1_81' title='bbox 862 1183 943 1261; x_wconf 84' lang='grc' dir='ltr'><strong>Θεὸς</strong></span> <span class='ocrx_word' id='word_1_82' title='bbox 958 1185 1037 1267; x_wconf 79' lang='grc' dir='ltr'><strong>ύπέρ</strong></span> <span class='ocrx_word' id='word_1_83' title='bbox 1081 1190 1170 1270; x_wconf 81' lang='lat' dir='ltr'><strong>finio,</strong></span> <span class='ocrx_word' id='word_1_84' title='bbox 1183 1194 1349 1271; x_wconf 85' lang='lat' dir='ltr'><strong>quantum</strong></span> <span class='ocrx_word' id='word_1_85' title='bbox 1362 1187 1395 1252; x_wconf 89' lang='lat' dir='ltr'><strong>id</strong></span> <span class='ocrx_word' id='word_1_86' title='bbox 1403 1191 1489 1252; x_wconf 80' lang='lat' dir='ltr'><strong>sitet</strong></span> <span class='ocrx_word' id='word_1_87' title='bbox 1499 1187 1666 1269; x_wconf 90' lang='lat' dir='ltr'><strong>quomodo</strong></span> <span class='ocrx_word' id='word_1_88' title='bbox 1674 1187 1764 1249; x_wconf 83' lang='lat' dir='ltr'><strong>Deus</strong></span> <span class='ocrx_word' id='word_1_89' title='bbox 1775 1186 1824 1248; x_wconf 92' lang='lat' dir='ltr'><strong>nl·</strong></span> 
     </span>
     <span class='ocr_line' id='line_1_9' title="bbox 289 1285 1827 1374; baseline -0.001 -20"><span class='ocrx_word' id='word_1_90' title='bbox 289 1287 380 1368; x_wconf 77' lang='grc' dir='ltr'><strong>αξέαν</strong></span> <span class='ocrx_word' id='word_1_91' title='bbox 396 1288 567 1374; x_wconf 57' lang='lat' dir='ltr'><strong>epotata.</strong></span> <span class='ocrx_word' id='word_1_92' title='bbox 583 1287 748 1374; x_wconf 84' lang='grc' dir='ltr'><strong>Διελέγετο</strong></span> <span class='ocrx_word' id='word_1_93' title='bbox 759 1291 815 1354; x_wconf 75' lang='grc' dir='ltr'><strong>καὶ</strong></span> <span class='ocrx_word' id='word_1_94' title='bbox 828 1285 956 1366; x_wconf 82' lang='grc' dir='ltr'><strong>Παῦλος</strong></span> <span class='ocrx_word' id='word_1_95' title='bbox 968 1291 1038 1374; x_wconf 76' lang='grc' dir='ltr'><strong>περὶ</strong></span> <span class='ocrx_word' id='word_1_96' title='bbox 1082 1297 1135 1356; x_wconf 88' lang='lat' dir='ltr'><strong>tra</strong></span> <span class='ocrx_word' id='word_1_97' title='bbox 1146 1293 1267 1355; x_wconf 86' lang='lat' dir='ltr'><strong>merita</strong></span> <span class='ocrx_word' id='word_1_98' title='bbox 1278 1290 1447 1372; x_wconf 86' lang='lat' dir='ltr'><strong>rependat.</strong></span> <span class='ocrx_word' id='word_1_99' title='bbox 1461 1291 1614 1354; x_wconf 84' lang='lat' dir='ltr'><strong>Asseruit</strong></span> <span class='ocrx_word' id='word_1_100' title='bbox 1624 1290 1726 1352; x_wconf 90' lang='lat' dir='ltr'><strong>etiam</strong></span> <span class='ocrx_word' id='word_1_101' title='bbox 1742 1291 1827 1352; x_wconf 84' lang='lat' dir='ltr'><strong>Pau·</strong></span> 
     </span>
     <span class='ocr_line' id='line_1_10' title="bbox 292 1390 1825 1479; baseline -0.002 -21"><span class='ocrx_word' id='word_1_102' title='bbox 292 1391 478 1479; x_wconf 76' lang='grc' dir='ltr'><strong>ἐγκρατείας</strong></span> <span class='ocrx_word' id='word_1_103' title='bbox 490 1394 544 1458; x_wconf 85' lang='grc' dir='ltr'><strong>καὶ</strong></span> <span class='ocrx_word' id='word_1_104' title='bbox 554 1393 764 1477; x_wconf 86' lang='grc' dir='ltr'><strong>δικαιοσύνης,</strong></span> <span class='ocrx_word' id='word_1_105' title='bbox 776 1393 831 1458; x_wconf 81' lang='grc' dir='ltr'><strong>καλ</strong></span> <span class='ocrx_word' id='word_1_106' title='bbox 842 1401 898 1457; x_wconf 85' lang='grc' dir='ltr'><strong>τού</strong></span> <span class='ocrx_word' id='word_1_107' title='bbox 910 1391 1039 1478; x_wconf 82' lang='grc' dir='ltr'><strong>μέλλον-</strong></span> <span class='ocrx_word' id='word_1_108' title='bbox 1082 1397 1136 1461; x_wconf 87' lang='lat' dir='ltr'><strong>lus</strong></span> <span class='ocrx_word' id='word_1_109' title='bbox 1148 1396 1189 1460; x_wconf 90' lang='lat' dir='ltr'><strong>de</strong></span> <span class='ocrx_word' id='word_1_110' title='bbox 1200 1396 1408 1459; x_wconf 89' lang='lat' dir='ltr'><strong>continentia</strong></span> <span class='ocrx_word' id='word_1_111' title='bbox 1420 1394 1636 1475; x_wconf 78' lang='lat' dir='ltr'><strong>etiustitiaet</strong></span> <span class='ocrx_word' id='word_1_112' title='bbox 1647 1390 1825 1472; x_wconf 83' lang='lat' dir='ltr'><strong>iuturoju·</strong></span> 
     </span>
     <span class='ocr_line' id='line_1_11' title="bbox 291 1495 1829 1584; baseline -0.004 -20"><span class='ocrx_word' id='word_1_113' title='bbox 291 1521 345 1576; x_wconf 96' lang='grc' dir='ltr'><strong>τος</strong></span> <span class='ocrx_word' id='word_1_114' title='bbox 359 1496 520 1584; x_wconf 81' lang='grc' dir='ltr'><strong>κρίματος,</strong></span> <span class='ocrx_word' id='word_1_115' title='bbox 537 1497 578 1574; x_wconf 87' lang='grc' dir='ltr'><strong>ὡς</strong></span> <span class='ocrx_word' id='word_1_116' title='bbox 593 1496 730 1583; x_wconf 80' lang='grc' dir='ltr'><strong>έμφοδον</strong></span> <span class='ocrx_word' id='word_1_117' title='bbox 740 1495 886 1583; x_wconf 86' lang='grc' dir='ltr'><strong>γενέσθαι</strong></span> <span class='ocrx_word' id='word_1_118' title='bbox 899 1500 953 1562; x_wconf 83' lang='grc' dir='ltr'><strong>τὸν</strong></span> <span class='ocrx_word' id='word_1_119' title='bbox 964 1496 1039 1582; x_wconf 79' lang='grc' dir='ltr'><strong>ἡγε-</strong></span> <span class='ocrx_word' id='word_1_120' title='bbox 1081 1501 1180 1579; x_wconf 88' lang='lat' dir='ltr'><strong>dicio,</strong></span> <span class='ocrx_word' id='word_1_121' title='bbox 1196 1504 1236 1563; x_wconf 90' lang='lat' dir='ltr'><strong>ut</strong></span> <span class='ocrx_word' id='word_1_122' title='bbox 1257 1499 1377 1577; x_wconf 77' lang='lat' dir='ltr'><strong>gregis</strong></span> <span class='ocrx_word' id='word_1_123' title='bbox 1394 1499 1526 1562; x_wconf 90' lang='lat' dir='ltr'><strong>ductori</strong></span> <span class='ocrx_word' id='word_1_124' title='bbox 1550 1499 1705 1559; x_wconf 88' lang='lat' dir='ltr'><strong>timorem</strong></span> <span class='ocrx_word' id='word_1_125' title='bbox 1723 1497 1829 1558; x_wconf 83' lang='lat' dir='ltr'><strong>innui·-</strong></span> 
     </span>
     <span class='ocr_line' id='line_1_12' title="bbox 292 1597 1831 1689; baseline -0.003 -23"><span class='ocrx_word' id='word_1_126' title='bbox 292 1603 382 1689; x_wconf 82' lang='grc' dir='ltr'><strong>μύνα.</strong></span> <span class='ocrx_word' id='word_1_127' title='bbox 401 1639 439 1648; x_wconf 92' lang='grc'>-</span> <span class='ocrx_word' id='word_1_128' title='bbox 456 1597 556 1666; x_wconf 88' lang='grc' dir='ltr'><strong>Ὅταν</strong></span> <span class='ocrx_word' id='word_1_129' title='bbox 573 1599 629 1686; x_wconf 82' lang='grc' dir='ltr'><strong>μέν</strong></span> <span class='ocrx_word' id='word_1_130' title='bbox 640 1621 685 1678; x_wconf 89' lang='grc' dir='ltr'><strong>τις</strong></span> <span class='ocrx_word' id='word_1_131' title='bbox 697 1603 827 1666; x_wconf 83' lang='grc' dir='ltr'><strong>κατὰτὸ</strong></span> <span class='ocrx_word' id='word_1_132' title='bbox 839 1600 970 1686; x_wconf 72' lang='grc' dir='ltr'><strong>δέλημα</strong></span> <span class='ocrx_word' id='word_1_133' title='bbox 981 1610 1038 1685; x_wconf 83' lang='grc' dir='ltr'><strong>της</strong></span> <span class='ocrx_word' id='word_1_134' title='bbox 1082 1607 1145 1665; x_wconf 91' lang='lat' dir='ltr'><strong>cet.</strong></span> <span class='ocrx_word' id='word_1_135' title='bbox 1154 1602 1291 1679; x_wconf 88' lang='lat' dir='ltr'><strong>Quando</strong></span> <span class='ocrx_word' id='word_1_136' title='bbox 1300 1603 1436 1684; x_wconf 90' lang='lat' dir='ltr'><strong>quidem</strong></span> <span class='ocrx_word' id='word_1_137' title='bbox 1443 1599 1762 1683; x_wconf 85' lang='lat' dir='ltr'><strong>aliquissacundum</strong></span> <span class='ocrx_word' id='word_1_138' title='bbox 1771 1616 1831 1662; x_wconf 81' lang='lat' dir='ltr'><strong>vo-</strong></span> 
     </span>
     <span class='ocr_line' id='line_1_13' title="bbox 292 1703 1828 1791; baseline -0.003 -22"><span class='ocrx_word' id='word_1_139' title='bbox 292 1708 410 1791; x_wconf 81' lang='grc' dir='ltr'><strong>σαρκὸς</strong></span> <span class='ocrx_word' id='word_1_140' title='bbox 424 1707 479 1769; x_wconf 80' lang='grc' dir='ltr'><strong>καὶ</strong></span> <span class='ocrx_word' id='word_1_141' title='bbox 501 1715 562 1774; x_wconf 80' lang='grc' dir='ltr'><strong>τῶν</strong></span> <span class='ocrx_word' id='word_1_142' title='bbox 577 1705 720 1770; x_wconf 82' lang='grc' dir='ltr'><strong>διανοιῶν</strong></span> <span class='ocrx_word' id='word_1_143' title='bbox 741 1703 922 1790; x_wconf 80' lang='grc' dir='ltr'><strong>πορεύηται,</strong></span> <span class='ocrx_word' id='word_1_144' title='bbox 947 1704 1038 1781; x_wconf 75' lang='grc' dir='ltr'><strong>ὁδούς</strong></span> <span class='ocrx_word' id='word_1_145' title='bbox 1082 1708 1247 1788; x_wconf 86' lang='lat' dir='ltr'><strong>luptatem</strong></span> <span class='ocrx_word' id='word_1_146' title='bbox 1258 1708 1371 1772; x_wconf 82' lang='lat' dir='ltr'><strong>carnis</strong></span> <span class='ocrx_word' id='word_1_147' title='bbox 1381 1711 1417 1770; x_wconf 92' lang='lat' dir='ltr'><strong>et</strong></span> <span class='ocrx_word' id='word_1_148' title='bbox 1427 1707 1676 1785; x_wconf 75' lang='lat' dir='ltr'><strong>cogitationum</strong></span> <span class='ocrx_word' id='word_1_149' title='bbox 1688 1721 1828 1768; x_wconf 84' lang='lat' dir='ltr'><strong>suarum</strong></span> 
     </span>
     <span class='ocr_line' id='line_1_14' title="bbox 288 1807 1829 1893; baseline -0.002 -21"><span class='ocrx_word' id='word_1_150' title='bbox 288 1807 405 1874; x_wconf 77' lang='grc' dir='ltr'><strong>ἑαυτοῦ</strong></span> <span class='ocrx_word' id='word_1_151' title='bbox 420 1809 602 1893; x_wconf 85' lang='grc' dir='ltr'><strong>πορεύεται·</strong></span> <span class='ocrx_word' id='word_1_152' title='bbox 626 1808 694 1872; x_wconf 70' lang='lat' dir='ltr'><strong>bii</strong></span> <span class='ocrx_word' id='word_1_153' title='bbox 709 1807 851 1884; x_wconf 82' lang='grc' dir='ltr'><strong>ἀποστὰς</strong></span> <span class='ocrx_word' id='word_1_154' title='bbox 870 1815 926 1871; x_wconf 83' lang='grc' dir='ltr'><strong>τοῦ</strong></span> <span class='ocrx_word' id='word_1_155' title='bbox 940 1807 1039 1893; x_wconf 75' lang='grc' dir='ltr'><strong>ἁμαρ-</strong></span> <span class='ocrx_word' id='word_1_156' title='bbox 1082 1811 1245 1891; x_wconf 87' lang='lat' dir='ltr'><strong>ambulat,</strong></span> <span class='ocrx_word' id='word_1_157' title='bbox 1259 1812 1332 1875; x_wconf 78' lang='lat' dir='ltr'><strong>viae</strong></span> <span class='ocrx_word' id='word_1_158' title='bbox 1355 1827 1434 1874; x_wconf 82' lang='lat' dir='ltr'><strong>suas</strong></span> <span class='ocrx_word' id='word_1_159' title='bbox 1456 1810 1625 1889; x_wconf 80' lang='lat' dir='ltr'><strong>ambulat3</strong></span> <span class='ocrx_word' id='word_1_160' title='bbox 1647 1808 1707 1872; x_wconf 83' lang='lat' dir='ltr'><strong>sed</strong></span> <span class='ocrx_word' id='word_1_161' title='bbox 1721 1807 1782 1889; x_wconf 87' lang='lat' dir='ltr'><strong>qui</strong></span> <span class='ocrx_word' id='word_1_162' title='bbox 1807 1823 1829 1869; x_wconf 86' lang='lat' dir='ltr'><strong>a</strong></span> 
     </span>
     <span class='ocr_line' id='line_1_15' title="bbox 291 1907 1827 1996; baseline -0.001 -19"><span class='ocrx_word' id='word_1_163' title='bbox 291 1912 404 1994; x_wconf 83' lang='grc' dir='ltr'><strong>τύνειν,</strong></span> <span class='ocrx_word' id='word_1_164' title='bbox 427 1910 552 1977; x_wconf 79' lang='grc' dir='ltr'><strong>δίδωσιν</strong></span> <span class='ocrx_word' id='word_1_165' title='bbox 567 1911 681 1977; x_wconf 81' lang='grc' dir='ltr'><strong>ἑαυτὸν</strong></span> <span class='ocrx_word' id='word_1_166' title='bbox 698 1919 742 1996; x_wconf 79' lang='grc' dir='ltr'><strong>τῷ</strong></span> <span class='ocrx_word' id='word_1_167' title='bbox 758 1909 841 1995; x_wconf 81' lang='grc' dir='ltr'><strong>Θεῷ,</strong></span> <span class='ocrx_word' id='word_1_168' title='bbox 858 1909 951 1975; x_wconf 73' lang='grc' dir='ltr'><strong>αἰτῶν</strong></span> <span class='ocrx_word' id='word_1_169' title='bbox 966 1907 1040 1993; x_wconf 84' lang='grc' dir='ltr'><strong>παρ’</strong></span> <span class='ocrx_word' id='word_1_170' title='bbox 1081 1915 1250 1996; x_wconf 88' lang='lat' dir='ltr'><strong>peccando</strong></span> <span class='ocrx_word' id='word_1_171' title='bbox 1287 1914 1428 1994; x_wconf 80' lang='lat' dir='ltr'><strong>desistit,</strong></span> <span class='ocrx_word' id='word_1_172' title='bbox 1451 1914 1555 1977; x_wconf 90' lang='lat' dir='ltr'><strong>tradit</strong></span> <span class='ocrx_word' id='word_1_173' title='bbox 1579 1919 1687 1976; x_wconf 83' lang='lat' dir='ltr'><strong>semet</strong></span> <span class='ocrx_word' id='word_1_174' title='bbox 1714 1913 1827 1994; x_wconf 84' lang='lat' dir='ltr'><strong>ipsum</strong></span> 
     </span>
     <span class='ocr_line' id='line_1_16' title="bbox 290 2011 1829 2100; baseline -0.001 -20"><span class='ocrx_word' id='word_1_175' title='bbox 290 2018 438 2081; x_wconf 82' lang='grc' dir='ltr'><strong>αὐτοῦτὸ</strong></span> <span class='ocrx_word' id='word_1_176' title='bbox 455 2013 616 2100; x_wconf 81' lang='grc' dir='ltr'><strong>φούεϊσθαι</strong></span> <span class='ocrx_word' id='word_1_177' title='bbox 632 2015 687 2078; x_wconf 82' lang='grc' dir='ltr'><strong>καὶ</strong></span> <span class='ocrx_word' id='word_1_178' title='bbox 701 2015 806 2096; x_wconf 79' lang='grc' dir='ltr'><strong>αὐτὸν,</strong></span> <span class='ocrx_word' id='word_1_179' title='bbox 822 2015 876 2078; x_wconf 77' lang='grc' dir='ltr'><strong>καὶ</strong></span> <span class='ocrx_word' id='word_1_180' title='bbox 891 2011 1040 2096; x_wconf 83' lang='grc' dir='ltr'><strong>πορεύεο·</strong></span> <span class='ocrx_word' id='word_1_181' title='bbox 1083 2021 1162 2097; x_wconf 76' lang='lat' dir='ltr'><strong>Deo,</strong></span> <span class='ocrx_word' id='word_1_182' title='bbox 1185 2019 1360 2100; x_wconf 79' lang='lat' dir='ltr'><strong>postulans</strong></span> <span class='ocrx_word' id='word_1_183' title='bbox 1372 2019 1416 2082; x_wconf 90' lang='lat' dir='ltr'><strong>ab</strong></span> <span class='ocrx_word' id='word_1_184' title='bbox 1430 2035 1470 2081; x_wconf 85' lang='lat' dir='ltr'><strong>eo</strong></span> <span class='ocrx_word' id='word_1_185' title='bbox 1486 2022 1525 2080; x_wconf 91' lang='lat' dir='ltr'><strong>ut</strong></span> <span class='ocrx_word' id='word_1_186' title='bbox 1535 2018 1634 2080; x_wconf 88' lang='lat' dir='ltr'><strong>illum</strong></span> <span class='ocrx_word' id='word_1_187' title='bbox 1649 2018 1777 2097; x_wconf 86' lang='lat' dir='ltr'><strong>timeat,</strong></span> <span class='ocrx_word' id='word_1_188' title='bbox 1793 2020 1829 2079; x_wconf 88' lang='lat' dir='ltr'><strong>et</strong></span> 
     </span>
     <span class='ocr_line' id='line_1_17' title="bbox 289 2113 1830 2202; baseline -0.008 -7"><span class='ocrx_word' id='word_1_189' title='bbox 289 2121 341 2186; x_wconf 90' lang='grc' dir='ltr'><strong>θαι</strong></span> <span class='ocrx_word' id='word_1_190' title='bbox 355 2121 390 2187; x_wconf 79' lang='grc' dir='ltr'><strong>ἒν</strong></span> <span class='ocrx_word' id='word_1_191' title='bbox 405 2120 522 2196; x_wconf 72' lang='grc' dir='ltr'><strong>πάσαις</strong></span> <span class='ocrx_word' id='word_1_192' title='bbox 544 2129 612 2196; x_wconf 70' lang='grc' dir='ltr'><strong>ταῖς</strong></span> <span class='ocrx_word' id='word_1_193' title='bbox 627 2119 711 2195; x_wconf 73' lang='grc' dir='ltr'><strong>δδαῐς</strong></span> <span class='ocrx_word' id='word_1_194' title='bbox 732 2119 839 2182; x_wconf 72' lang='grc' dir='ltr'><strong>αὐτοῦ.</strong></span> <span class='ocrx_word' id='word_1_195' title='bbox 852 2113 969 2181; x_wconf 76' lang='grc' dir='ltr'><strong>Οὐκέτι</strong></span> <span class='ocrx_word' id='word_1_196' title='bbox 984 2116 1040 2202; x_wconf 79' lang='grc' dir='ltr'><strong>μέν</strong></span> <span class='ocrx_word' id='word_1_197' title='bbox 1084 2123 1234 2186; x_wconf 87' lang='lat' dir='ltr'><strong>ambulet</strong></span> <span class='ocrx_word' id='word_1_198' title='bbox 1247 2123 1282 2184; x_wconf 93' lang='lat' dir='ltr'><strong>in</strong></span> <span class='ocrx_word' id='word_1_199' title='bbox 1294 2122 1449 2186; x_wconf 79' lang='lat' dir='ltr'><strong>omnibus</strong></span> <span class='ocrx_word' id='word_1_200' title='bbox 1465 2123 1530 2184; x_wconf 83' lang='lat' dir='ltr'><strong>viia</strong></span> <span class='ocrx_word' id='word_1_201' title='bbox 1545 2119 1628 2200; x_wconf 83' lang='lat' dir='ltr'><strong>ejus.</strong></span> <span class='ocrx_word' id='word_1_202' title='bbox 1639 2121 1676 2185; x_wconf 84' lang='lat' dir='ltr'><strong>Si</strong></span> <span class='ocrx_word' id='word_1_203' title='bbox 1693 2119 1830 2201; x_wconf 90' lang='lat' dir='ltr'><strong>quidem</strong></span> 
     </span>
     <span class='ocr_line' id='line_1_18' title="bbox 289 2221 1827 2310; baseline -0.001 -21"><span class='ocrx_word' id='word_1_204' title='bbox 289 2227 352 2310; x_wconf 80' lang='grc' dir='ltr'><strong>γὰρ</strong></span> <span class='ocrx_word' id='word_1_205' title='bbox 366 2225 452 2289; x_wconf 76' lang='grc' dir='ltr'><strong>κατὰ</strong></span> <span class='ocrx_word' id='word_1_206' title='bbox 474 2225 530 2300; x_wconf 81' lang='grc' dir='ltr'><strong>τὰς</strong></span> <span class='ocrx_word' id='word_1_207' title='bbox 546 2223 637 2300; x_wconf 76' lang='grc' dir='ltr'><strong>ὁδούς</strong></span> <span class='ocrx_word' id='word_1_208' title='bbox 659 2222 772 2287; x_wconf 68' lang='grc' dir='ltr'><strong>ἑαυτοῦ</strong></span> <span class='ocrx_word' id='word_1_209' title='bbox 788 2221 963 2305; x_wconf 79' lang='grc' dir='ltr'><strong>πορεύεται,</strong></span> <span class='ocrx_word' id='word_1_210' title='bbox 986 2242 1039 2305; x_wconf 80' lang='grc' dir='ltr'><strong>με·</strong></span> <span class='ocrx_word' id='word_1_211' title='bbox 1079 2225 1151 2307; x_wconf 89' lang='lat' dir='ltr'><strong>jam</strong></span> <span class='ocrx_word' id='word_1_212' title='bbox 1178 2239 1245 2289; x_wconf 88' lang='lat' dir='ltr'><strong>non</strong></span> <span class='ocrx_word' id='word_1_213' title='bbox 1271 2226 1457 2290; x_wconf 84' lang='lat' dir='ltr'><strong>secundum</strong></span> <span class='ocrx_word' id='word_1_214' title='bbox 1480 2226 1632 2306; x_wconf 87' lang='lat' dir='ltr'><strong>proprias</strong></span> <span class='ocrx_word' id='word_1_215' title='bbox 1652 2225 1728 2287; x_wconf 83' lang='lat' dir='ltr'><strong>vias</strong></span> <span class='ocrx_word' id='word_1_216' title='bbox 1749 2240 1827 2302; x_wconf 74' lang='lat' dir='ltr'><strong>gra·</strong></span> 
     </span>
     <span class='ocr_line' id='line_1_19' title="bbox 291 2324 1825 2411; baseline -0.003 -17"><span class='ocrx_word' id='word_1_217' title='bbox 291 2330 411 2406; x_wconf 83' lang='grc' dir='ltr'><strong>ταστὰς</strong></span> <span class='ocrx_word' id='word_1_218' title='bbox 426 2328 460 2391; x_wconf 81' lang='grc' dir='ltr'><strong>δὲ</strong></span> <span class='ocrx_word' id='word_1_219' title='bbox 475 2328 527 2392; x_wconf 78' lang='grc' dir='ltr'><strong>ἐπὶ</strong></span> <span class='ocrx_word' id='word_1_220' title='bbox 541 2328 597 2403; x_wconf 82' lang='grc' dir='ltr'><strong>τας</strong></span> <span class='ocrx_word' id='word_1_221' title='bbox 613 2335 668 2391; x_wconf 86' lang='grc' dir='ltr'><strong>τού</strong></span> <span class='ocrx_word' id='word_1_222' title='bbox 680 2325 774 2406; x_wconf 82' lang='grc' dir='ltr'><strong>Θεοῦ,</strong></span> <span class='ocrx_word' id='word_1_223' title='bbox 786 2325 821 2392; x_wconf 83' lang='grc' dir='ltr'><strong>έν</strong></span> <span class='ocrx_word' id='word_1_224' title='bbox 833 2327 941 2402; x_wconf 80' lang='grc' dir='ltr'><strong>αὐταῖς</strong></span> <span class='ocrx_word' id='word_1_225' title='bbox 957 2324 1041 2389; x_wconf 80' lang='lat' dir='ltr'><strong>tatt-</strong></span> <span class='ocrx_word' id='word_1_226' title='bbox 1084 2333 1185 2411; x_wconf 90' lang='lat' dir='ltr'><strong>ditur‚</strong></span> <span class='ocrx_word' id='word_1_227' title='bbox 1209 2331 1267 2395; x_wconf 84' lang='lat' dir='ltr'><strong>sed</strong></span> <span class='ocrx_word' id='word_1_228' title='bbox 1285 2330 1327 2394; x_wconf 90' lang='lat' dir='ltr'><strong>ad</strong></span> <span class='ocrx_word' id='word_1_229' title='bbox 1342 2333 1403 2394; x_wconf 87' lang='lat' dir='ltr'><strong>Dei</strong></span> <span class='ocrx_word' id='word_1_230' title='bbox 1419 2331 1493 2393; x_wconf 83' lang='lat' dir='ltr'><strong>vias</strong></span> <span class='ocrx_word' id='word_1_231' title='bbox 1507 2330 1686 2408; x_wconf 79' lang='lat' dir='ltr'><strong>transiens,</strong></span> <span class='ocrx_word' id='word_1_232' title='bbox 1706 2327 1825 2390; x_wconf 78' lang='lat' dir='ltr'><strong>iisdem</strong></span> 
     </span>
     <span class='ocr_line' id='line_1_20' title="bbox 292 2428 1827 2514; baseline -0.002 -18"><span class='ocrx_word' id='word_1_233' title='bbox 292 2431 349 2511; x_wconf 81' lang='grc' dir='ltr'><strong>ζει.</strong></span> <span class='ocrx_word' id='word_1_234' title='bbox 365 2430 453 2497; x_wconf 91' lang='grc' dir='ltr'><strong>Ἰσον</strong></span> <span class='ocrx_word' id='word_1_235' title='bbox 468 2429 503 2494; x_wconf 90' lang='grc' dir='ltr'><strong>δέ</strong></span> <span class='ocrx_word' id='word_1_236' title='bbox 514 2429 581 2495; x_wconf 79' lang='grc' dir='ltr'><strong>ἐστι</strong></span> <span class='ocrx_word' id='word_1_237' title='bbox 595 2430 714 2513; x_wconf 83' lang='grc' dir='ltr'><strong>τούτῳ·</strong></span> <span class='ocrx_word' id='word_1_238' title='bbox 729 2431 825 2510; x_wconf 71' lang='lat' dir='ltr'><strong>Eion,</strong></span> <span class='ocrx_word' id='word_1_239' title='bbox 842 2428 1040 2514; x_wconf 77' lang='grc' dir='ltr'><strong>ἐξαγορεύσει</strong></span> <span class='ocrx_word' id='word_1_240' title='bbox 1084 2437 1220 2500; x_wconf 79' lang='lat' dir='ltr'><strong>incedit.</strong></span> <span class='ocrx_word' id='word_1_241' title='bbox 1247 2437 1317 2498; x_wconf 84' lang='lat' dir='ltr'><strong>Hoc</strong></span> <span class='ocrx_word' id='word_1_242' title='bbox 1342 2440 1456 2498; x_wconf 85' lang='lat' dir='ltr'><strong>autem</strong></span> <span class='ocrx_word' id='word_1_243' title='bbox 1486 2434 1597 2498; x_wconf 81' lang='lat' dir='ltr'><strong>simile</strong></span> <span class='ocrx_word' id='word_1_244' title='bbox 1624 2438 1675 2496; x_wconf 82' lang='lat' dir='ltr'><strong>est</strong></span> <span class='ocrx_word' id='word_1_245' title='bbox 1703 2430 1827 2494; x_wconf 86' lang='lat' dir='ltr'><strong>verbo:</strong></span> 
     </span>
     <span class='ocr_line' id='line_1_21' title="bbox 296 2532 1828 2621; baseline -0.003 -21"><span class='ocrx_word' id='word_1_246' title='bbox 296 2535 369 2600; x_wconf 89' lang='grc' dir='ltr'><strong>κατ’</strong></span> <span class='ocrx_word' id='word_1_247' title='bbox 380 2536 457 2620; x_wconf 79' lang='grc' dir='ltr'><strong>ἐμοῦ</strong></span> <span class='ocrx_word' id='word_1_248' title='bbox 469 2536 527 2620; x_wconf 82' lang='grc' dir='ltr'><strong>την</strong></span> <span class='ocrx_word' id='word_1_249' title='bbox 538 2533 669 2619; x_wconf 79' lang='grc' dir='ltr'><strong>ἀνομίαν</strong></span> <span class='ocrx_word' id='word_1_250' title='bbox 685 2554 754 2619; x_wconf 93' lang='grc' dir='ltr'><strong>μου.</strong></span> <span class='ocrx_word' id='word_1_251' title='bbox 768 2532 926 2618; x_wconf 83' lang='grc' dir='ltr'><strong>Ἐμαυτού</strong></span> <span class='ocrx_word' id='word_1_252' title='bbox 940 2533 1042 2599; x_wconf 82' lang='grc' dir='ltr'><strong>τοίνυν</strong></span> <span class='ocrx_word' id='word_1_253' title='bbox 1088 2539 1211 2619; x_wconf 76' lang='grc' dir='ltr'><strong>«Βίιιὶ,</strong></span> <span class='ocrx_word' id='word_1_254' title='bbox 1240 2539 1465 2621; x_wconf 78' lang='lat' dir='ltr'><strong>pronuntiabo</strong></span> <span class='ocrx_word' id='word_1_255' title='bbox 1491 2537 1671 2600; x_wconf 78' lang='lat' dir='ltr'><strong>adversum</strong></span> <span class='ocrx_word' id='word_1_256' title='bbox 1697 2551 1751 2597; x_wconf 89' lang='lat' dir='ltr'><strong>ma</strong></span> <span class='ocrx_word' id='word_1_257' title='bbox 1777 2534 1828 2596; x_wconf 92' lang='lat' dir='ltr'><strong>in·</strong></span> 
     </span>
     <span class='ocr_line' id='line_1_22' title="bbox 294 2637 1829 2726; baseline -0.003 -22"><span class='ocrx_word' id='word_1_258' title='bbox 294 2637 475 2725; x_wconf 70' lang='grc' dir='ltr'><strong>κατήγορος</strong></span> <span class='ocrx_word' id='word_1_259' title='bbox 489 2639 666 2726; x_wconf 85' lang='grc' dir='ltr'><strong>γενόμενος,</strong></span> <span class='ocrx_word' id='word_1_260' title='bbox 684 2637 1042 2724; x_wconf 78' lang='grc' dir='ltr'><strong>παρασοὶέξωμολόγη·</strong></span> <span class='ocrx_word' id='word_1_261' title='bbox 1081 2644 1251 2725; x_wconf 85' lang='lat' dir='ltr'><strong>justitiam</strong></span> <span class='ocrx_word' id='word_1_262' title='bbox 1279 2661 1388 2706; x_wconf 88' lang='lat' dir='ltr'><strong>meam</strong></span> <span class='ocrx_word' id='word_1_263' title='bbox 1411 2643 1594 2705; x_wconf 78' lang='lat' dir='ltr'><strong>Domino.»</strong></span> <span class='ocrx_word' id='word_1_264' title='bbox 1629 2639 1694 2703; x_wconf 88' lang='lat' dir='ltr'><strong>Mei</strong></span> <span class='ocrx_word' id='word_1_265' title='bbox 1720 2638 1829 2715; x_wconf 77' lang='lat' dir='ltr'><strong>igitur</strong></span> 
     </span>
     <span class='ocr_line' id='line_1_23' title="bbox 294 2741 1828 2829; baseline -0.003 -20"><span class='ocrx_word' id='word_1_266' title='bbox 294 2765 338 2809; x_wconf 91' lang='grc' dir='ltr'><strong>σα</strong></span> <span class='ocrx_word' id='word_1_267' title='bbox 354 2745 410 2829; x_wconf 86' lang='grc' dir='ltr'><strong>μὲν</strong></span> <span class='ocrx_word' id='word_1_268' title='bbox 421 2745 491 2827; x_wconf 85' lang='grc' dir='ltr'><strong>περὶ</strong></span> <span class='ocrx_word' id='word_1_269' title='bbox 506 2744 618 2824; x_wconf 82' lang='grc' dir='ltr'><strong>αύτων,</strong></span> <span class='ocrx_word' id='word_1_270' title='bbox 635 2741 686 2807; x_wconf 86' lang='grc' dir='ltr'><strong>διδι</strong></span> <span class='ocrx_word' id='word_1_271' title='bbox 705 2742 740 2807; x_wconf 82' lang='grc' dir='ltr'><strong>δὲ</strong></span> <span class='ocrx_word' id='word_1_272' title='bbox 754 2751 846 2806; x_wconf 84' lang='grc' dir='ltr'><strong>τοῦτο</strong></span> <span class='ocrx_word' id='word_1_273' title='bbox 858 2741 1041 2826; x_wconf 81' lang='grc' dir='ltr'><strong>έπηκουσάς</strong></span> <span class='ocrx_word' id='word_1_274' title='bbox 1085 2755 1260 2812; x_wconf 81' lang='lat' dir='ltr'><strong>accusator</strong></span> <span class='ocrx_word' id='word_1_275' title='bbox 1281 2747 1400 2826; x_wconf 81' lang='lat' dir='ltr'><strong>factus,</strong></span> <span class='ocrx_word' id='word_1_276' title='bbox 1415 2746 1479 2809; x_wconf 90' lang='lat' dir='ltr'><strong>tibi</strong></span> <span class='ocrx_word' id='word_1_277' title='bbox 1494 2745 1632 2826; x_wconf 85' lang='lat' dir='ltr'><strong>quidem</strong></span> <span class='ocrx_word' id='word_1_278' title='bbox 1655 2741 1828 2807; x_wconf 74' lang='lat' dir='ltr'><strong>confessus</strong></span> 
     </span>
     <span class='ocr_line' id='line_1_24' title="bbox 295 2843 1834 2934; baseline -0.004 -22"><span class='ocrx_word' id='word_1_279' title='bbox 295 2869 365 2934; x_wconf 87' lang='grc' dir='ltr'><strong>μου,</strong></span> <span class='ocrx_word' id='word_1_280' title='bbox 387 2846 644 2932; x_wconf 76' lang='grc' dir='ltr'><strong>παραδεξάμενος</strong></span> <span class='ocrx_word' id='word_1_281' title='bbox 658 2847 717 2930; x_wconf 73' lang='grc' dir='ltr'><strong>την</strong></span> <span class='ocrx_word' id='word_1_282' title='bbox 738 2845 914 2930; x_wconf 82' lang='grc' dir='ltr'><strong>μετάνοιαν.</strong></span> <span class='ocrx_word' id='word_1_283' title='bbox 938 2849 1042 2931; x_wconf 86' lang='grc' dir='ltr'><strong>Εύχο-</strong></span> <span class='ocrx_word' id='word_1_284' title='bbox 1085 2869 1173 2916; x_wconf 84' lang='lat' dir='ltr'><strong>aum.</strong></span> <span class='ocrx_word' id='word_1_285' title='bbox 1189 2855 1240 2914; x_wconf 84' lang='lat' dir='ltr'><strong>Tu</strong></span> <span class='ocrx_word' id='word_1_286' title='bbox 1252 2850 1376 2914; x_wconf 90' lang='lat' dir='ltr'><strong>idcirco</strong></span> <span class='ocrx_word' id='word_1_287' title='bbox 1391 2848 1559 2912; x_wconf 77' lang='lat' dir='ltr'><strong>exaudisti</strong></span> <span class='ocrx_word' id='word_1_288' title='bbox 1571 2863 1635 2926; x_wconf 90' lang='lat' dir='ltr'><strong>me,</strong></span> <span class='ocrx_word' id='word_1_289' title='bbox 1647 2862 1757 2908; x_wconf 86' lang='lat' dir='ltr'><strong>meam</strong></span> <span class='ocrx_word' id='word_1_290' title='bbox 1772 2843 1834 2906; x_wconf 87' lang='lat' dir='ltr'><strong>ad·</strong></span> 
     </span>
     <span class='ocr_line' id='line_1_25' title="bbox 296 2947 1832 3040; baseline -0.003 -24"><span class='ocrx_word' id='word_1_291' title='bbox 296 2973 353 3038; x_wconf 88' lang='grc' dir='ltr'><strong>μαι</strong></span> <span class='ocrx_word' id='word_1_292' title='bbox 366 2950 400 3015; x_wconf 90' lang='grc' dir='ltr'><strong>δέ</strong></span> <span class='ocrx_word' id='word_1_293' title='bbox 415 2973 462 3033; x_wconf 87' lang='grc' dir='ltr'><strong>σε,</strong></span> <span class='ocrx_word' id='word_1_294' title='bbox 473 2952 528 3016; x_wconf 83' lang='grc' dir='ltr'><strong>καὶ</strong></span> <span class='ocrx_word' id='word_1_295' title='bbox 543 2948 733 3040; x_wconf 76' lang='grc' dir='ltr'><strong>διδάσκαλόν</strong></span> <span class='ocrx_word' id='word_1_296' title='bbox 746 2969 805 3035; x_wconf 89' lang='grc' dir='ltr'><strong>μου</strong></span> <span class='ocrx_word' id='word_1_297' title='bbox 819 2947 964 3034; x_wconf 85' lang='grc' dir='ltr'><strong>γενέσθαι</strong></span> <span class='ocrx_word' id='word_1_298' title='bbox 979 2959 1041 3014; x_wconf 83' lang='grc' dir='ltr'><strong>τῶν</strong></span> <span class='ocrx_word' id='word_1_299' title='bbox 1086 2957 1225 3019; x_wconf 83' lang='lat' dir='ltr'><strong>mittens</strong></span> <span class='ocrx_word' id='word_1_300' title='bbox 1247 2954 1502 3036; x_wconf 88' lang='lat' dir='ltr'><strong>poenitentiam.</strong></span> <span class='ocrx_word' id='word_1_301' title='bbox 1530 2955 1625 3028; x_wconf 79' lang='lat' dir='ltr'><strong>Rogo</strong></span> <span class='ocrx_word' id='word_1_302' title='bbox 1651 2954 1765 3013; x_wconf 89' lang='lat' dir='ltr'><strong>autem</strong></span> <span class='ocrx_word' id='word_1_303' title='bbox 1788 2952 1832 3027; x_wconf 90' lang='lat' dir='ltr'><strong>te,</strong></span> 
     </span>
     <span class='ocr_line' id='line_1_26' title="bbox 295 3052 1829 3141; baseline -0.012 -7"><span class='ocrx_word' id='word_1_304' title='bbox 295 3055 522 3141; x_wconf 71' lang='grc' dir='ltr'><strong>δικαιωμάτων,</strong></span> <span class='ocrx_word' id='word_1_305' title='bbox 545 3055 567 3119; x_wconf 74' lang='grc' dir='ltr'><strong>ἃ</strong></span> <span class='ocrx_word' id='word_1_306' title='bbox 596 3054 697 3131; x_wconf 66' lang='grc' dir='ltr'><strong>οὐδεὶς</strong></span> <span class='ocrx_word' id='word_1_307' title='bbox 719 3053 847 3118; x_wconf 72' lang='grc' dir='ltr'><strong>διἰναται</strong></span> <span class='ocrx_word' id='word_1_308' title='bbox 870 3053 1042 3132; x_wconf 68' lang='grc' dir='ltr'><strong>κατ’ἀξίαν</strong></span> <span class='ocrx_word' id='word_1_309' title='bbox 1086 3064 1126 3124; x_wconf 90' lang='lat' dir='ltr'><strong>ut</strong></span> <span class='ocrx_word' id='word_1_310' title='bbox 1150 3062 1253 3124; x_wconf 86' lang='lat' dir='ltr'><strong>etiam</strong></span> <span class='ocrx_word' id='word_1_311' title='bbox 1279 3075 1375 3122; x_wconf 87' lang='lat' dir='ltr'><strong>meus</strong></span> <span class='ocrx_word' id='word_1_312' title='bbox 1389 3055 1452 3120; x_wconf 79' lang='lat' dir='ltr'><strong>fias</strong></span> <span class='ocrx_word' id='word_1_313' title='bbox 1475 3057 1590 3120; x_wconf 87' lang='lat' dir='ltr'><strong>doctor</strong></span> <span class='ocrx_word' id='word_1_314' title='bbox 1615 3052 1829 3134; x_wconf 65' lang='lat' dir='ltr'><strong>juctificatio-</strong></span> 
     </span>
     <span class='ocr_line' id='line_1_27' title="bbox 296 3155 1833 3246; baseline -0.01 -11"><span class='ocrx_word' id='word_1_315' title='bbox 296 3159 503 3244; x_wconf 75' lang='grc' dir='ltr'><strong>παραδοῦναι,</strong></span> <span class='ocrx_word' id='word_1_316' title='bbox 520 3157 562 3235; x_wconf 58' lang='lat' dir='ltr'><strong>(bt</strong></span> <span class='ocrx_word' id='word_1_317' title='bbox 577 3161 616 3222; x_wconf 71' lang='grc' dir='ltr'><strong>αα</strong></span> <span class='ocrx_word' id='word_1_318' title='bbox 632 3158 649 3222; x_wconf 72' lang='grc' dir='ltr'><strong>δ</strong></span> <span class='ocrx_word' id='word_1_319' title='bbox 664 3157 780 3243; x_wconf 72' lang='grc' dir='ltr'><strong>Κύριος</strong></span> <span class='ocrx_word' id='word_1_320' title='bbox 795 3164 856 3222; x_wconf 71' lang='grc' dir='ltr'><strong>τῶν</strong></span> <span class='ocrx_word' id='word_1_321' title='bbox 872 3156 1042 3243; x_wconf 80' lang='grc' dir='ltr'><strong>διααιιιμά-</strong></span> <span class='ocrx_word' id='word_1_322' title='bbox 1087 3183 1180 3244; x_wconf 90' lang='lat' dir='ltr'><strong>num,</strong></span> <span class='ocrx_word' id='word_1_323' title='bbox 1206 3181 1293 3246; x_wconf 84' lang='lat' dir='ltr'><strong>quas</strong></span> <span class='ocrx_word' id='word_1_324' title='bbox 1315 3179 1413 3226; x_wconf 89' lang='lat' dir='ltr'><strong>nemo</strong></span> <span class='ocrx_word' id='word_1_325' title='bbox 1436 3177 1496 3243; x_wconf 92' lang='lat' dir='ltr'><strong>pro</strong></span> <span class='ocrx_word' id='word_1_326' title='bbox 1510 3160 1679 3238; x_wconf 72' lang='lat' dir='ltr'><strong>dignitate</strong></span> <span class='ocrx_word' id='word_1_327' title='bbox 1701 3155 1833 3220; x_wconf 87' lang='lat' dir='ltr'><strong>tradere</strong></span> 
     </span>
     <span class='ocr_line' id='line_1_28' title="bbox 298 3260 1828 3352; baseline -0.003 -24"><span class='ocrx_word' id='word_1_328' title='bbox 298 3283 369 3328; x_wconf 89' lang='grc' dir='ltr'><strong>των.</strong></span> <span class='ocrx_word' id='word_1_329' title='bbox 1086 3273 1205 3352; x_wconf 80' lang='lat' dir='ltr'><strong>potest,</strong></span> <span class='ocrx_word' id='word_1_330' title='bbox 1227 3269 1316 3331; x_wconf 82' lang='lat' dir='ltr'><strong>siout</strong></span> <span class='ocrx_word' id='word_1_331' title='bbox 1330 3271 1369 3329; x_wconf 91' lang='lat' dir='ltr'><strong>tu</strong></span> <span class='ocrx_word' id='word_1_332' title='bbox 1385 3267 1443 3347; x_wconf 89' lang='lat' dir='ltr'><strong>qui</strong></span> <span class='ocrx_word' id='word_1_333' title='bbox 1460 3263 1624 3328; x_wconf 82' lang='lat' dir='ltr'><strong>Dominus</strong></span> <span class='ocrx_word' id='word_1_334' title='bbox 1639 3279 1675 3326; x_wconf 86' lang='lat' dir='ltr'><strong>es</strong></span> <span class='ocrx_word' id='word_1_335' title='bbox 1685 3260 1828 3341; x_wconf 78' lang='lat' dir='ltr'><strong>judicio-</strong></span> 
     </span>
    </p>

    <p class='ocr_par' dir='ltr' id='par_1_3' title="bbox 1088 3391 1175 3438">
     <span class='ocr_line' id='line_1_29' title="bbox 1088 3391 1175 3438; baseline -0.011 0"><span class='ocrx_word' id='word_1_336' title='bbox 1088 3391 1175 3438; x_wconf 90' lang='lat' dir='ltr'><strong>rum.</strong></span> 
     </span>
    </p>

    <p class='ocr_par' dir='ltr' id='par_1_4' title="bbox 299 3465 1836 3660">
     <span class='ocr_line' id='line_1_30' title="bbox 341 3465 1835 3556; baseline -0.001 -22"><span class='ocrx_word' id='word_1_337' title='bbox 341 3490 373 3535; x_wconf 87' lang='lat' dir='ltr'><strong>v.</strong></span> <span class='ocrx_word' id='word_1_338' title='bbox 390 3472 443 3535; x_wconf 75' lang='lat'><strong>2⁷.</strong></span> <span class='ocrx_word' id='word_1_339' title='bbox 458 3465 552 3535; x_wconf 78' lang='grc' dir='ltr'><strong>Ὀδδν</strong></span> <span class='ocrx_word' id='word_1_340' title='bbox 574 3467 793 3554; x_wconf 80' lang='grc' dir='ltr'><strong>δικαιωμάτων</strong></span> <span class='ocrx_word' id='word_1_341' title='bbox 812 3489 869 3533; x_wconf 92' lang='grc' dir='ltr'><strong>σου</strong></span> <span class='ocrx_word' id='word_1_342' title='bbox 884 3465 1044 3535; x_wconf 73' lang='grc' dir='ltr'><strong>συνέπιόν</strong></span> <span class='ocrx_word' id='word_1_343' title='bbox 1130 3496 1162 3541; x_wconf 84' lang='lat' dir='ltr'><strong>v.</strong></span> <span class='ocrx_word' id='word_1_344' title='bbox 1193 3477 1246 3542; x_wconf 77' lang='lat'><strong>27.</strong></span> <span class='ocrx_word' id='word_1_345' title='bbox 1288 3476 1380 3542; x_wconf 79' lang='lat' dir='ltr'><strong>Viam</strong></span> <span class='ocrx_word' id='word_1_346' title='bbox 1401 3473 1674 3556; x_wconf 67' lang='lat' dir='ltr'><strong>jmtastcatioaam</strong></span> <span class='ocrx_word' id='word_1_347' title='bbox 1703 3473 1835 3534; x_wconf 70' lang='lat' dir='ltr'><strong>marom</strong></span> 
     </span>
     <span class='ocr_line' id='line_1_31' title="bbox 299 3569 1836 3660; baseline -0.009 -10"><span class='ocrx_word' id='word_1_348' title='bbox 299 3593 348 3660; x_wconf 81' lang='grc' dir='ltr'><strong>ιιι,</strong></span> <span class='ocrx_word' id='word_1_349' title='bbox 364 3576 419 3640; x_wconf 75' lang='grc' dir='ltr'><strong>καὶ</strong></span> <span class='ocrx_word' id='word_1_350' title='bbox 434 3571 643 3658; x_wconf 79' lang='grc' dir='ltr'><strong>αδολισχύσιι</strong></span> <span class='ocrx_word' id='word_1_351' title='bbox 654 3571 689 3638; x_wconf 74' lang='grc' dir='ltr'><strong>ιν</strong></span> <span class='ocrx_word' id='word_1_352' title='bbox 700 3581 764 3650; x_wconf 80' lang='grc' dir='ltr'><strong>τοις</strong></span> <span class='ocrx_word' id='word_1_353' title='bbox 774 3569 962 3658; x_wconf 72' lang='grc' dir='ltr'><strong>θαυμασίοις</strong></span> <span class='ocrx_word' id='word_1_354' title='bbox 974 3591 1042 3637; x_wconf 83' lang='grc' dir='ltr'><strong>σου.</strong></span> <span class='ocrx_word' id='word_1_355' title='bbox 1085 3581 1215 3647; x_wconf 68' lang='lat' dir='ltr'><strong>instate</strong></span> <span class='ocrx_word' id='word_1_356' title='bbox 1239 3598 1299 3658; x_wconf 78' lang='grc' dir='ltr'><strong>να,</strong></span> <span class='ocrx_word' id='word_1_357' title='bbox 1328 3576 1546 3644; x_wconf 65' lang='lat' dir='ltr'><strong>accurator</strong></span> <span class='ocrx_word' id='word_1_358' title='bbox 1574 3576 1612 3639; x_wconf 73' lang='grc' dir='ltr'><strong>ιιι</strong></span> <span class='ocrx_word' id='word_1_359' title='bbox 1632 3571 1836 3638; x_wconf 65' lang='lat' dir='ltr'><strong>miramon</strong></span> 
     </span>
    </p>

    <p class='ocr_par' dir='ltr' id='par_1_5' title="bbox 1089 3685 1167 3750">
     <span class='ocr_line' id='line_1_32' title="bbox 1089 3685 1167 3750; baseline -0.038 0"><span class='ocrx_word' id='word_1_360' title='bbox 1089 3685 1167 3750; x_wconf 77' lang='lat' dir='ltr'><strong>iuis.</strong></span> 
     </span>
    </p>
   </div>
   <div class='ocr_carea' id='block_1_3' title="bbox 296 3777 1837 4490">
    <p class='ocr_par' dir='ltr' id='par_1_6' title="bbox 296 3777 1837 4490">
     <span class='ocr_line' id='line_1_33' title="bbox 341 3777 1835 3868; baseline -0.003 -21"><span class='ocrx_word' id='word_1_361' title='bbox 341 3780 568 3860; x_wconf 82' lang='grc' dir='ltr'><strong>Συνετιζύντων</strong></span> <span class='ocrx_word' id='word_1_362' title='bbox 589 3777 734 3864; x_wconf 81' lang='grc' dir='ltr'><strong>διύμιθα,</strong></span> <span class='ocrx_word' id='word_1_363' title='bbox 749 3780 827 3863; x_wconf 81' lang='grc' dir='ltr'><strong>πρὸς</strong></span> <span class='ocrx_word' id='word_1_364' title='bbox 850 3780 886 3843; x_wconf 80' lang='grc' dir='ltr'><strong>τὸ</strong></span> <span class='ocrx_word' id='word_1_365' title='bbox 910 3779 953 3864; x_wconf 81' lang='grc' dir='ltr'><strong>μὴ</strong></span> <span class='ocrx_word' id='word_1_366' title='bbox 966 3778 1044 3843; x_wconf 77' lang='grc' dir='ltr'><strong>απα-</strong></span> <span class='ocrx_word' id='word_1_367' title='bbox 1132 3787 1304 3866; x_wconf 80' lang='lat' dir='ltr'><strong>Magistrio</strong></span> <span class='ocrx_word' id='word_1_368' title='bbox 1332 3786 1392 3868; x_wconf 92' lang='lat' dir='ltr'><strong>qui</strong></span> <span class='ocrx_word' id='word_1_369' title='bbox 1418 3801 1478 3848; x_wconf 89' lang='lat' dir='ltr'><strong>nos</strong></span> <span class='ocrx_word' id='word_1_370' title='bbox 1499 3785 1679 3862; x_wconf 85' lang='lat' dir='ltr'><strong>instruant,</strong></span> <span class='ocrx_word' id='word_1_371' title='bbox 1703 3781 1835 3860; x_wconf 74' lang='lat' dir='ltr'><strong>indige·</strong></span> 
     </span>
     <span class='ocr_line' id='line_1_34' title="bbox 296 3881 1837 3971; baseline -0.006 -16"><span class='ocrx_word' id='word_1_372' title='bbox 296 3884 559 3971; x_wconf 76' lang='grc' dir='ltr'><strong>πλανηθῆναιτης</strong></span> <span class='ocrx_word' id='word_1_373' title='bbox 567 3885 641 3949; x_wconf 77' lang='grc' dir='ltr'><strong>ὁδοῦ</strong></span> <span class='ocrx_word' id='word_1_374' title='bbox 648 3891 709 3950; x_wconf 81' lang='grc' dir='ltr'><strong>τῶν</strong></span> <span class='ocrx_word' id='word_1_375' title='bbox 717 3881 935 3968; x_wconf 68' lang='grc' dir='ltr'><strong>δικαιωμάτων</strong></span> <span class='ocrx_word' id='word_1_376' title='bbox 948 3881 1042 3949; x_wconf 65' lang='grc' dir='ltr'><strong>Θιαύ</strong></span> <span class='ocrx_word' id='word_1_377' title='bbox 1088 3909 1174 3970; x_wconf 84' lang='lat' dir='ltr'><strong>mue,</strong></span> <span class='ocrx_word' id='word_1_378' title='bbox 1190 3909 1233 3954; x_wconf 92' lang='lat' dir='ltr'><strong>ne</strong></span> <span class='ocrx_word' id='word_1_379' title='bbox 1250 3888 1431 3954; x_wconf 90' lang='lat' dir='ltr'><strong>errabundi</strong></span> <span class='ocrx_word' id='word_1_380' title='bbox 1446 3889 1690 3952; x_wconf 85' lang='lat' dir='ltr'><strong>declinemusa</strong></span> <span class='ocrx_word' id='word_1_381' title='bbox 1712 3885 1769 3948; x_wconf 87' lang='lat' dir='ltr'><strong>via</strong></span> <span class='ocrx_word' id='word_1_382' title='bbox 1781 3883 1837 3964; x_wconf 91' lang='lat' dir='ltr'><strong>ju-</strong></span> 
     </span>
     <span class='ocr_line' id='line_1_35' title="bbox 297 3983 1834 4074; baseline -0.007 -12"><span class='ocrx_word' id='word_1_383' title='bbox 297 3989 376 4055; x_wconf 79' lang='grc' dir='ltr'><strong>Ἐαν</strong></span> <span class='ocrx_word' id='word_1_384' title='bbox 389 3990 450 4074; x_wconf 78' lang='grc' dir='ltr'><strong>γαρ</strong></span> <span class='ocrx_word' id='word_1_385' title='bbox 473 3991 533 4074; x_wconf 80' lang='grc' dir='ltr'><strong>τὴν</strong></span> <span class='ocrx_word' id='word_1_386' title='bbox 548 3989 619 4054; x_wconf 77' lang='grc' dir='ltr'><strong>ὁδὸν</strong></span> <span class='ocrx_word' id='word_1_387' title='bbox 641 3995 703 4054; x_wconf 78' lang='grc' dir='ltr'><strong>τῶν</strong></span> <span class='ocrx_word' id='word_1_388' title='bbox 717 3985 752 4051; x_wconf 71' lang='grc' dir='ltr'><strong>ἓν</strong></span> <span class='ocrx_word' id='word_1_389' title='bbox 769 3995 833 4062; x_wconf 77' lang='grc' dir='ltr'><strong>ταῖς</strong></span> <span class='ocrx_word' id='word_1_390' title='bbox 855 3983 1044 4071; x_wconf 71' lang='grc' dir='ltr'><strong>διααιιῖιιιααι</strong></span> <span class='ocrx_word' id='word_1_391' title='bbox 1086 3995 1328 4060; x_wconf 81' lang='lat' dir='ltr'><strong>stificationum</strong></span> <span class='ocrx_word' id='word_1_392' title='bbox 1342 3992 1698 4058; x_wconf 80' lang='lat' dir='ltr'><strong>Deiiitenimsiviam</strong></span> <span class='ocrx_word' id='word_1_393' title='bbox 1710 3993 1834 4071; x_wconf 85' lang='lat' dir='ltr'><strong>myste-</strong></span> 
     </span>
     <span class='ocr_line' id='line_1_36' title="bbox 297 4086 1833 4180; baseline -0.016 -2"><span class='ocrx_word' id='word_1_394' title='bbox 297 4090 485 4178; x_wconf 64' lang='grc' dir='ltr'><strong>έῦπύύίωνι</strong></span> <span class='ocrx_word' id='word_1_395' title='bbox 501 4093 561 4156; x_wconf 63' lang='grc' dir='ltr'><strong>ὑπὸ</strong></span> <span class='ocrx_word' id='word_1_396' title='bbox 583 4100 642 4157; x_wconf 75' lang='lat'><strong>0⁰⁰</strong></span> <span class='ocrx_word' id='word_1_397' title='bbox 656 4089 778 4155; x_wconf 69' lang='grc' dir='ltr'><strong>αὗιααῑν</strong></span> <span class='ocrx_word' id='word_1_398' title='bbox 796 4086 911 4172; x_wconf 59' lang='lat' dir='ltr'><strong>Mihi,</strong></span> <span class='ocrx_word' id='word_1_399' title='bbox 927 4087 1042 4174; x_wconf 73' lang='grc' dir='ltr'><strong>ααύαι),</strong></span> <span class='ocrx_word' id='word_1_400' title='bbox 1088 4101 1216 4166; x_wconf 89' lang='lat' dir='ltr'><strong>riorum</strong></span> <span class='ocrx_word' id='word_1_401' title='bbox 1232 4115 1308 4180; x_wconf 84' lang='lat' dir='ltr'><strong>quae</strong></span> <span class='ocrx_word' id='word_1_402' title='bbox 1324 4098 1358 4160; x_wconf 92' lang='lat' dir='ltr'><strong>in</strong></span> <span class='ocrx_word' id='word_1_403' title='bbox 1370 4096 1510 4176; x_wconf 87' lang='lat' dir='ltr'><strong>judiciis</strong></span> <span class='ocrx_word' id='word_1_404' title='bbox 1524 4095 1750 4172; x_wconf 87' lang='lat' dir='ltr'><strong>continentur,</strong></span> <span class='ocrx_word' id='word_1_405' title='bbox 1782 4093 1833 4154; x_wconf 90' lang='lat' dir='ltr'><strong>in·</strong></span> 
     </span>
     <span class='ocr_line' id='line_1_37' title="bbox 296 4191 1834 4282; baseline -0.009 -9"><span class='ocrx_word' id='word_1_406' title='bbox 296 4195 340 4273; x_wconf 76' lang='grc' dir='ltr'><strong>ιῖις</strong></span> <span class='ocrx_word' id='word_1_407' title='bbox 362 4198 417 4260; x_wconf 78' lang='grc' dir='ltr'><strong>ααὶ</strong></span> <span class='ocrx_word' id='word_1_408' title='bbox 440 4195 567 4261; x_wconf 67' lang='grc' dir='ltr'><strong>ὅδιῦααι</strong></span> <span class='ocrx_word' id='word_1_409' title='bbox 589 4195 698 4279; x_wconf 74' lang='grc' dir='ltr'><strong>αιἰτὴα,</strong></span> <span class='ocrx_word' id='word_1_410' title='bbox 721 4191 905 4278; x_wconf 64' lang='grc' dir='ltr'><strong>δυνήσομαι,</strong></span> <span class='ocrx_word' id='word_1_411' title='bbox 927 4195 967 4257; x_wconf 76' lang='grc' dir='ltr'><strong>τα</strong></span> <span class='ocrx_word' id='word_1_412' title='bbox 989 4193 1044 4278; x_wconf 77' lang='grc' dir='ltr'><strong>δη·</strong></span> <span class='ocrx_word' id='word_1_413' title='bbox 1086 4206 1226 4268; x_wconf 89' lang='lat' dir='ltr'><strong>telleotu</strong></span> <span class='ocrx_word' id='word_1_414' title='bbox 1242 4219 1262 4264; x_wconf 92' lang='lat' dir='ltr'><strong>a</strong></span> <span class='ocrx_word' id='word_1_415' title='bbox 1276 4207 1310 4264; x_wconf 87' lang='lat' dir='ltr'><strong>te</strong></span> <span class='ocrx_word' id='word_1_416' title='bbox 1325 4205 1490 4282; x_wconf 76' lang='lat' dir='ltr'><strong>suscepto,</strong></span> <span class='ocrx_word' id='word_1_417' title='bbox 1506 4200 1668 4278; x_wconf 81' lang='lat' dir='ltr'><strong>noverim,</strong></span> <span class='ocrx_word' id='word_1_418' title='bbox 1683 4202 1723 4260; x_wconf 90' lang='lat' dir='ltr'><strong>ut</strong></span> <span class='ocrx_word' id='word_1_419' title='bbox 1745 4197 1834 4260; x_wconf 87' lang='lat' dir='ltr'><strong>hanc</strong></span> 
     </span>
     <span class='ocr_line' id='line_1_38' title="bbox 299 4295 1834 4387; baseline -0.014 -3"><span class='ocrx_word' id='word_1_420' title='bbox 299 4298 438 4384; x_wconf 68' lang='grc' dir='ltr'><strong>λοῦύῑνα</strong></span> <span class='ocrx_word' id='word_1_421' title='bbox 452 4301 485 4364; x_wconf 65' lang='grc' dir='ltr'><strong>ἐν</strong></span> <span class='ocrx_word' id='word_1_422' title='bbox 505 4307 569 4377; x_wconf 69' lang='grc' dir='ltr'><strong>ταῖς</strong></span> <span class='ocrx_word' id='word_1_423' title='bbox 592 4295 780 4383; x_wconf 59' lang='grc' dir='ltr'><strong>δικαιώμασῖ</strong></span> <span class='ocrx_word' id='word_1_424' title='bbox 801 4317 858 4362; x_wconf 75' lang='lat'><strong>⁶⁰⁰</strong></span> <span class='ocrx_word' id='word_1_425' title='bbox 879 4295 1045 4382; x_wconf 58' lang='grc' dir='ltr'><strong>θαυμάσια</strong></span> <span class='ocrx_word' id='word_1_426' title='bbox 1088 4309 1180 4371; x_wconf 83' lang='lat' dir='ltr'><strong>riam</strong></span> <span class='ocrx_word' id='word_1_427' title='bbox 1201 4306 1350 4384; x_wconf 86' lang='lat' dir='ltr'><strong>emetiar,</strong></span> <span class='ocrx_word' id='word_1_428' title='bbox 1366 4323 1469 4387; x_wconf 85' lang='lat' dir='ltr'><strong>penes</strong></span> <span class='ocrx_word' id='word_1_429' title='bbox 1485 4321 1538 4367; x_wconf 92' lang='lat' dir='ltr'><strong>me</strong></span> <span class='ocrx_word' id='word_1_430' title='bbox 1558 4304 1632 4381; x_wconf 90' lang='lat' dir='ltr'><strong>erit,</strong></span> <span class='ocrx_word' id='word_1_431' title='bbox 1648 4301 1834 4383; x_wconf 87' lang='lat' dir='ltr'><strong>percipien-</strong></span> 
     </span>
     <span class='ocr_line' id='line_1_39' title="bbox 297 4399 1834 4490; baseline -0.01 -9"><span class='ocrx_word' id='word_1_432' title='bbox 297 4405 421 4486; x_wconf 76' lang='grc' dir='ltr'><strong>συνιεὶς,</strong></span> <span class='ocrx_word' id='word_1_433' title='bbox 438 4402 624 4487; x_wconf 75' lang='grc' dir='ltr'><strong>ἀδολεσχεῖν</strong></span> <span class='ocrx_word' id='word_1_434' title='bbox 639 4400 673 4466; x_wconf 78' lang='grc' dir='ltr'><strong>ἐν</strong></span> <span class='ocrx_word' id='word_1_435' title='bbox 695 4400 811 4480; x_wconf 76' lang='grc' dir='ltr'><strong>αὐτοῖς,</strong></span> <span class='ocrx_word' id='word_1_436' title='bbox 830 4399 885 4462; x_wconf 81' lang='grc' dir='ltr'><strong>ααὶ</strong></span> <span class='ocrx_word' id='word_1_437' title='bbox 906 4399 965 4483; x_wconf 68' lang='lat' dir='ltr'><strong>etv</strong></span> <span class='ocrx_word' id='word_1_438' title='bbox 979 4399 1045 4483; x_wconf 76' lang='grc' dir='ltr'><strong>ανι·</strong></span> <span class='ocrx_word' id='word_1_439' title='bbox 1088 4417 1157 4476; x_wconf 82' lang='lat' dir='ltr'><strong>tem</strong></span> <span class='ocrx_word' id='word_1_440' title='bbox 1174 4409 1344 4474; x_wconf 76' lang='lat' dir='ltr'><strong>mirabilia</strong></span> <span class='ocrx_word' id='word_1_441' title='bbox 1358 4426 1434 4490; x_wconf 74' lang='lat' dir='ltr'><strong>qua</strong></span> <span class='ocrx_word' id='word_1_442' title='bbox 1450 4410 1486 4472; x_wconf 82' lang='lat' dir='ltr'><strong>in</strong></span> <span class='ocrx_word' id='word_1_443' title='bbox 1501 4405 1761 4472; x_wconf 69' lang='lat' dir='ltr'><strong>consenantia</strong></span> <span class='ocrx_word' id='word_1_444' title='bbox 1780 4404 1834 4467; x_wconf 72' lang='grc' dir='ltr'><strong>σε</strong></span> 
     </span>
    </p>
   </div>
   <div class='ocr_carea' id='block_1_4' title="bbox 290 4591 1837 4855">
    <p class='ocr_par' dir='ltr' id='par_1_7' title="bbox 290 4591 1837 4855">
     <span class='ocr_line' id='line_1_40' title="bbox 296 4591 1837 4677; baseline -0.012 -11"><span class='ocrx_word' id='word_1_445' title='bbox 296 4610 394 4666; x_wconf 80' lang='lat' dir='ltr'><strong>minue</strong></span> <span class='ocrx_word' id='word_1_446' title='bbox 411 4608 547 4666; x_wconf 86' lang='lat' dir='ltr'><strong>vitiatam</strong></span> <span class='ocrx_word' id='word_1_447' title='bbox 559 4604 703 4662; x_wconf 80' lang='lat' dir='ltr'><strong>attribuit</strong></span> <span class='ocrx_word' id='word_1_448' title='bbox 722 4604 789 4677; x_wconf 81' lang='lat' dir='ltr'><strong>Ipse</strong></span> <span class='ocrx_word' id='word_1_449' title='bbox 802 4618 900 4658; x_wconf 83' lang='lat' dir='ltr'><strong>rerum</strong></span> <span class='ocrx_word' id='word_1_450' title='bbox 912 4600 1002 4657; x_wconf 76' lang='lat' dir='ltr'><strong>series</strong></span> <span class='ocrx_word' id='word_1_451' title='bbox 1014 4606 1044 4657; x_wconf 86' lang='lat' dir='ltr'><strong>et</strong></span> <span class='ocrx_word' id='word_1_452' title='bbox 1087 4598 1259 4672; x_wconf 85' lang='lat' dir='ltr'><strong>interrumpi</strong></span> <span class='ocrx_word' id='word_1_453' title='bbox 1272 4597 1363 4655; x_wconf 85' lang='lat' dir='ltr'><strong>telam</strong></span> <span class='ocrx_word' id='word_1_454' title='bbox 1375 4596 1406 4653; x_wconf 89' lang='lat' dir='ltr'><strong>in</strong></span> <span class='ocrx_word' id='word_1_455' title='bbox 1419 4595 1618 4668; x_wconf 76' lang='lat' dir='ltr'><strong>superioribus</strong></span> <span class='ocrx_word' id='word_1_456' title='bbox 1626 4591 1781 4652; x_wconf 75' lang='lat' dir='ltr'><strong>versiculis</strong></span> <span class='ocrx_word' id='word_1_457' title='bbox 1791 4608 1837 4648; x_wconf 87' lang='lat' dir='ltr'><strong>or·</strong></span> 
     </span>
     <span class='ocr_line' id='line_1_41' title="bbox 296 4679 1835 4769; baseline -0.011 -19"><span class='ocrx_word' id='word_1_458' title='bbox 296 4695 347 4769; x_wconf 86' lang='lat' dir='ltr'><strong>pia</strong></span> <span class='ocrx_word' id='word_1_459' title='bbox 368 4694 407 4750; x_wconf 76' lang='lat' dir='ltr'><strong>ad</strong></span> <span class='ocrx_word' id='word_1_460' title='bbox 432 4693 527 4750; x_wconf 84' lang='lat' dir='ltr'><strong>Deum</strong></span> <span class='ocrx_word' id='word_1_461' title='bbox 548 4690 696 4750; x_wconf 81' lang='lat' dir='ltr'><strong>invocatio</strong></span> <span class='ocrx_word' id='word_1_462' title='bbox 718 4689 876 4762; x_wconf 75' lang='lat' dir='ltr'><strong>origenem</strong></span> <span class='ocrx_word' id='word_1_463' title='bbox 895 4693 1043 4758; x_wconf 83' lang='lat' dir='ltr'><strong>revocant,</strong></span> <span class='ocrx_word' id='word_1_464' title='bbox 1088 4687 1188 4742; x_wconf 79' lang='lat' dir='ltr'><strong>ditem</strong></span> <span class='ocrx_word' id='word_1_465' title='bbox 1202 4684 1352 4740; x_wconf 85' lang='lat' dir='ltr'><strong>Laciniam</strong></span> <span class='ocrx_word' id='word_1_466' title='bbox 1362 4688 1477 4739; x_wconf 85' lang='lat' dir='ltr'><strong>tantum</strong></span> <span class='ocrx_word' id='word_1_467' title='bbox 1488 4679 1725 4754; x_wconf 75' lang='lat' dir='ltr'><strong>compendiosam</strong></span> <span class='ocrx_word' id='word_1_468' title='bbox 1732 4693 1835 4750; x_wconf 80' lang='lat' dir='ltr'><strong>reppe-</strong></span> 
     </span>
     <span class='ocr_line' id='line_1_42' title="bbox 290 4765 1836 4855; baseline -0.014 -15"><span class='ocrx_word' id='word_1_469' title='bbox 290 4799 381 4855; x_wconf 76' lang='lat' dir='ltr'><strong>qnam</strong></span> <span class='ocrx_word' id='word_1_470' title='bbox 399 4782 497 4851; x_wconf 87' lang='lat' dir='ltr'><strong>etiam,</strong></span> <span class='ocrx_word' id='word_1_471' title='bbox 515 4780 585 4838; x_wconf 84' lang='lat' dir='ltr'><strong>dum</strong></span> <span class='ocrx_word' id='word_1_472' title='bbox 602 4798 621 4835; x_wconf 83' lang='lat' dir='ltr'><strong>a</strong></span> <span class='ocrx_word' id='word_1_473' title='bbox 638 4779 725 4850; x_wconf 75' lang='lat' dir='ltr'><strong>longe</strong></span> <span class='ocrx_word' id='word_1_474' title='bbox 749 4775 890 4844; x_wconf 80' lang='lat' dir='ltr'><strong>eumdem,</strong></span> <span class='ocrx_word' id='word_1_475' title='bbox 908 4779 943 4829; x_wconf 88' lang='lat' dir='ltr'><strong>ut</strong></span> <span class='ocrx_word' id='word_1_476' title='bbox 960 4773 1043 4845; x_wconf 77' lang='lat' dir='ltr'><strong>nolet,</strong></span> <span class='ocrx_word' id='word_1_477' title='bbox 1087 4791 1152 4830; x_wconf 83' lang='lat' dir='ltr'><strong>rere</strong></span> <span class='ocrx_word' id='word_1_478' title='bbox 1164 4771 1300 4842; x_wconf 78' lang='lat' dir='ltr'><strong>Memini,</strong></span> <span class='ocrx_word' id='word_1_479' title='bbox 1310 4787 1376 4842; x_wconf 73' lang='lat' dir='ltr'><strong>qum</strong></span> <span class='ocrx_word' id='word_1_480' title='bbox 1388 4769 1493 4825; x_wconf 75' lang='lat' dir='ltr'><strong>saltem</strong></span> <span class='ocrx_word' id='word_1_481' title='bbox 1501 4775 1604 4824; x_wconf 74' lang='lat' dir='ltr'><strong>nostru</strong></span> <span class='ocrx_word' id='word_1_482' title='bbox 1613 4765 1774 4822; x_wconf 71' lang='lat' dir='ltr'><strong>confirmat·</strong></span> <span class='ocrx_word' id='word_1_483' title='bbox 1788 4767 1836 4818; x_wconf 81' lang='grc' dir='ltr'><strong>Σύ·</strong></span> 
     </span>
    </p>
   </div>
   <div class='ocr_carea' id='block_1_5' title="bbox 295 4851 1835 5015">
    <p class='ocr_par' dir='ltr' id='par_1_8' title="bbox 295 4851 1835 5015">
     <span class='ocr_line' id='line_1_43' title="bbox 295 4851 1835 4942; baseline -0.012 -17"><span class='ocrx_word' id='word_1_484' title='bbox 295 4870 437 4942; x_wconf 71' lang='lat' dir='ltr'><strong>sequitur,</strong></span> <span class='ocrx_word' id='word_1_485' title='bbox 459 4867 629 4924; x_wconf 73' lang='lat' dir='ltr'><strong>Theodorus</strong></span> <span class='ocrx_word' id='word_1_486' title='bbox 646 4863 823 4920; x_wconf 66' lang='lat' dir='ltr'><strong>Heracleot-</strong></span> <span class='ocrx_word' id='word_1_487' title='bbox 840 4859 931 4917; x_wconf 74' lang='lat' dir='ltr'><strong>tacito</strong></span> <span class='ocrx_word' id='word_1_488' title='bbox 949 4859 1043 4931; x_wconf 78' lang='lat' dir='ltr'><strong>digito</strong></span> <span class='ocrx_word' id='word_1_489' title='bbox 1086 4879 1156 4915; x_wconf 81' lang='grc' dir='ltr'><strong>νεσιν</strong></span> <span class='ocrx_word' id='word_1_490' title='bbox 1166 4865 1219 4930; x_wconf 76' lang='grc' dir='ltr'><strong>γὰρ</strong></span> <span class='ocrx_word' id='word_1_491' title='bbox 1232 4866 1284 4914; x_wconf 81' lang='grc' dir='ltr'><strong>τῶν</strong></span> <span class='ocrx_word' id='word_1_492' title='bbox 1302 4863 1330 4914; x_wconf 79' lang='grc' dir='ltr'><strong>έν</strong></span> <span class='ocrx_word' id='word_1_493' title='bbox 1347 4863 1437 4924; x_wconf 72' lang='grc' dir='ltr'><strong>αὐτοῖς</strong></span> <span class='ocrx_word' id='word_1_494' title='bbox 1454 4863 1598 4926; x_wconf 81' lang='grc' dir='ltr'><strong>μυστηρίων</strong></span> <span class='ocrx_word' id='word_1_495' title='bbox 1617 4858 1715 4920; x_wconf 74' lang='grc' dir='ltr'><strong>λαύὸν,</strong></span> <span class='ocrx_word' id='word_1_496' title='bbox 1733 4856 1771 4920; x_wconf 69' lang='grc' dir='ltr'><strong>ὣς</strong></span> <span class='ocrx_word' id='word_1_497' title='bbox 1786 4851 1835 4907; x_wconf 81' lang='grc' dir='ltr'><strong>καλ</strong></span> 
     </span>
     <span class='ocr_line' id='line_1_44' title="bbox 296 4941 1833 5015; baseline -0.01 -5"><span class='ocrx_word' id='word_1_498' title='bbox 296 4961 450 5012; x_wconf 71' lang='lat' dir='ltr'><strong>monstrat.</strong></span> <span class='ocrx_word' id='word_1_499' title='bbox 1086 4952 1184 5015; x_wconf 85' lang='grc' dir='ltr'><strong>ταύτην</strong></span> <span class='ocrx_word' id='word_1_500' title='bbox 1196 4951 1315 5013; x_wconf 84' lang='grc' dir='ltr'><strong>δδιύαας,</strong></span> <span class='ocrx_word' id='word_1_501' title='bbox 1327 4949 1469 5015; x_wconf 71' lang='grc' dir='ltr'><strong>δυνήσομαι</strong></span> <span class='ocrx_word' id='word_1_502' title='bbox 1479 4950 1538 5012; x_wconf 67' lang='grc' dir='ltr'><strong>περὶ</strong></span> <span class='ocrx_word' id='word_1_503' title='bbox 1553 4949 1606 4998; x_wconf 81' lang='grc' dir='ltr'><strong>τῶν</strong></span> <span class='ocrx_word' id='word_1_504' title='bbox 1618 4945 1647 4996; x_wconf 66' lang='grc' dir='ltr'><strong>δι</strong></span> <span class='ocrx_word' id='word_1_505' title='bbox 1659 4941 1749 5007; x_wconf 71' lang='grc' dir='ltr'><strong>αύτούς</strong></span> <span class='ocrx_word' id='word_1_506' title='bbox 1766 4942 1833 4995; x_wconf 71' lang='grc' dir='ltr'><strong>διαι-</strong></span> 
     </span>
    </p>
   </div>
   <div class='ocr_carea' id='block_1_6' title="bbox 294 5026 1835 5198">
    <p class='ocr_par' dir='ltr' id='par_1_9' title="bbox 294 5026 1835 5198">
     <span class='ocr_line' id='line_1_45' title="bbox 329 5026 1835 5111; baseline -0.011 -13"><span class='ocrx_word' id='word_1_507' title='bbox 329 5059 358 5098; x_wconf 78' lang='lat' dir='ltr'><strong>v.</strong></span> <span class='ocrx_word' id='word_1_508' title='bbox 370 5043 415 5096; x_wconf 77' lang='lat' dir='ltr'><strong>at.</strong></span> <span class='ocrx_word' id='word_1_509' title='bbox 429 5041 496 5098; x_wconf 88' lang='lat' dir='ltr'><strong>Vat.</strong></span> <span class='ocrx_word' id='word_1_510' title='bbox 510 5043 536 5097; x_wconf 76' lang='lat'><strong>4.</strong></span> <span class='ocrx_word' id='word_1_511' title='bbox 550 5043 575 5111; x_wconf 82' lang='lat'><strong>5,</strong></span> <span class='ocrx_word' id='word_1_512' title='bbox 587 5042 613 5110; x_wconf 87' lang='lat'><strong>6,</strong></span> <span class='ocrx_word' id='word_1_513' title='bbox 622 5041 648 5110; x_wconf 87' lang='grc'><strong>8,</strong></span> <span class='ocrx_word' id='word_1_514' title='bbox 663 5040 704 5109; x_wconf 86' lang='grc'><strong>11,</strong></span> <span class='ocrx_word' id='word_1_515' title='bbox 716 5039 758 5094; x_wconf 87' lang='grc'><strong>16.</strong></span> <span class='ocrx_word' id='word_1_516' title='bbox 769 5036 841 5093; x_wconf 80' lang='lat' dir='ltr'><strong>Gen.</strong></span> <span class='ocrx_word' id='word_1_517' title='bbox 852 5053 926 5105; x_wconf 78' lang='lat' dir='ltr'>xxx,</span> <span class='ocrx_word' id='word_1_518' title='bbox 937 5034 980 5090; x_wconf 69' lang='grc' dir='ltr'><strong>Θέε</strong></span> <span class='ocrx_word' id='word_1_519' title='bbox 992 5035 1043 5090; x_wconf 84' lang='grc' dir='ltr'><strong>Ρι.</strong></span> <span class='ocrx_word' id='word_1_520' title='bbox 1088 5039 1187 5104; x_wconf 65' lang='lat' dir='ltr'><strong>pactae</strong></span> <span class='ocrx_word' id='word_1_521' title='bbox 1199 5035 1299 5102; x_wconf 79' lang='grc' dir='ltr'><strong>ύμιλιτν</strong></span> <span class='ocrx_word' id='word_1_522' title='bbox 1310 5051 1341 5088; x_wconf 82' lang='grc' dir='ltr'><strong>ιι</strong></span> <span class='ocrx_word' id='word_1_523' title='bbox 1352 5033 1490 5099; x_wconf 70' lang='grc' dir='ltr'><strong>καλὸγον</strong></span> <span class='ocrx_word' id='word_1_524' title='bbox 1499 5033 1637 5086; x_wconf 71' lang='grc' dir='ltr'><strong>ποιεῖσθαι.</strong></span> <span class='ocrx_word' id='word_1_525' title='bbox 1649 5028 1734 5084; x_wconf 83' lang='lat' dir='ltr'><strong>idem</strong></span> <span class='ocrx_word' id='word_1_526' title='bbox 1741 5026 1835 5084; x_wconf 79' lang='lat' dir='ltr'><strong>refert</strong></span> 
     </span>
     <span class='ocr_line' id='line_1_46' title="bbox 294 5119 1196 5198; baseline -0.014 -12"><span class='ocrx_word' id='word_1_527' title='bbox 294 5141 404 5198; x_wconf 81' lang='lat' dir='ltr'><strong>oxvnr,</strong></span> <span class='ocrx_word' id='word_1_528' title='bbox 416 5128 457 5198; x_wconf 71' lang='grc'><strong>14,</strong></span> <span class='ocrx_word' id='word_1_529' title='bbox 467 5127 510 5184; x_wconf 78' lang='grc'><strong>82.</strong></span> <span class='ocrx_word' id='word_1_530' title='bbox 525 5119 1044 5196; x_wconf 73' lang='lat' dir='ltr'><strong>Joan.xrr‚10.1’eiameetnondum</strong></span> <span class='ocrx_word' id='word_1_531' title='bbox 1088 5120 1156 5176; x_wconf 66' lang='lat' dir='ltr'><strong>Vat-</strong></span> <span class='ocrx_word' id='word_1_532' title='bbox 1170 5119 1196 5173; x_wconf 85' lang='grc' dir='ltr'><strong>ύ.</strong></span> 
     </span>
    </p>
   </div>
   <div class='ocr_carea' id='block_1_7' title="bbox 0 0 2033 6098">
    <p class='ocr_par' dir='ltr' id='par_1_10' title="bbox 0 0 2033 6098">
     <span class='ocr_line' id='line_1_47' title="bbox 0 0 2033 6098; baseline 0 0"><span class='ocrx_word' id='word_1_533' title='bbox 0 0 2033 6098; x_wconf 95' lang='lat' dir='ltr'><strong> </strong></span> 
     </span>
    </p>
   </div>
  </div>
 </body>
</html>
