4036 6090
299 435 360 498 124
967 433 1177 497 ORIGENES

295 572 449 660 ἐλάθομεν
471 573 552 657 άπερ
577 569 751 656 ηὐξάμεθα,
775 579 874 635 ταῦτα
889 568 964 655 ἡμῖν
980 591 1037 654 ση-
1080 575 1126 654 pi.
1149 574 1285 648 Quoties
1300 577 1481 656 crevimus,
1497 580 1531 639 et
1556 591 1631 656 quse
1648 577 1829 658 postulavi·

296 689 377 764 μετα
1082 679 1828 759 mue,recepimue,totidemnobissignosunt.

338 804 371 848 ν.
399 783 451 846 44.
478 780 543 847 Καὶ
566 781 774 867 μετέστρεψεν
796 780 839 857 είς
862 780 940 864 αίμα
965 781 1038 857 τοὺς
1125 798 1157 842 ν.
1172 782 1225 844 44.
1240 784 1286 847 Et
1299 785 1455 848 conuertit
1468 785 1505 847 iu
1519 784 1830 868 scupuirwmslumi-

294 889 456 972 ποταμοὺς
470 887 583 970 αὐτων,
597 887 653 950 καί
666 887 707 950 τά
720 882 911 970 ὸμβρήματα
922 885 1037 968 αὑτων,
1081 901 1125 950 αα
1140 903 1259 966 emon,
1278 891 1310 952 et
1316 887 1483 968 pluviales
1498 888 1647 970 lpmplrus
1658 904 1775 966 οοαιικι,
1793 893 1831 953 ιω

294 993 379 1069 ὅπως
395 994 438 1078 μὴ
454 989 574 1056 πίωσιν.
1080 1007 1144 1054 τοοκ
1160 991 1275 1055 Murci.

337 1095 419 1161 θίδα
443 1090 755 1178 κατάτροπολογίαν
778 1090 913 1168 πολλοὺς
938 1113 1035 1158 ποτα·
1128 1097 1213 1160 Novi
1225 1096 1411 1160 secundum
1427 1097 1674 1177 tropologicum
1689 1114 1825 1161 sensum

294 1201 371 1283 μοὺς
383 1197 542 1282 Αίγὺπτου
555 1194 713 1273 ἐναντίους
724 1195 860 1281 Χριστῷ,
873 1205 916 1282 τῷ
928 1195 1052 1280 ἀληθο.
1082 1201 1191 1264 multa
1213 1217 1286 1264 esse
1313 1198 1455 1263 flumina
1483 1202 1621 1282 AEgypti
1655 1203 1824 1264 contrariu

293 1309 337 1387 νῷ
348 1310 489 1388 ποταμῷ,
498 1303 535 1365 οὑ
543 1302 584 1366 τά
595 1298 784 1386 ὸμὺρηματα
794 1301 853 1386 την
865 1299 1039 1385 ἐκκλησίαν
1082 1303 1372 1384 Ohrist0‚⁸flumini
1383 1321 1473 1384 veru,
1488 1304 1586 1383 cujus
1605 1305 1749 1368 cimbres
1765 1305 1826 1368 Eo-

293 1405 468 1490 εὐφραίνει·
493 1404 596 1470 πάντα
617 1405 658 1469 τά
679 1411 737 1488 της
763 1401 920 1488 σωτηρίας
944 1403 1037 1468 ἀλλό-
1082 1408 1221 1471 elesium
1238 1409 1421 1472 laetificunt.
1437 1411 1480 1472 At
1495 1412 1618 1472 eunetu
1632 1407 1760 1471 fluente
1777 1425 1828 1471 su-

293 1530 364 1594 τρια
386 1509 556 1594 ρεὺματαὸ
579 1506 659 1586 Θεὸς
681 1508 757 1572 ὸταν
780 1506 931 1594 βούληταί
952 1528 1039 1586 τινας
1083 1513 1148 1575 luti
1165 1515 1345 1593 contrarie,
1358 1515 1448 1577 Deus
1462 1512 1830 1593 quandovultcouver·

293 1612 486 1699 ἐπιπρέψαι,
509 1613 561 1676 ίνα
574 1610 750 1691 ἐξελθόντες
772 1611 879 1676 πίωσιν
903 1612 965 1676 ἀπὸ
982 1621 1039 1698 της
1083 1621 1164 1696 tere,
1183 1621 1222 1680 ut
1245 1621 1407 1681 exeuntes
1429 1617 1548 1680 bibant
1562 1617 1603 1680 de.
1618 1616 1830 1699 petru(petre

292 1718 409 1803 πέτρας
436 1719 470 1804 (ἡ
493 1719 529 1783 δὲ
554 1717 654 1802 πέτρα
678 1718 759 1804 ἠνὸ
786 1718 933 1803 Χριστὸς)
957 1729 1041 1785 ποιεῖ
1083 1725 1197 1783 autem
1213 1724 1286 1783 erut
1301 1719 1477 1802 Christus),
1494 1720 1576 1783 fucit
1591 1721 1676 1782 utin
1691 1721 1830 1798 sangui·

292 1832 470 1909 στραφῆναι
491 1824 535 1900 εἰς
557 1824 652 1908 αίμα;
674 1819 775 1888 Ὅταν
800 1826 862 1909 γάρ
889 1823 952 1908 ἐγὼ
979 1845 1038 1889 κα-
1086 1842 1163 1887 nem
1182 1828 1368 1887 vertantur.
1388 1822 1526 1898 Quando
1549 1825 1640 1887 euim
1663 1839 1728 1901 ego
1750 1823 1829 1886 alie·

292 1936 396 2014 ταγνω
416 1926 582 2012 ἀλλοτρίου
604 1926 726 2008 ὕδατος,
749 1929 804 1992 καὶ
826 1926 1036 2013 φρονήματος,
1086 1947 1166 1992 narn
1182 1928 1305 1992 domno
1318 1945 1452 2009 equum,
1464 1929 1536 1990 sive
1549 1928 1747 2006 cogitatum,
1759 1928 1829 1990 Deo

292 2041 348 2096 τοῦ
363 2031 446 2098 Θεοῦ
469 2052 520 2117 μοι
534 2029 805 2115 παραστησαντος,
829 2031 876 2096 ὸτι
896 2031 975 2117 αίμά
990 2032 1039 2096 έσ-
1083 2032 1243 2094 edocente
1259 2048 1312 2095 me
1328 2032 1417 2112 quod
1436 2031 1579 2109 sanguis
1595 2037 1656 2112 est,
1671 2049 1738 2095 non
1760 2049 1829 2094 urn-

291 2155 349 2218 τιν,
365 2133 470 2199 οὐκέτι
491 2133 580 2217 πίνω,
601 2137 652 2199 ἵνα
675 2136 718 2220 μὴ
742 2133 877 2220 μέτοχος
897 2133 1038 2221 γένωμαι
1083 2137 1173 2216 plius
1188 2136 1277 2214 bibo,
1293 2153 1336 2199 ne
1352 2137 1521 2217 particeps
1537 2137 1717 2213 sanguinis
1739 2135 1828 2198 fiam.

292 2241 434 2324 αίματος.
449 2236 657 2323 Ὀμὺρηματα
672 2240 707 2317 δὲ
730 2241 791 2303 είεν
806 2240 845 2304 ἂν
867 2239 896 2304 οἱ
912 2238 1035 2325 βραχέα
1085 2239 1280 2320 cujusmodi
1302 2246 1392 2320 sunt,
1417 2243 1476 2321 qui
1498 2258 1609 2321 pauco
1629 2242 1825 2320 loquuntur,

294 2341 519 2428 μὲνλέγοντες,
535 2341 938 2428 ὸλέθριαδέ.Κατὸιδέι-ην
953 2343 1034 2408 ίστο-
1084 2342 1143 2407 sed
1165 2345 1365 2425 perniciose.
1389 2347 1491 2408 Porro
1513 2345 1700 2407 seeundum
1728 2343 1830 2406 histo

293 2445 363 2532 ρίαν
384 2446 548 2532 Αἰγύπτιοι
570 2445 687 2512 ἄνωθεν
709 2447 791 2533 ὕδωρ
814 2448 873 2512 οὐκ
899 2449 1034 2533 ἔχουσιν,
1083 2449 1179 2527 rium,
1197 2450 1349 2530 AEgyptii
1372 2449 1506 2512 ooelitus
1529 2465 1657 2528 squam
1681 2464 1749 2510 non
1772 2446 1829 2509 hu

293 2551 366 2616 οὐδὲ
379 2550 498 2634 γίνεται
520 2553 608 2629 ὑετὸς
630 2551 663 2616 ἐν
685 2550 844 2636 Αἰγύπτῳ.
860 2547 1038 2637 Ἱστορικως
1083 2552 1175 2630 beut,
1189 2569 1251 2614 nec
1263 2550 1302 2614 fit
1313 2553 1430 2632 pluvio
1445 2553 1480 2614 in
1492 2555 1648 2633 AEgypto
1664 2553 1829 2616 Historioe

293 2656 351 2742 μέν
365 2656 419 2719 οὑν
433 2655 540 2739 πάσης
550 2655 621 2720 τότε
635 2664 693 2740 τῆς
703 2664 763 2720 τῶν
774 2655 896 2721 ὑδάτων
911 2657 1034 2741 φύσεως
1089 2657 1210 2736 igitur,
1225 2656 1306 2718 dum
1322 2658 1481 2720 universo
1496 2659 1577 2718 tuno
1591 2673 1756 2737 uquarum
1773 2675 1830 2719 ne·

291 2759 376 2823 κατὸι
402 2759 460 2844 τὴν
485 2757 644 2843 Αἴγυπτον
669 2768 713 2846 τῷ
740 2758 957 2844 προστάγματι
983 2771 1039 2826 τοῦ
1082 2763 1160 2822 tura
1182 2777 1241 2842 per
1256 2763 1442 2842 AEgyptum
1465 2759 1623 2823 mundato
1645 2761 1768 2840 Moysis
1793 2761 1827 2821 in
1915 2841 1922 2854 Ι

292 2861 431 2940 Μωσέως
451 2865 495 2940 εἰς
518 2865 596 2948 αίμα
617 2862 798 2947 τραπείσης,
822 2862 863 2940 ὡς
885 2865 940 2928 καί
962 2866 1036 2942 τοὺς
1084 2867 1297 2943 sanguinem
1326 2881 1424 2928 versu
1453 2868 1513 2944 est,
1542 2881 1650 2945 usque
1679 2864 1762 2926 odeo
1793 2870 1831 2928 ut

293 2967 413 3054 ἰχθύας,
430 2968 474 3045 είς
489 2966 638 3053 σαρκώδη
661 2967 832 3053 παχύτητα
847 2978 902 3033 τοῦ
924 2968 1037 3046 ὕδατος
1090 2969 1192 3032 etium
1214 2969 1333 3049 pisces,
1341 2970 1377 3031 in
1389 2985 1544 3032 carneum
1555 2967 1741 3032 crassitiem
1757 2986 1830 3030 nru-

198 3067 201 3074 ’
294 3070 526 3157 μετατεθέντος,
550 3071 768 3158 διαφθαρῆναι,
790 3081 855 3149 τοῖς
881 3071 1038 3159 Ἑβραίοις
1084 3075 1156 3135 tatu
1173 3089 1272 3154 equs,
1288 3073 1476 3152 interirent,
1500 3071 1650 3135 Hebraeis
1673 3071 1830 3134 haurien-

292 3175 474 3261 ἀρυομένοις
496 3177 575 3261 αίμα
590 3178 649 3240 οὑκ
662 3177 713 3260 ἡν.
728 3171 824 3241 Ὅθεν
837 3178 914 3262 έσχε
936 3180 991 3243 καί
1013 3179 1036 3264 ἡ
1081 3176 1185 3256 tibus,
1200 3176 1344 3254 sanguis
1360 3193 1427 3240 non
1444 3181 1525 3239 erut.
1544 3178 1653 3251 Quare
1665 3176 1767 3239 etism
1782 3175 1828 3238 io-

293 3279 470 3368 μαγγανεία
485 3283 594 3366 καιρὸν
608 3282 642 3345 ἐν
657 3289 701 3366 τῷ
717 3281 804 3365 παρά
817 3277 974 3367 Ἑβραίοις
989 3284 1038 3348 εὑ
1081 3298 1159 3343 oum
1170 3280 1363 3344 habuerunt
1377 3281 1560 3360 praestigiae
1576 3297 1766 3359 magorum,
1786 3284 1825 3342 ut

292 3385 466 3471 ρισκομένμ
482 3384 580 3467 θδατι,
596 3386 632 3448 τὸ
648 3385 823 3470 αἱματῶδες
839 3386 920 3470 ὕδωρ
936 3407 1038 3472 παροι-
1084 3403 1125 3448 ex
1140 3402 1230 3466 oque
1243 3401 1346 3464 penes
1366 3385 1524 3447 Hebraeos
1538 3385 1676 3447 inventu
1691 3383 1829 3462 sungui-

293 3488 492 3574 σοφίσασθαι.
508 3488 776 3575 occupavisset
791 3491 1037 3556 καὶνῦντὸϊσον
1082 3507 1180 3553 neum
1209 3505 1333 3568 equum
1351 3487 1565 3567 effingerent.
1582 3488 1755 3570 Spirituaii
1772 3505 1829 3550 ou-

292 3594 376 3658 ἐστιν
398 3593 472 3658 ἰδεῖν
497 3591 667 3677 γινόμενον.
695 3591 765 3656 Τῶν
790 3595 853 3678 γάρ
879 3595 955 3676 πρὸς
978 3596 1035 3672 τάς
1082 3598 1151 3657 tem
1174 3610 1275 3656 sensu
1298 3611 1391 3656 nune
1410 3595 1637 3674 quoquolicet
1658 3593 1773 3656 videre
1796 3591 1830 3655 id

292 3695 435 3774 ἐναντίας
449 3695 542 3776 δόξας
557 3696 765 3781 διεστηκότων
786 3705 851 3774 τοῖς
875 3699 931 3783 μέν
954 3699 1038 3765 πὸτι-
1084 3697 1196 3777 ipsum
1209 3699 1417 3777 contingere.
1443 3699 1495 3760 Ex
1510 3699 1553 3761 iis
1572 3699 1662 3760 enim
1679 3697 1739 3779 qui
1754 3713 1830 3760 con-

296 3799 354 3884 μὸν
369 3801 436 3865 ἐστι
451 3801 505 3864 καί
520 3801 668 3886 διαφανὲς
679 3802 715 3865 τὸ
731 3810 816 3887 νᾶμα
826 3809 884 3886 τῆς
895 3801 1037 3887 πίστεως,
1082 3803 1197 3865 truriis
1219 3801 1434 3883 opinionibus
1458 3800 1668 3881 dividuntur,
1690 3801 1750 3864 aiii
1772 3800 1830 3863 ha-

291 3903 377 3969 δδιὸι
391 3913 448 3989 της
463 3903 548 3984 θείας
563 3904 769 3984 διδασκαλίας
785 3906 950 3991 ἀρύονται·
973 3915 1038 3985 τοῖς
1082 3906 1164 3970 bent
1185 3907 1279 3987 potui
1311 3909 1429 3985 aptum
1457 3923 1497 3969 so
1519 3906 1726 3986 pellucidum
1752 3905 1831 3970 fidei

293 4007 328 4072 δὲ
343 4007 381 4072 ἐκ
395 4016 452 4092 της
467 4018 607 4094 πονηρᾶς
618 4001 807 4095 ὑπολήψεως
819 4011 1038 4096 αἰγυπτιάζου-
1083 4009 1260 4090 fluentum,
1273 4010 1363 4091 quod
1375 4027 1416 4072 ex
1427 4009 1544 4072 divino
1558 4011 1724 4074 hauriunt
1738 4010 1831 4073 didu-

291 4133 323 4176 σι
345 4111 397 4175 διά
419 4111 537 4197 φθοράς
560 4113 638 4198 αίμα
659 4115 695 4177 τὸ
717 4113 799 4198 ὕδωρ
821 4113 948 4199 γίνεται.
972 4112 1038 4180 Καὶ
1083 4117 1195 4180 scalis.
1205 4118 1248 4179 At
1256 4116 1298 4180 iis
1307 4117 1366 4196 qui
1376 4131 1437 4194 per
1445 4114 1621 4195 reprobum
1630 4115 1832 4178 sententiam

291 4215 445 4292 πολλάκις
467 4215 648 4302 ἐπιχειρείὸ
670 4219 909 4304 παρασοφισμὸς
931 4227 988 4304 της
1004 4219 1039 4283 ά·
1083 4220 1320 4302 AEgyptiorum
1333 4223 1556 4297 moreagunt,
1570 4219 1833 4299 incorrumpen-

292 4319 398 4404 πάι-ης
412 4320 467 4383 καί
482 4323 517 4384 τὸ
533 4329 594 4385 των
602 4319 807 4406 Ἰσραηλιτῶν
821 4323 917 4387 ποτὸν
928 4331 972 4408 τῷ
984 4343 1039 4408 μο-
1083 4328 1152 4387 tem
1181 4324 1386 4401 sanguinem
1409 4323 1523 4386 evadit
1545 4339 1649 4403 aqua:
1677 4341 1717 4385 uc
1743 4339 1831 4405 saepe

292 4422 401 4509 λυσμῷ
415 4433 471 4487 τοῦ
487 4423 619 4508 ψεύδους
641 4425 719 4510 αίμα
734 4435 873 4510 ποιησαι,
896 4425 1038 4493 τουτέστι
1084 4428 1227 4490 enititur
1238 4427 1421 4507 sophistica
1433 4427 1559 4489 erroris
1572 4426 1830 4507 fallacispotum

291 4529 346 4591 τὸν
367 4523 520 4612 ἡμέτερον
540 4525 645 4612 λόγον,
675 4529 730 4593 καί
751 4527 826 4614 ημῖν
852 4529 961 4614 δείξαι,
992 4535 1036 4618 μη
1085 4534 1188 4596 etiam
1219 4531 1442 4595 Israeliticum
1477 4529 1644 4594 mendacii
1675 4531 1832 4612 inquine-

328 4725 355 4764 ν.
367 4707 412 4762 44.
425 4707 503 4762 Plut.
518 4723 545 4776 ν,
558 4707 601 4763 14.
619 4707 686 4764 Huc
697 4707 822 4766 redeunt
838 4709 921 4766 codd.
935 4712 1055 4770 Veneti.
1085 4710 1270 4784 optimusque
1291 4707 1463 4764 Gallnndiue
1484 4707 1547 4780 jum
1571 4706 1692 4777 obierat,
1717 4703 1833 4777 quondo

292 4793 371 4867 apud
389 4792 576 4849 Gsllsndium
593 4811 659 4850 oum
675 4795 760 4853 novis
772 4796 879 4854 naevis:
898 4801 929 4852 οὑ
945 4801 981 4852 τὰ
993 4803 1040 4868 ὸφ-
1084 4794 1249 4870 posthumus
1267 4794 1331 4866 ejus
1349 4793 1465 4849 schedis
1477 4793 1635 4848 Meroiunae
1653 4792 1743 4865 praelo
1755 4808 1832 4846 eom-

293 4885 443 4950 μηματα...
457 4882 476 4934 ἃ
495 4883 510 4934 ὸ
523 4882 632 4947 Θεὸς...
650 4884 714 4937 δτοιν
732 4885 784 4951 γὸιρ
802 4887 856 4952 ὸγῲ
871 4888 982 4954 κατάγω
994 4885 1041 4952 οθς
1084 4881 1183 4939 misem
1194 4881 1321 4937 filerunt.
1334 4880 1426 4937 Redit
1437 4885 1549 4936 tessera
1566 4884 1718 4935 recantata
1730 4878 1831 4949 Orige-

293 4969 434 5034 ἀλλοτρίου
452 4967 556 5040 βία)...
568 4973 615 5023 τοῦ
633 4970 701 5023 Θεοῦ
719 4971 755 5038 μὴ
773 4975 1039 5041 παραστησαντος...
1084 4969 1140 5038 nis,
1151 4973 1234 5035 πέτρα
1247 4972 1262 5022 ὸ
1274 4970 1392 5035 Χριστὸς,
1403 4971 1437 5022 ut
1453 4967 1578 5022 Paulum
1595 4965 1705 5020 recolet
1722 4965 1829 5034 allego·

294 5059 406 5121 αῑματος
423 5057 600 5124 ὸμὸρηματος,
622 5059 647 5109 oi
668 5059 744 5110 ὸὸ...
765 5059 902 5124 διεφθορὸς
927 5062 1040 5125 αἱμα...
1086 5054 1137 5110 riae
1149 5053 1359 5124 indulgentem,
1372 5069 1408 5108 ex
1421 5069 1478 5124 quo
1490 5058 1588 5108 tumen
1604 5051 1668 5106 loeo
1680 5050 1831 5122 Mopsues-

295 5143 352 5195 σιὸν
365 5143 441 5206 ὸστιν,
454 5157 577 5214 quorum
589 5140 727 5214 pleraque
738 5140 825 5198 nihili
834 5146 911 5198 sunt
920 5142 1040 5212 Doctus,
1085 5147 1171 5199 tenus
1183 5139 1222 5198 ud
1234 5140 1356 5198 (ἐκλείπω
1367 5139 1518 5197 invehitur
1528 5137 1559 5194 in
1568 5137 1761 5209 allegoristae.
