4008 6094
268 443 310 505 72
930 449 1141 513 ORIGENES

263 579 357 646 πίονα
378 584 433 647 καί
456 585 595 670 εὔτροφα
611 593 672 649 τῶν
688 584 776 664 ξύων
798 585 944 671 ἡδύτερα,
961 588 1012 650 σύ·
1058 589 1188 652 nutrita
1205 592 1404 654 animalium
1428 609 1467 654 ea
1481 596 1562 655 sunt
1577 593 1744 670 suaviora,
1757 592 1803 652 ita

261 707 305 750 τω
320 687 374 752 καί
396 696 458 753 τῶν
481 698 698 775 πνευματικῶν
721 691 771 775 εἴη
793 692 832 755 ἀν
855 711 924 755 τινα
939 688 1014 755 ἀνά-
1059 697 1093 756 et
1109 695 1144 756 in
1162 695 1263 758 rebus
1278 696 1514 776 spiritualibus
1530 697 1636 776 possit
1651 712 1724 758 esse
1746 694 1805 756 ali-

262 789 345 875 λσγα
359 801 424 869 τοῖς
446 794 532 857 κατὰ
554 792 659 878 σάρκα
674 793 769 859 πίοσι.
785 792 898 878 Διόπερ
916 803 1010 858 τοῦτο
1059 813 1127 876 qua
1154 799 1325 878 proportio
1355 816 1433 861 cum
1461 799 1621 862 carnibus
1643 797 1805 860 delicatis.

263 895 352 973 εἰδὼς
374 898 462 981 παρὰ
481 899 540 982 την
555 905 613 982 της
632 899 738 985 ψυχης
760 899 880 984 τροφὴν
903 894 1014 961 seore-
1060 900 1186 964 Idcirco
1203 902 1236 964 id
1252 903 1448 981 intelligens
1463 902 1504 966 de
1520 903 1642 966 animae
1662 901 1805 983 dapibus

263 1021 384 1087 χσυσαν
406 1011 461 1066 τοῦ
476 999 632 1087 σώματος,
655 1001 673 1068 ό
695 1001 860 1088 προφήτης
883 1003 1015 1088 εὔχεται
1057 993 1139 1086 ¹quae
1153 1010 1285 1090 corpori
1305 1013 1476 1090 praestant,
1498 1010 1662 1090 propheta
1681 1011 1806 1086 exorat,

262 1104 364 1190 λέγων
379 1107 450 1190 περί
464 1106 561 1192 αὐτῆς
572 1105 627 1172 τό·
644 1105 718 1172 ὡσεί
733 1105 863 1184 στέατος
874 1107 929 1171 καί
942 1104 1010 1171 πιό-
1059 1108 1173 1174 dicens
1189 1118 1345 1193 respectu
1367 1113 1409 1175 ad
1432 1129 1524 1176 eam:
1548 1113 1642 1178 Sicut
1662 1111 1755 1192 adipe
1776 1114 1808 1175 et

262 1229 357 1294 τητσς
379 1208 575 1295 ἐμπλησθείη
591 1210 613 1295 ἡ
629 1209 717 1296 ψυχή
735 1231 804 1296 μου.
820 1208 960 1275 Τοιαῦτά
976 1229 1014 1295 γε
1051 1213 1251 1297 ριἀριιεόίιιο
1275 1215 1441 1297 repleatur
1462 1217 1572 1280 animo
1586 1232 1665 1282 meo.
1681 1215 1807 1296 Hujus

263 1311 305 1398 ἠν
320 1315 375 1378 καί
389 1314 430 1378 τὰ
444 1316 528 1380 κατὰ
543 1315 601 1400 την
616 1313 802 1399 παραόσλὴν
816 1323 872 1378 τοῦ
893 1312 1014 1399 μόσχου
1061 1318 1153 1381 modi
1179 1322 1253 1381 crat
1278 1320 1438 1401 parabola
1463 1321 1564 1383 vituli
1590 1321 1740 1400 pinguis.
1766 1353 1804 1364 -—

263 1425 319 1482 τοῦ
342 1428 493 1483 σιτευτοῦ.
510 1457 550 1468 -
568 1417 612 1484 Τό
635 1418 668 1483 έν
697 1417 769 1504 Θεῷ
795 1418 830 1482 δὲ
857 1416 1013 1503 ἀγαλλιᾶν
1059 1421 1155 1484 Ηυυο
1177 1434 1258 1485 vero
1281 1424 1317 1487 in
1340 1425 1410 1487 Deo
1433 1423 1674 1487 exultationem
1698 1425 1732 1485 et
1753 1439 1806 1484 ac·

263 1522 319 1585 καί
341 1522 492 1608 εὐφημεῖν
514 1521 629 1608 νομίζω
652 1525 695 1608 μη
727 1520 876 1587 δύνασθαι
899 1541 1013 1606 τιατσρ·
1058 1526 1294 1589 clamationem
1318 1544 1438 1591 censeo
1453 1544 1520 1590 uon
1543 1543 1640 1608 posse
1666 1544 1687 1588 a
1709 1525 1806 1588 nobis

264 1621 393 1691 θοῦσθαι
421 1624 497 1711 ἡμῖν
518 1627 614 1712 χωρίς
636 1633 694 1710 της
716 1625 779 1690 ἀπὸ
808 1634 871 1690 τῶν
892 1624 1010 1690 καλου·
1060 1632 1149 1692 recte
1179 1628 1254 1695 fieri
1280 1634 1376 1694 extra
1406 1635 1644 1710 tegumentum
1674 1630 1805 1691 alarum

264 1728 364 1814 μένων
379 1730 543 1816 πτερύγων
558 1740 614 1796 τοῦ
630 1729 712 1798 Θεοῦ
725 1739 856 1816 σκεπης,
868 1729 1010 1796 τουτέστι
1059 1748 1136 1812 quoe
1150 1737 1313 1815 protectio
1328 1736 1389 1799 Dei
1405 1735 1576 1815 dicuutur,
1592 1733 1627 1797 id
1643 1736 1694 1797 est
1711 1736 1807 1797 extra

265 1841 327 1898 τῶν
339 1833 460 1918 ἀρετῶν
471 1836 579 1901 αύτοῦ·
591 1836 791 1921 ταύταιςγάρ
802 1837 945 1922 ὑψοῦται,
958 1837 1013 1900 καί
1058 1839 1203 1902 virtutes
1224 1839 1308 1919 ejus.
1324 1841 1424 1903 Hisce
1440 1840 1565 1920 quippe
1583 1839 1751 1902 exaltatur
1773 1839 1807 1899 et

264 1935 493 2022 μετεωρίζεται,
515 1939 570 2003 καί
594 1939 801 2025 μεγαλύνεται
817 1940 834 2006 ό
849 1939 940 2022 Θεὸς,
959 1939 1012 2025 ὑφ’
1059 1943 1226 2007 attollitur
1242 1947 1276 2006 et
1290 1941 1532 2021 magnificatur
1547 1943 1648 2006 Deus.
1669 1942 1760 2017 Quae
1776 1941 1806 2004 si

264 2042 303 2119 ἃς
316 2040 488 2128 γενόμενοι,
512 2044 569 2108 ἀτε
584 2042 624 2129 δὴ
649 2043 840 2129 ἀπλούμενοι
859 2041 1014 2129 διέμειναν
1059 2064 1162 2128 super
1186 2063 1248 2112 nos
1277 2051 1368 2127 sunt,
1391 2065 1454 2112 ceu
1477 2050 1635 2111 extensae
1663 2045 1807 2127 desuper

262 2144 347 2231 ἡμῖν,
364 2146 503 2212 δεκτιαοί
518 2148 603 2233 αύτῷ
617 2145 781 2234 γενόμεθα.
1063 2150 1160 2218 nobis
1179 2152 1377 2232 immanent,
1400 2155 1474 2214 tum
1497 2151 1720 2232 acceptabiles
1742 2151 1807 2231 ipsi

1061 2255 1239 2320 efficimur.

311 2375 344 2418 v.
361 2357 391 2420 9.
408 2354 588 2440 Ὲκσλλήθη
604 2354 626 2440 ἡ
643 2353 731 2440 ψυχή
756 2376 815 2440 μου
830 2353 929 2420 όπίσω
947 2377 1015 2420 σου.
1104 2378 1136 2424 ν.
1153 2363 1182 2424 9.
1198 2359 1343 2425 Adhaesit
1355 2361 1466 2426 arieto
1480 2376 1550 2424 meo
1557 2364 1635 2440 post
1649 2364 1687 2424 te.

311 2458 385 2544 [Τόι]
409 2459 507 2525 ὀπίσω
530 2470 585 2526 τοῦ
601 2459 684 2527 Θεοῦ
707 2460 773 2525 ἐστὶ
795 2462 836 2526 τὰ
858 2462 938 2547 μετὰ
960 2463 1014 2526 τὸν
1105 2466 1185 2528 Post
1210 2466 1318 2528 Deum
1342 2469 1425 2528 sunt
1454 2481 1494 2526 ea
1531 2481 1606 2544 quae
1632 2480 1711 2527 cum
1737 2465 1806 2527 Deo

271 2562 362 2647 Θεὸν,
381 2566 473 2630 ἀτινα
490 2563 722 2651 ἐπαγγέλλεται
746 2567 801 2631 καί
815 2564 935 2652 Μωθσῇ
958 2566 1018 2632 δει-
1064 2571 1166 2647 stant,
1194 2569 1310 2648 qualia
1336 2569 1443 2651 Moysi
1469 2569 1634 2649 promissa
1662 2571 1743 2630 sunt
1768 2572 1807 2630 ut

266 2667 343 2753 ξείη.
1061 2673 1292 2736 ostendantur.

307 2793 340 2837 v.
359 2774 408 2838 10.
425 2770 524 2839 Αὐτοὶ
538 2772 574 2837 δε
589 2773 633 2852 είς
657 2773 760 2859 μάτην
776 2773 937 2859 ἐζήτησαν
952 2775 1011 2860 τὴν
1104 2794 1136 2838 v.
1155 2778 1204 2840 10.
1221 2777 1293 2858 Ipsi
1305 2780 1412 2840 παίσαι
1433 2776 1470 2840 ia
1483 2792 1602 2840 canora
1623 2775 1804 2857 querebant

265 2874 372 2962 ψυχήν
393 2897 471 2963 μου·
494 2875 787 2955 clausalalatere
810 2879 851 2944 τύι
872 2875 1015 2944 acediae·
1060 2879 1203 2944 ῦιιίοιαοι
1231 2897 1351 2960 ηιθυταυ
1381 2879 1560 2945 introibant
1580 2880 1617 2944 ia
1643 2875 1806 2961 inferiora

267 3001 308 3045 τα
322 2989 380 3066 τῆς
394 2988 466 3067 γης.
1061 2987 1164 3049 trrra.
1692 3003 1697 3014 ·

311 3085 448 3164 Τούτους
460 3087 796 3172 εύχεταιπρσρητωιῶς
804 3086 869 3152 ἀπὸ
881 3094 939 3171 της
950 3086 1016 3152 ἐπι·
1106 3089 1304 3169 Prophetice
1318 3088 1524 3151 vaticinatur
1547 3086 1588 3150 de
1612 3087 1666 3151 his
1681 3087 1742 3167 qui
1764 3104 1806 3149 ex

266 3187 397 3274 ρανείας
413 3188 607 3276 ὠθουμένους
629 3201 687 3276 της
701 3200 762 3277 γης
777 3193 821 3270 εἰς
840 3193 881 3257 τθι
895 3192 1011 3277 ταύτης
1061 3192 1237 3273 splendore
1253 3191 1356 3271 hujus
1372 3197 1470 3255 terra
1482 3195 1654 3269 coguntur
1669 3193 1704 3254 in
1720 3209 1807 3255 cras·

267 3293 433 3382 παχύτερα
441 3293 615 3360 κατελθεῖν·
630 3296 708 3362 όπου
719 3298 762 3382 μὴ
775 3297 921 3363 δύνανται
932 3297 1018 3362 κατὰ
1061 3297 1151 3360 siora
1164 3295 1376 3376 descendere,
1399 3295 1458 3360 ubi
1478 3293 1551 3373 jam
1574 3312 1642 3358 non
1666 3299 1808 3376 possunt

268 3405 330 3462 τῶν
346 3396 583 3484 ἀγωνιζομένων
602 3397 636 3464 έν
651 3398 833 3486 ἀνθρωπίνῳ
852 3399 974 3487 σῶματι
986 3400 1016 3466 ἐ·
1062 3403 1098 3464 in
1121 3400 1270 3462 humano
1292 3415 1430 3481 corpore
1456 3416 1535 3462 cum
1556 3398 1806 3462 decertantibus

270 3511 401 3588 νεργεῖν,
417 3503 445 3568 εἰ
459 3504 513 3568 καὶ
526 3502 621 3589 μόνον
639 3504 782 3588 εἰρῆσθαι
794 3507 865 3590 περὶ
879 3514 940 3570 τῶν
959 3504 1017 3589 ζη·
1062 3505 1195 3583 luctari,
1219 3505 1374 3584 quamvis
1398 3504 1484 3567 illud
1505 3503 1661 3567 videatur
1683 3505 1808 3568 solum·

267 3607 404 3672 τούντων
429 3609 488 3694 τὴν
514 3609 621 3694 ψυχὴν
644 3617 699 3673 τσῦ
723 3607 896 3695 εὐχομένου
919 3608 1015 3674 δοκεῖ.
1063 3606 1161 3672 modo
1184 3606 1313 3671 dictum
1336 3607 1377 3670 de
1400 3608 1453 3670 his
1476 3609 1536 3688 qui
1559 3613 1717 3688 quarunt
1738 3609 1809 3671 ani·

266 3709 447 3777 Κατύτατα
462 3711 569 3797 θέτης
584 3711 682 3797 γηςὴ
700 3710 845 3795 ἀύυσσσς,
862 3711 939 3778 ένθα
953 3733 1016 3798 χω-
1062 3729 1153 3775 mam
1175 3712 1396 3793 deprecantis,
1419 3711 1582 3775 inferiora
1599 3717 1712 3775 autem
1736 3713 1809 3774 loca

267 3813 424 3900 ρήσσυσιν.
440 3813 554 3900 Διόπερ
569 3816 603 3882 έν
626 3815 800 3902 εὐαγγελίῳ
823 3825 867 3902 τῷ
894 3815 1020 3903 Σωτηρί
1062 3823 1159 3883 terrae
1173 3821 1255 3882 sunt
1267 3818 1422 3899 abyssus,
1438 3833 1505 3898 quo
1516 3816 1681 3879 daemonia
1698 3816 1807 3894 ibunt;

267 3940 373 4006 φασιν·
388 3918 505 3997 Ἧλθες
518 3919 603 4006 ἡμᾶς
618 3924 679 4005 πρὸ
702 3929 814 4006 καιροῦ
837 3920 1014 4008 βασανίσαι,
1062 3924 1186 3987 idcirco
1212 3924 1247 3985 in
1278 3921 1457 3999 evangelio
1479 3921 1643 3984 salvatori
1670 3919 1806 3982 dicunt:

267 4025 312 4110 μὴ
328 4021 509 4109 πεμφθῆναι
523 4025 567 4102 εἰς
590 4025 648 4110 την
671 4023 807 4090 ἀόυσσυν
821 4026 885 4112 ἠδη
909 4024 1016 4112 δεόμε·
1065 4028 1222 4092 «Venisti
1247 4031 1325 4090 ante
1352 4031 1486 4106 tempus
1515 4027 1673 4104 torquere
1702 4039 1806 4102 nos»

267 4148 324 4208 νοι,
338 4128 382 4205 εἰς
397 4127 432 4192 δέ
447 4125 573 4214 χοίρους
588 4127 738 4194 εἰσελθεῖν
752 4128 926 4214 ἐπιτρέψαι.
1058 4130 1130 4211 jam
1139 4148 1206 4194 non
1214 4130 1303 4193 mitti
1316 4131 1352 4192 in
1360 4129 1447 4192 banc
1463 4128 1622 4210 abyssum
1631 4127 1808 4206 rogabant,

1062 4234 1120 4299 sed
1136 4235 1346 4315 permitteret
1361 4249 1418 4295 eos
1434 4233 1561 4295 intrare
1577 4232 1612 4294 in
1627 4247 1756 4312 porcos.

313 4355 345 4400 ν.
366 4337 415 4401 ll.
439 4333 721 4422 Παραδοθήσονται
743 4337 787 4417 εἰς
810 4346 921 4424 χεῖρας
945 4337 1017 4424 bop-
1105 4357 1138 4401 ν.
1168 4339 1217 4400 11.
1247 4337 1431 4402 Prudenter
1456 4335 1495 4400 ia
1518 4335 1667 4401 mattea
1688 4335 1805 4419 praeit,

273 4436 380 4523 φαίας,
397 4437 518 4525 μερίδες
535 4440 708 4507 ἀλωπέκων
722 4443 856 4508 έσονται.
1058 4445 1174 4522 partes
1187 4441 1335 4521 οτιίρίαοι
1349 4444 1453 4504 mat.
1740 4523 1742 4528 Δ

315 4540 602 4628 Ἀναιρεθήσονται,
612 4548 718 4632 φησίν,
735 4546 794 4634 ούχ
807 4547 867 4612 ὑπὸ
878 4547 1018 4614 δυνατῶν
1108 4545 1326 4624 Excidentur,
1342 4545 1464 4624 inquit,
1481 4560 1548 4606 non
1560 4561 1639 4608 vero
1654 4542 1808 4607 avalidis

272 4645 440 4734 πολεμίων,
464 4648 537 4713 ἀλλ’
551 4651 611 4714 ὑπὸ
634 4659 696 4716 τῶν
714 4651 973 4735 προσοικούντων·
989 4652 1018 4717 οἱ
1063 4649 1228 4727 hostibus,
1245 4647 1302 4711 sed
1320 4647 1511 4712 afinitimis
1527 4649 1662 4712 incolis:
1676 4649 1736 4728 qui
1754 4663 1810 4728 pc·

268 4751 413 4837 κσθόπερ
438 4751 609 4838 τεθήκασίν
632 4755 743 4818 τεκαὶ
770 4751 1018 4819 ἀπελαύνονται·
1064 4753 1160 4818 rinde
1187 4770 1226 4814 ac
1256 4752 1285 4814 si
1316 4752 1562 4831 contabuerint,
1589 4751 1806 4832 dissipantur.

269 4853 436 4921 αἰνίττεται
450 4856 484 4920 δέ
501 4859 536 4922 τό
551 4856 719 4944 πρόχειρον
738 4855 852 4943 νόημα,
867 4868 923 4924 τοῦ
936 4857 1018 4944 μηδὲ
1064 4857 1192 4922 Obvius
1209 4860 1323 4919 autem
1340 4857 1520 4920 verborum
1543 4873 1663 4920 sensus
1679 4853 1741 4916 hoo
1760 4855 1809 4915 in-

269 4967 372 5043 ταφης
395 4959 562 5046 ἀξιωθῆναι
583 4963 656 5039 τοὺς
675 4959 812 5043 πλείους,
835 4959 919 5027 ἀλλά
942 4982 1017 5046 προ·
1064 4963 1152 5041 nuit,
1168 4963 1347 5041 plerosque
1363 4977 1406 5023 ne
1423 4961 1598 5042 sepultura
1613 4957 1749 5039 quidem
1761 4956 1810 5019 di-

268 5061 390 5128 κεῖσθαι
405 5062 524 5149 θηρίοις
540 5064 646 5152 βοράν.
1064 5083 1151 5147 gnos
1159 5065 1240 5146 lore,
1251 5065 1309 5130 sed
1321 5066 1455 5129 tuturos
1462 5081 1534 5128 esse
1547 5063 1626 5127 feris
1633 5061 1807 5141 pabulum.

305 5196 333 5235 v.
348 5181 372 5234 a.
387 5179 454 5238 νει.
468 5183 511 5236 1e.
1100 5181 1432 5252 v.11.vat.12,14,16.
