3966 6108
260 417 323 477 470
503 471 504 474 ,
922 417 1147 482 'ORIGENES

259 570 495 659 ἀναγνώσματα
518 572 579 659 οὐχ
593 571 635 650 ὡς
651 571 745 658 μέρος
767 581 823 638 τοῦ
838 571 913 637 δλου
929 573 1010 658 ψαλ-
1054 583 1209 658 expertes
1235 583 1326 658 sunt,
1361 596 1428 642 non
1460 581 1527 644 uti'
1542 586 1673 662 partem
1699 583 1806 647 totius

260 685 322 762 μσῠ
339 674 522 761 ἐξειλήρασι
537 676 592 742 τά·
614 675 779 755 Ἐξὲλιπον
794 676 823 742 οί
844 677 935 764 ύμνοί
950 677 1010 742 Δα-
1054 684 1176 763 psalmi
1197 685 1365 764 accepisse
1380 702 1421 747 ea
1436 702 1512 766 quae
1527 687 1616 749 lecta
1629 690 1726 750 sunt:
1744 690 1806 752 De·

262 779 320 846 υίδ.
336 778 512 865 Παρίστησι
535 777 570 842 δέ
584 780 639 842 καί
653 778 675 864 ἡ
692 777 823 866 ἐδραύιὴ
848 782 947 866 φωνὴ,
964 780 1011 846 ὅτι
1046 785 1204 866 jecerunt
1216 785 1330 868 hymni
1340 788 1457 853 David.
1471 789 1535 854 Sed
1548 791 1622 872 ipsa
1633 791 1734 854 lectio
1745 791 1803 855 he·

258 887 314 951 καί
344 886 425 950 αὐτὰ
448 882 542 972 μέρος
568 885 717 971 τυγχάνει
739 895 794 950 τοῦ
825 883 900 950 ὅλου
931 883 1012 971 ψαλ-
1056 887 1170 953 θιτιῑοο
1189 909 1230 955 ee
1243 893 1401 973 proponit
1427 893 1478 955 uti
1494 901 1625 974 partem
1647 894 1802 958 eontinui

261 998 331 1076 μοῠ.
1057 994 1189 1072 psalmi.

836 1177 1006 1260 Ρεοίιιιιιο
1030 1179 1235 1262 LXXIII.

301 1418 332 1461 v.
349 1396 380 1477 4,
397 1397 427 1460 5.
443 1393 510 1461 Καί
524 1390 784 1480 ἐνεκαυχήσαντο
800 1393 829 1458 οί
845 1393 1007 1479 μισοῦντές
1050 1404 1108 1481 της
1130 1394 1232 1481 πύλης
1246 1403 1305 1480 τῆς
1319 1395 1441 1475 πόλεως
1461 1395 1610 1484 ἔστησαν,
1625 1397 1697 1464 καθ’
1709 1397 1802 1486 ύπερ·

257 1521 294 1566 σε
310 1499 343 1564 ἐν
366 1498 453 1585 μέσην
467 1506 524 1584 της
547 1498 659 1583 έορτης
682 1519 739 1563 σου
761 1496 867 1563 ἔθεντο
890 1499 931 1564 τά
951 1520 1007 1584 ση-
1051 1498 1150 1586 δολην
1161 1509 1350 1586 γαυριῶντες
1361 1509 1400 1586 τῇ
1413 1510 1496 1588 νικη,
1512 1504 1567 1566 καί
1579 1503 1638 1567 οὐκ
1649 1504 1802 1589 ἔγνωσαν,

259 1612 332 1692 μεῖα
347 1605 449 1669 αὐτῶν
464 1611 590 1690 σημεῖα,
606 1605 661 1666 καὶ
672 1603 732 1667 οὐκ
746 1603 897 1688 ἔγνωσαν,
910 1601 952 1680 ὡς
964 1603 1008 1681 είς
1051 1601 1212 1668 τουτέστιν
1236 1603 1295 1667 οὐκ
1316 1603 1498 1689 ἐνενόησαν,
1514 1604 1563 1668 ὅτι
1577 1607 1661 1670 κατά
1677 1615 1734 1692 της
1757 1615 1802 1694 τῷ

257 1711 318 1796 τὴν
333 1707 456 1774 εῐσοδον
473 1707 627 1792 ὑπεράνω.
1052 1704 1124 1791 Θεῷ
1138 1705 1348 1793 ἀνακειμένης
1370 1707 1491 1786 πόλεως
1517 1717 1619 1774 ταῦτα
1641 1706 1757 1774 θέσθαι
1771 1709 1803 1774 ἐ-

301 1811 479 1881 Θεοδσύλου
490 1809 742 1898 χωρεπιστούπσυ.
753 1809 945 1896 Ύπέρθατον
957 1812 1008 1877 ἐσ-
1050 1810 1232 1897 τύλμησαν·
1254 1811 1306 1876 ἐπί
1323 1821 1381 1898 τῆς
1396 1810 1503 1891 ἐξόδου
1526 1811 1571 1896 δέ,
1587 1809 1730 1877 τουτέστι
1745 1822 1802 1900 της

255 1938 313 1999 τιν,
329 1914 350 2000 ἡ
367 1915 402 1981 δέ
417 1913 589 1980 ἀκολουθία
611 1923 669 1999 της
683 1911 823 1994 διανοίας
838 1916 930 1999 αὕτη·
947 1913 1007 1980 Ἕ·
1050 1914 1163 1998 πύλης.
1196 1919 1263 1983 Vat.
1293 1919 1343 1982 14.
1371 1917 1469 1984 Alias
1495 1919 1583 2002 πρωί
1619 1919 1823 1986 cerdonum.

256 2019 346 2086 θεντο
362 2021 402 2084 τά
417 2027 534 2104 σημεῖα
548 2019 651 2083 αὐτῶν
667 2025 793 2103 σημειᾶ,
810 2015 852 2096 ὣς
866 2019 925 2103 την
941 2017 1008 2097 ἔξω,
1052 2021 1232 2088 Pendulus
1257 2024 1407 2104 occumt,
1432 2022 1488 2090 sed
1507 2023 1629 2088 nullibi
1653 2023 1800 2106 Charopi-

256 2125 310 2191 δον
322 2122 475 2209 ὑπεράνω,
483 2125 539 2187 καί
550 2123 609 2186 οὐκ
620 2123 761 2207 ἔγνωσαν
773 2121 813 2185 τά
824 2131 941 2206 σημεῖα
952 2122 1006 2186 αθ
1049 2142 1163 2208 scopus
1184 2124 1315 2192 dicitur.
1344 2126 1428 2192 Adeo
1450 2127 1602 2194 obscum
1623 2125 1713 2194 θοντο
1738 2131 1798 2208 ατί,

255 2230 328 2313 τῶν,
344 2228 450 2314 φησίν,
469 2229 521 2294 ίνα
535 2227 624 2312 εῐπη·
640 2226 691 2293 Τά
705 2233 842 2310 τροπαία
860 2226 1005 2310 ὑπεράνω
1048 2233 1086 2294 ut
1100 2230 1230 2296 cuinam
1243 2229 1381 2298 οτείτείπ
1392 2229 1668 2314 addictussaoeric,
1687 2227 1799 2297 ίαίεωί.

836 2419 1006 2499 Ρεοίιοιιε
1031 2417 1221 2499 LXXIV.

249 2587 251 2593 ,
301 2636 333 2682 v.
348 2622 377 2684 9.
389 2613 461 2684 Ὀτι
476 2612 626 2702 ποτήριον
638 2613 673 2681 ἐν
683 2617 765 2702 χειρί
779 2612 909 2702 Κυρίου,
923 2614 1008 2679 οίνσυ
1054 2611 1133 2699 μέθη
1145 2612 1374 2699 παραπλησίως
1391 2613 1625 2702 ἀφαιρουμένην
1635 2618 1694 2703 τὴν
1709 2614 1802 2681 δύνα-

257 2719 418 2808 ἀτιράστου
433 2721 562 2808 πλῆρες.
1054 2738 1114 2804 μιν,
1131 2719 1186 2782 καί
1200 2721 1257 2796 τάς
1276 2727 1337 2784 τῶν
1351 2718 1590 2806 τιμωρουμένων
1612 2718 1803 2785 διαλύουσαν

300 2825 400 2914 Ὤριγ.
417 2824 509 2892 Οίνον
521 2826 557 2891 δέ
568 2827 627 2912 την
641 2820 791 2911 τιμωρίαν
803 2822 899 2910 λέγει,
915 2820 957 2899 ὡς
968 2830 1007 2907 τη
1053 2821 1222 2908 ἐνεργείας.
1242 2827 1342 2893 Vatia.
1361 2828 1411 2890 14.

837 3016 1007 3095 Ροοίιιιιιο
1032 3014 1224 3096 LXXVI.

300 3235 333 3280 v.
352 3217 402 3280 1¹7.
420 3213 557 3280 Εῑδσσάν
572 3235 608 3279 σε
623 3214 733 3298 ύδοιτοι,
748 3212 766 3278 ὁ
781 3211 873 3291 Θεάς.
1093 3231 1125 3276 ν.
1143 3214 1193 3276 19.
1209 3211 1307 3298 Φωνὴ
1329 3221 1387 3299 τῆς
1403 3211 1535 3300 βροντης
1558 3222 1616 3279 σου
1630 3222 1669 3300 τῇ
1692 3213 1794 3278 οίτιου-

301 3317 400 3404 Ὦριγ.
417 3317 615 3402 Σευεριανοῠ.
628 3316 710 3383 Οὔτε
725 3318 787 3403 γάρ
806 3316 908 3382 ύδατα
923 3315 1004 3394 είδσς
1051 3311 1140 3399 μένῃ,
1155 3314 1311 3401 ἐσαλεύθη
1323 3317 1378 3380 καί
1393 3318 1542 3403 ἔντρομος
1557 3316 1727 3403 ἐγενήθηὴ
1742 3325 1797 3402 γη.

259 3425 369 3509 έχουσι
382 3434 439 3489 τοῦ
451 3421 586 3510 βλέπειν,
602 3425 658 3487 καί
672 3422 753 3501 θεὸς
764 3423 849 3487 κατὰ
865 3420 955 3507 φύσιν
970 3419 1006 3485 ἀ-
1093 3416 1255 3484 Εὐσεύίσυ.
1273 3417 1344 3486 Τῶν
1359 3420 1526 3505 ἀστραπῶν
1541 3420 1742 3508 λαμψουσων,
1759 3421 1798 3486 ἐκ

257 3525 378 3608 θέατος,
405 3525 490 3591 ἀλλά
515 3547 551 3590 τε
575 3524 688 3612 γέγονε
716 3525 834 3603 θεατάς
860 3521 898 3590 δι’
919 3522 1005 3610 ἡμᾶς
1048 3530 1105 3585 τοῦ
1119 3524 1203 3608 ἤχου
1221 3531 1279 3608 της
1296 3520 1428 3609 βροντῆς
1449 3523 1606 3609 ἐσαλεύθη
1622 3527 1677 3589 καί
1692 3526 1797 3609 ἐντρο-

257 3629 448 3716 σαρκωθείς·
462 3629 533 3696 τότε
548 3630 631 3696 είδον
645 3633 740 3696 αὐτὸν
755 3632 796 3696 τά
813 3629 924 3713 ύδατοι,
937 3651 1006 3694 του-
1052 3645 1109 3710 μσς
1124 3625 1258 3712 ἐγενηθη
1275 3626 1296 3712 ἡ
1312 3636 1365 3713 γῆ,
1381 3629 1421 3693 τδι
1435 3627 1615 3712 πρόσκαιρα
1628 3629 1684 3693 καί
1699 3629 1737 3712 τῇ
1753 3635 1796 3714 γῇ

256 3732 360 3800 τίσειν
383 3734 412 3800 οί
433 3744 502 3812 ταῖς
528 3735 637 3820 ὑγραῖς
662 3734 792 3820 ηδονοιῐς
812 3732 1009 3820 διαρρέοντες
1052 3730 1284 3817 προσηλωμένα
1299 3730 1496 3819 φρονήματα.
1512 3733 1598 3800 leid.

258 3837 423 3924 ἄνθρωποι.
444 3841 542 3906 Vatic.
563 3840 613 3904 14.

826 4015 997 4095 Ρεοίιιιιιο
1021 4011 1238 4094 LXXVII.

299 4244 332 4290 v.
345 4226 397 4291 46.
411 4225 476 4292 Καὶ
491 4226 658 4314 έδωκεντῇ
670 4223 797 4312 έρυσίὸη
813 4229 868 4293 τδν
882 4228 1005 4312 καρπὸν
1050 4223 1228 4311 διαφθείρων
1258 4223 1387 4302 αύτούς.
1419 4223 1458 4290 Οί
1482 4223 1624 4311 Ἐύραῖοι
1654 4224 1798 4311 λέγουσιν

256 4326 368 4394 αὐτῶν.
1048 4328 1241 4416 κυνομυίίαν.
1257 4325 1361 4414 Θηρία
1383 4327 1418 4394 δέ
1433 4329 1518 4395 ἐστιν
1540 4329 1678 4416 διάφορα
1691 4332 1747 4395 καί
1762 4329 1799 4395 ἀ·

299 4430 450 4519 Ἐρυσίθη
473 4434 568 4515 ἐστὶν,
584 4435 668 4498 κατὰ
685 4435 739 4499 τὸν
754 4431 946 4519 Ἡρωδιανὸν
968 4437 1005 4499 τὸ
1049 4431 1275 4520 ναμεμιγμὲνα.
1296 4437 1394 4502 Vatia.
1413 4437 1527 4500 14.1)e
1548 4436 1733 4501 Herodiano
1752 4442 1797 4503 te·

255 4535 437 4617 ἐποιαθίζον
467 4547 531 4615 τοῖς
562 4547 712 4624 καρποῖς,
742 4539 918 4625 παχνωδές,
949 4541 1006 4604 καί
1048 4541 1237 4607 είίντοιιίιοηι
1258 4547 1349 4608 vetus
1370 4545 1403 4607 et
1422 4557 1538 4606 τουτον
1551 4542 1659 4622 periti
1679 4547 1797 4608 τιοίεττί.

835 4716 1005 4796 Ρεοίοιιιε
1029 4715 1225 4796 LXXIX.

298 4948 330 4994 τ.
351 4930 402 5010 14,
422 4929 471 4993 15.
489 4926 688 5014 Ἐλυμῄνοιτο
703 4928 804 5014 αὐτην
815 4929 871 5005 σύς
882 4926 920 4991 ἐκ
935 4926 1006 5012 δρυ-
1092 4927 1320 5015 Ἑρμηνεύεται
1335 4930 1438 5016 μανιάς
1458 4927 1640 5014 δύναγρος·
1662 4926 1800 5016 Ἰσμαὴλ

258 5040 328 5117 μού,
339 5033 395 5096 καί
407 5033 511 5118 μονιδς
523 5033 632 5116 ἀγριος
642 5029 881 5119 τιατενεμησατο
893 5029 1004 5118 αὐτην.
1050 5031 1085 5096 δὲ
1100 5031 1304 5119 ἑρμηνεύεται
1319 5033 1461 5118 δναγρος.
1485 5029 1585 5109 Οὗτος
1609 5033 1673 5112 ούν,
1694 5033 1801 5117 τρησίν,

257 5129 295 5200 Ὀ
311 5133 391 5214 θεὸς
408 5145 471 5201 τῶν
486 5135 657 5222 δυνάμεων,
672 5134 857 5221 ἐπίστρεψον
873 5133 924 5222 δή.
1056 5137 1074 5200 δ
1090 5142 1204 5223 μονιὸς,
1219 5140 1353 5224 δναγρος
1374 5137 1520 5224 Ἰσμαὴλ,
1540 5137 1574 5214 δς
1597 5135 1630 5215 ἐξ
1645 5136 1723 5222 ύλης
1746 5146 1803 5224 της
