4020 6098
768 397 774 404 '
801 419 845 482 nv
868 416 1055 481 asianos
1637 423 1702 487 eor

154 563 303 650 πριάρχοιι
324 559 492 641 διετέλουν,
515 560 570 625 καί
585 558 658 624 οὐδὲ
680 556 810 644 ἐφ’ίνός
825 554 907 642 ίδρυ-
951 561 1030 622 rant
1038 557 1248 640 patriarcha,
1256 575 1365 642 neque
1377 563 1413 626 in
1425 564 1495 627 ullo
1506 565 1579 630 loco
1591 569 1700 632 oonsi-

157 665 246 754 μένοι
261 665 371 749 τόπου,
387 665 472 730 ἀλλά
486 651 612 750 νῦν’μέν
628 664 698 746 ate,
715 663 784 730 ἐκεῖ
801 663 837 727 δέ
852 660 907 726 ἀλ-
952 665 1089 742 etentes,
1102 679 1194 725 nuno
1204 680 1284 726 vero
1295 662 1373 744 huc,
1385 682 1476 730 nuno
1487 673 1602 733 autem
1618 672 1702 736 illuc

155 771 231 837 λοτε
245 771 303 848 τάς
318 771 440 855 σκηνάς
452 765 690 856 μεταφέροντες.
702 761 750 834 Ἢ
765 769 814 832 δτι
828 765 905 831 πολ·
953 766 1173 830 tabernacula
1188 766 1444 832 transferebant.
1461 771 1523 835 Vel
1535 773 1624 855 quod
1643 793 1705 857 per

158 874 203 941 λδι
217 873 292 959 ἔθνη
309 872 475 959 μετῆλθον,
493 870 602 958 μέχρις
618 871 739 957 δτετγς
754 868 910 954 έπαγγελ-
953 870 1079 933 multas
1105 875 1226 949 gentes
1242 873 1468 954 transierunt,
1492 893 1600 958 usque
1621 878 1704 944 dum

156 974 266 1064 θείσης
288 979 386 1064 αὐτῆς
407 985 469 1062 γῆς
491 977 545 1040 τὸν
566 974 690 1059 κλῆρον
712 970 924 1058 παρέλαὸον·’
954 973 1127 1055 promissa
1150 973 1245 1038 illius
1267 979 1366 1040 terra
1393 976 1626 1045 hereditatem
1651 1001 1704 1047 ca-

155 1075 203 1150 Ἢ
218 1080 394 1168 ἀπολογίαν
415 1080 504 1146 δοκεῖ
516 1081 602 1166 ἔχειν
623 1081 682 1164 τὴν
704 1078 738 1146 έν
753 1085 817 1156 τοῖς
832 1097 908 1160 προ·
953 1081 1144 1158 pesserent3
1167 1079 1221 1142 vel
1244 1080 1437 1160 apologiam
1461 1081 1640 1149 instituere
1654 1087 1704 1151 vi·

155 1184 310 1272 κειμίνοις
326 1182 541 1266 διδασκαλίαν,
553 1191 609 1248 τοῦ
623 1184 666 1268 μὴ
679 1180 815 1266 ἀκρίτως
830 1181 908 1247 ἀπο
953 1181 1053 1244 detur
1081 1183 1260 1262 propositae
1289 1201 1392 1265 supra
1414 1184 1585 1268 doctrinae,
1600 1190 1701 1255 „haud

157 1287 345 1376 δοκίμασθαι
360 1290 414 1356 τὸν
429 1288 468 1354 έκ
482 1295 654 1373 περιτομῆς
671 1285 769 1352 λαόν·
785 1286 912 1372 εὐλυγεί
953 1288 1027 1352 sine
1037 1284 1167 1367 judicio
1181 1287 1397 1368 reprobatum
1417 1289 1522 1356 fuisse
1537 1296 1703 1375 populum

157 1397 195 1462 δέ
204 1404 306 1461 ταῦτα
313 1391 511 1474 πεπονθέναι,
521 1392 567 1457 δτι
580 1389 696 1478 μυρίων
705 1389 910 1470 καταξιῶθέν-
953 1390 1203 1454 circumcisum.
1218 1392 1308 1456 Bene
1320 1400 1435 1459 autem
1451 1396 1534 1461 dicit
1547 1399 1632 1462 talia
1647 1417 1704 1466 eos

156 1519 220 1566 τῶν
241 1500 318 1583 πρὸς
340 1507 397 1563 τοῦ
419 1496 504 1564 Θεοῦ
525 1496 709 1582 εὐεργεσιῶν
732 1495 822 1560 αὐτοὶ
836 1494 909 1562 έαυ-
953 1495 1143 1578 pertulisse,
1159 1495 1248 1577 quod
1263 1498 1429 1561 cumulati
1444 1517 1465 1562 a
1479 1501 1548 1564 Deo
1564 1520 1705 1567 sexcen-

157 1605 232 1681 τοὺς
246 1599 404 1679 ἐναντίους
419 1598 621 1685 κατέστησαν
636 1601 691 1665 καί
705 1599 839 1685 έχθροὺς
851 1607 908 1686 τῆς
954 1603 999 1666 tis
1014 1599 1198 1679 beneficiis,
1225 1600 1291 1682 ipsi
1313 1617 1349 1666 sc
1371 1585 1567 1668 statuerunt
1580 1605 1705 1672 divinar

158 1716 217 1772 τοῦ
231 1705 316 1773 Θεοῦ
332 1703 554 1790 προαιρέσεως.
953 1705 1123 1770 voluntati
1139 1705 1325 1769 contrarios
1342 1711 1377 1770 et
1390 1706 1556 1773 inimicos.

201 1831 235 1876 v.
253 1811 304 1874 16.
328 1807 393 1875 Καί
414 1807 550 1874 έκάλεσε
572 1808 662 1895 λιμὸν
681 1809 733 1876 lat
754 1812 815 1896 τὴν
836 1817 908 1895 γῆν,
997 1828 1029 1873 v.
1051 1809 1102 1888 lo,
1120 1809 1305 1876 Είοοοαοίί
1313 1808 1443 1891 samm
1455 1829 1554 1894 svper
1568 1817 1702 1898 ἀκτακι,

157 1923 222 1982 πᾶν
237 1911 395 2000 στήριγμα
409 1913 506 1998 ἀρτου
522 1910 714 1998 συνέτριψεν.
953 1930 1042 1978 omoc
1052 1912 1301 1995 firmamentum
1313 1914 1417 1994 ponis
1430 1918 1592 1982 contrivit.

204 2020 249 2086 Τδ
270 2020 384 2086 δοκοῦν
406 2019 517 2101 κακὸν,
540 2017 613 2082 δέν
635 2017 788 2102 Αἰγύπτῳ
809 2015 910 2105 λιμὸς,
999 2020 1079 2095 Quae
1100 2017 1229 2081 malum
1252 2017 1335 2098 quid
1356 2020 1431 2083 vise
1452 2025 1513 2102 est,
1535 2022 1642 2090 fames
1665 2026 1701 2089 in

161 2125 247 2211 ἀρχὴ
274 2122 387 2211 γέγονε
409 2129 470 2188 τῶν
489 2121 524 2185 έν
546 2116 704 2207 Ἑῦραίοις
728 2123 911 2208 οἰκονομιῶν
954 2125 1112 2206 AEgypm,
1128 2120 1305 2186 exordium
1320 2120 1387 2186 fuit
1401 2125 1606 2205 optimorum
1621 2145 1707 2209 erga

159 2228 296 2314 ἀγαθῶν.
314 2225 422 2304 Οῦτυς
444 2227 499 2290 καί
513 2234 576 2292 πᾶν
598 2229 635 2291 τὸ
657 2226 771 2293 δοκοῦν
794 2229 906 2310 κακὸν,
955 2226 1115 2290 Hebraeos
1138 2225 1367 2290 consiliorum.
1392 2230 1498 2292 Immo
1522 2231 1705 2311 quodcum-

158 2331 243 2398 ἀλλά
256 2334 311 2398 καί
326 2333 363 2398 τδ
378 2329 504 2416 ἀληθῶς
526 2332 638 2412 κακὸν,
655 2331 707 2396 διδι
721 2332 757 2395 τδ
776 2332 910 2414 ὕστερον
956 2348 1023 2414 que
1038 2334 1196 2395 censetur
1217 2332 1357 2412 malum,
1381 2333 1515 2398 etiamsi
1533 2353 1613 2400 vere
1635 2355 1706 2401 ma·

159 2435 278 2520 ἀγαθὸν
291 2433 427 2520 γίνεται·
442 2433 544 2498 κακον
559 2433 631 2518 γάρ,
644 2433 661 2498 ὁ
676 2435 760 2499 κατά
775 2443 831 2500 τοῦ
843 2432 909 2500 Ἰιυ-
955 2437 1030 2500 lum
1042 2435 1097 2515 sit,
1109 2435 1146 2498 in
1157 2434 1284 2498 bonum
1296 2452 1395 2517 porro
1406 2438 1566 2504 vertitur:
1579 2442 1705 2506 etenim

159 2542 225 2625 σὴρ
248 2538 346 2624 ζῆλος
368 2545 431 2604 τῶν
452 2537 616 2622 ἀδελφῶν,
640 2538 695 2602 καί
716 2535 737 2621 ἡ
761 2537 907 2624 ἐπιθυμία
930 2541 1047 2628 ,πτοία
1060 2542 1134 2603 erat
1148 2538 1278 2604 invidia
1295 2539 1440 2605 fratrum
1462 2541 1624 2608 adversus
1647 2547 1704 2610 Jo-

158 2653 217 2730 τῖγς
240 2641 335 2727 δῆθεν
357 2640 523 2727 δεσποίνης
544 2652 601 2707 τοῦ
624 2640 753 2728 Ἰιιοήρ.
780 2681 819 2690 -
839 2643 910 2711 Πᾶν
954 2644 1115 2726 sephum3
1131 2644 1223 2706 mala
1240 2659 1375 2726 quoque
1390 2645 1605 2726 postmodum
1628 2648 1705 2712 libi·

160 2745 319 2832 στὴριγμα
340 2746 410 2811 κτλ.
434 2745 503 2812 ἀντί
518 2756 575 2811 τοῦ
593 2755 655 2814 πᾶν
677 2745 843 2832 διαθρέψαι
858 2746 910 2814 δυ·
955 2749 998 2813 do
1020 2748 1166 2812 domina
1191 2745 1342 2827 ejusdem
1364 2748 1513 2830 Josephi.
1539 2785 1579 2796 -
1610 2752 1707 2818 Ovarc

161 2851 304 2937 νάμενον,
314 2847 465 2917 σπανίσαι
473 2849 656 2935 πεποίηκεν,
665 2851 702 2914 οὐ
714 2850 807 2936 μόνον
815 2860 910 2934 σῖτον,
945 2853 1195 2936 firmamentum
1217 2855 1279 2915 eto.
1295 2850 1471 2933 Videlicet,
1486 2854 1654 2936 quidquid
1676 2873 1709 2920 e·

162 2954 248 3020 ἀλλδι
270 2955 324 3019 καί
346 2955 470 3038 ὄσπρια,
488 2955 543 3019 καί
565 2953 699 3038 τ’ἀλλα,
723 2953 762 3019 δι’
777 2956 820 3021 ῶν
843 2954 909 3044 βιο-
956 2959 1088 3023 nutrire
1103 2961 1246 3040 poterat,
1262 2974 1430 3023 rarescere
1450 2957 1539 3040 lecit,
1555 2977 1624 3025 non
1638 2961 1708 3026 fru-

163 3058 306 3125 τειίουσιν
320 3057 488 3141 tropaea.
955 3069 1110 3128 mentum
1132 3063 1241 3142 modo,
1263 3061 1323 3126 sed
1338 3066 1372 3126 et
1386 3063 1479 3127 olera
1493 3070 1528 3128 et
1549 3069 1706 3130 caeteram

955 3167 1132 3232 hominum
1148 3166 1354 3231 alimoniam.

211 3274 244 3318 v.
263 3254 314 3317 19.
331 3248 434 3339 Μέχρι
448 3260 504 3318 τοῦ
520 3251 621 3318 έλθεῖν
631 3254 685 3318 τὸν
696 3251 791 3339 λόγον
803 3253 911 3338 αὐτοῦ,
1000 3289 1034 3336 v,
1052 3273 1103 3336 19,
1118 3274 1225 3338 pom
1246 3271 1372 3336 mirer
1390 3271 1520 3337 vervum
1541 3273 1622 3356 ejus,
1648 3275 1710 3341 020.

161 3358 198 3422 τὸ
213 3356 320 3443 λόγιον
334 3366 390 3422 τοῦ
404 3354 534 3443 Κυρίου,
550 3358 586 3419 τὸ
601 3354 707 3442 λόγιον
721 3378 776 3422 του
792 3355 910 3444 Κυρίου
956 3376 1069 3460 quium
1082 3375 1215 3454 Domini
1228 3373 1445 3460 inflammavit
1459 3393 1541 3442 eum,

161 3460 322 3546 έπύρυισεν
339 3462 443 3526 αὐτὸν.

207 3564 351 3644 Πολλοὺς
366 3566 557 3651 πειρασμοὺς
571 3563 682 3651 ἐπάγει
696 3573 760 3643 τοῖς
776 3564 875 3652 ἀγίοις
890 3566 908 3631 δ
1001 3571 1124 3635 Multas
1139 3569 1344 3638 tentationes
1367 3568 1404 3632 in
1418 3573 1553 3634 sanctos
1575 3571 1711 3636 invehit

164 3668 320 3752 διάόολος,
344 3667 436 3756 μέχρι
458 3678 513 3734 τοῦ
536 3669 637 3737 έλθεϊν
658 3673 712 3735 τὸν
738 3669 833 3756 λάγον
856 3679 911 3735 τοῦ
956 3675 1129 3754 Diabolus,
1144 3674 1249 3737 donee
1270 3673 1403 3736 venerit
1424 3689 1534 3738 sermo
1556 3676 1629 3756 Dei,
1646 3678 1707 3756 qui

165 3773 249 3842 Θεοῦ
274 3776 328 3842 τὸν
354 3784 512 3866 πυροῦντα
537 3776 592 3839 καί
617 3771 830 3859 κιθαρίζοντα
855 3777 912 3853 τάς
956 3777 1132 3842 comburat
1154 3780 1188 3840 et
1210 3778 1374 3858 repurget
1391 3775 1493 3838 corda
1514 3793 1642 3842 eorum.
1665 3814 1706 3825 —
1806 3791 1807 3794 ’

161 3875 294 3963 καρδίας
317 3879 429 3944 αὐτῶν.
446 3916 488 3926 -
505 3877 566 3943 Δύο
588 3878 741 3963 πυρῶστις
756 3879 815 3943 εἰσι
829 3899 910 3963 γενι-
956 3883 1040 3946 Duae
1070 3884 1152 3944 sunt
1181 3879 1372 3959 generatim
1406 3877 1612 3961 adustiones,
1639 3898 1709 3946 una

162 3979 218 4046 καί
224 4002 232 4018 ·
247 3978 268 4064 ἡ
285 3981 342 4067 μέν
359 3979 479 4065 ἀστεία,
492 3981 545 4046 ὅτε
557 3984 594 4046 τὸ
605 3981 712 4067 λόγιον
722 3981 841 4068 Κυρίου
853 4005 910 4048 πυ-
957 3986 1094 4069 quidem
1109 3987 1175 4048 rite
1197 3984 1392 4066 composita,
1408 3984 1544 4065 quando
1567 3986 1704 4050 Domini

163 4094 214 4170 ροτ
226 4105 306 4169 τινα,
322 4087 374 4152 ίνα
395 4094 453 4170 τῆς
468 4084 580 4171 σοφίας
600 4085 742 4171 ἐρασθείς
757 4089 811 4153 καί
833 4109 910 4154 παν·
956 4091 1134 4155 oraculum
1149 4091 1298 4170 aliquem
1314 4089 1364 4151 ita
1387 4086 1586 4169 conflagrat,
1603 4095 1642 4154 ut
1658 4108 1710 4155 sa

162 4191 217 4267 τδς
231 4189 333 4254 καλοῦ
349 4188 510 4273 κυρωθεὶς,
534 4189 585 4255 ἐπ’
596 4190 681 4275 αὐτῷ
703 4189 833 4276 γένηται
847 4200 909 4277 πῦρ
957 4195 1095 4277 pientia
1107 4198 1142 4258 et
1151 4192 1318 4276 cujusque
1334 4193 1414 4256 boni
1429 4194 1578 4275 percitus
1594 4212 1708 4260 amore

161 4291 291 4378 Κυρίου.
307 4291 347 4358 Ἡ
362 4292 397 4357 δὲ
412 4292 529 4378 φαυλὴ,
546 4293 599 4358 ὅτε
621 4314 666 4370 τις
683 4291 835 4378 τέτρωται
849 4295 909 4360 ὑπὸ
955 4299 1180 4378 incanduerit,
1202 4298 1239 4362 in
1262 4315 1409 4378 eumque
1432 4296 1592 4361 ceciderit
1613 4299 1706 4378 ignis

161 4405 224 4464 τῶν
246 4395 476 4483 πειωριυμένιιν
499 4396 599 4483 βελῶν
613 4405 669 4462 τοῦ
691 4407 839 4483 πονηροῦ,
860 4399 912 4464 ἵνα
956 4403 1102 4467 Domini.
1122 4403 1198 4465 Alia
1212 4417 1293 4464 vero
1314 4400 1454 4481 nefaria,
1470 4402 1605 4483 quando
1628 4404 1716 4484 quis·

163 4499 350 4589 σωματικῶν
372 4501 523 4587 ἐπιθυμῇ·
552 4502 620 4567 ἐπεί
650 4501 751 4570 τοίνυν
773 4504 828 4568 καί
858 4505 912 4570 τὸν
955 4508 1157 4572 vulneratur
1171 4504 1390 4570 inflammatis
1406 4505 1551 4584 maligni
1566 4506 1708 4587 telis,ut

206 4715 586 4794 Pseudo-Breucorum,
606 4732 638 4777 v.
665 4714 715 4777 16.
736 4715 864 4797 Saepius
880 4733 912 4780 e·
955 4717 1028 4781 Nisi
1051 4715 1142 4779 enim
1156 4713 1276 4778 fratres
1292 4713 1418 4795 Joseph
1439 4713 1538 4777 zelati
1561 4712 1706 4778 luissent

161 4805 267 4884 venit,
291 4807 331 4866 ut
352 4820 428 4884 quae
451 4806 617 4885 putantur
634 4805 804 4867 contraria
826 4822 908 4884 esse,
957 4823 1046 4882 eum,
1063 4808 1098 4866 et
1112 4821 1179 4866 non
1192 4801 1424 4866 vendidissent
1439 4819 1527 4883 eum,
1540 4802 1707 4884 quomodo

161 4893 234 4956 haec
255 4891 469 4974 providentia
494 4892 556 4956 Dei
578 4909 640 4975 pro
667 4893 816 4956 utilitate
839 4893 908 4957 fiat.
956 4892 1173 4958 descenderet
1188 4892 1224 4954 in
1239 4892 1426 4973 AEgyptum
1442 4895 1504 4955 ete.

196 5148 224 5186 v.
237 5103 279 5184 ιε’.
292 5126 398 5184 vace
992 5148 1019 5188 v.
1033 5128 1076 5184 ιυ.
1090 5125 1197 5184 vasa
