<?xml version="1.0" encoding="UTF-8"?>
<!DOCTYPE html PUBLIC "-//W3C//DTD XHTML 1.0 Transitional//EN"
    "http://www.w3.org/TR/xhtml1/DTD/xhtml1-transitional.dtd">
<html xmlns="http://www.w3.org/1999/xhtml" xml:lang="en" lang="en">
 <head>
  <title>
</title>
<meta http-equiv="Content-Type" content="text/html;charset=utf-8" />
  <meta name='ocr-system' content='tesseract 3.04.00' />
  <meta name='ocr-capabilities' content='ocr_page ocr_carea ocr_par ocr_line ocrx_word'/>
</head>
<body>
  <div class='ocr_page' id='page_1' title='image "./lta-11000/analectasacrasp00pitrgoog/analectasacrasp00pitrgoog_0442.png"; bbox 0 0 4044 6104; ppageno 0'>
   <div class='ocr_carea' id='block_1_1' title="bbox 867 471 1740 542">
    <p class='ocr_par' dir='ltr' id='par_1_1' title="bbox 867 471 1740 542">
     <span class='ocr_line' id='line_1_1' title="bbox 867 471 1740 542; baseline -0.006 -2"><span class='ocrx_word' id='word_1_1' title='bbox 867 472 1075 542; x_wconf 74' lang='lat' dir='ltr'><strong>susumus</strong></span> <span class='ocrx_word' id='word_1_2' title='bbox 1679 471 1740 538; x_wconf 82' lang='lat'><strong>431</strong></span> 
     </span>
    </p>
   </div>
   <div class='ocr_carea' id='block_1_2' title="bbox 188 612 1846 2265">
    <p class='ocr_par' dir='ltr' id='par_1_2' title="bbox 204 612 1743 803">
     <span class='ocr_line' id='line_1_2' title="bbox 204 612 1743 701; baseline 0.001 -23"><span class='ocrx_word' id='word_1_3' title='bbox 204 616 313 699; x_wconf 78' lang='grc' dir='ltr'><strong>κοίτη</strong></span> <span class='ocrx_word' id='word_1_4' title='bbox 337 613 390 679; x_wconf 85' lang='grc' dir='ltr'><strong>διά</strong></span> <span class='ocrx_word' id='word_1_5' title='bbox 403 621 461 699; x_wconf 83' lang='grc' dir='ltr'><strong>της</strong></span> <span class='ocrx_word' id='word_1_6' title='bbox 477 614 605 701; x_wconf 82' lang='grc' dir='ltr'><strong>ἀγάπης</strong></span> <span class='ocrx_word' id='word_1_7' title='bbox 629 612 746 682; x_wconf 81' lang='grc' dir='ltr'><strong>ἐνόσει.</strong></span> <span class='ocrx_word' id='word_1_8' title='bbox 763 613 804 682; x_wconf 86' lang='grc' dir='ltr'><strong>Τί</strong></span> <span class='ocrx_word' id='word_1_9' title='bbox 825 615 880 681; x_wconf 87' lang='grc' dir='ltr'><strong>ούν</strong></span> <span class='ocrx_word' id='word_1_10' title='bbox 902 615 952 680; x_wconf 87' lang='grc' dir='ltr'><strong>δεί</strong></span> <span class='ocrx_word' id='word_1_11' title='bbox 994 617 1161 681; x_wconf 75' lang='lat' dir='ltr'><strong>mentium</strong></span> <span class='ocrx_word' id='word_1_12' title='bbox 1189 619 1224 680; x_wconf 90' lang='lat' dir='ltr'><strong>et</strong></span> <span class='ocrx_word' id='word_1_13' title='bbox 1237 616 1273 679; x_wconf 91' lang='lat' dir='ltr'><strong>in</strong></span> <span class='ocrx_word' id='word_1_14' title='bbox 1295 615 1433 680; x_wconf 90' lang='lat' dir='ltr'><strong>vinculo</strong></span> <span class='ocrx_word' id='word_1_15' title='bbox 1453 615 1638 682; x_wconf 80' lang='lat' dir='ltr'><strong>charitatis.</strong></span> <span class='ocrx_word' id='word_1_16' title='bbox 1655 615 1743 694; x_wconf 87' lang='lat' dir='ltr'><strong>Quid</strong></span> 
     </span>
     <span class='ocr_line' id='line_1_3' title="bbox 205 715 1591 803; baseline 0.002 -22"><span class='ocrx_word' id='word_1_17' title='bbox 205 716 384 800; x_wconf 77' lang='grc' dir='ltr'><strong>ψάλλοντες</strong></span> <span class='ocrx_word' id='word_1_18' title='bbox 399 715 519 803; x_wconf 75' lang='grc' dir='ltr'><strong>λέγειν,</strong></span> <span class='ocrx_word' id='word_1_19' title='bbox 993 722 1103 800; x_wconf 81' lang='lat' dir='ltr'><strong>igitur</strong></span> <span class='ocrx_word' id='word_1_20' title='bbox 1115 722 1260 803; x_wconf 90' lang='lat' dir='ltr'><strong>psallere</strong></span> <span class='ocrx_word' id='word_1_21' title='bbox 1276 724 1503 802; x_wconf 91' lang='lat' dir='ltr'><strong>opportunum</strong></span> <span class='ocrx_word' id='word_1_22' title='bbox 1519 724 1591 786; x_wconf 81' lang='lat' dir='ltr'><strong>estt</strong></span> 
     </span>
    </p>

    <p class='ocr_par' dir='ltr' id='par_1_3' title="bbox 188 817 1846 2265">
     <span class='ocr_line' id='line_1_4' title="bbox 246 817 1846 916; baseline 0.003 -31"><span class='ocrx_word' id='word_1_23' title='bbox 246 817 319 886; x_wconf 74' lang='lat' dir='ltr'><strong>&#39;Otr</strong></span> <span class='ocrx_word' id='word_1_24' title='bbox 332 821 423 898; x_wconf 82' lang='grc' dir='ltr'><strong>εὐθὺς</strong></span> <span class='ocrx_word' id='word_1_25' title='bbox 446 821 463 886; x_wconf 89' lang='grc' dir='ltr'><strong>ό</strong></span> <span class='ocrx_word' id='word_1_26' title='bbox 485 821 579 908; x_wconf 84' lang='grc' dir='ltr'><strong>λόγος</strong></span> <span class='ocrx_word' id='word_1_27' title='bbox 593 831 649 888; x_wconf 91' lang='grc' dir='ltr'><strong>τοῦ</strong></span> <span class='ocrx_word' id='word_1_28' title='bbox 671 821 801 909; x_wconf 79' lang='grc' dir='ltr'><strong>Κυρίου,</strong></span> <span class='ocrx_word' id='word_1_29' title='bbox 817 822 870 887; x_wconf 85' lang='grc' dir='ltr'><strong>διὸ</strong></span> <span class='ocrx_word' id='word_1_30' title='bbox 890 829 947 886; x_wconf 89' lang='grc' dir='ltr'><strong>τοῦ</strong></span> <span class='ocrx_word' id='word_1_31' title='bbox 1041 822 1325 900; x_wconf 64' lang='lat' dir='ltr'><strong>obtrectabat</strong></span> <span class='ocrx_word' id='word_1_32' title='bbox 1344 823 1474 890; x_wconf 77' lang='lat' dir='ltr'><strong>certum</strong></span> <span class='ocrx_word' id='word_1_33' title='bbox 1488 826 1631 905; x_wconf 77' lang='lat' dir='ltr'><strong>Domini,</strong></span> <span class='ocrx_word' id='word_1_34' title='bbox 1659 843 1744 908; x_wconf 87' lang='lat' dir='ltr'><strong>quo-</strong></span> <span class='ocrx_word' id='word_1_35' title='bbox 1840 903 1846 916; x_wconf 96' lang='lat'><strong><em>.</em></strong></span> 
     </span>
     <span class='ocr_line' id='line_1_5' title="bbox 201 924 1744 1013; baseline 0.002 -23"><span class='ocrx_word' id='word_1_36' title='bbox 201 924 353 1010; x_wconf 90' lang='grc' dir='ltr'><strong>πρότερον</strong></span> <span class='ocrx_word' id='word_1_37' title='bbox 374 928 448 1003; x_wconf 89' lang='grc' dir='ltr'><strong>τούς</strong></span> <span class='ocrx_word' id='word_1_38' title='bbox 470 925 569 1004; x_wconf 86' lang='grc' dir='ltr'><strong>εύθείς</strong></span> <span class='ocrx_word' id='word_1_39' title='bbox 584 925 680 993; x_wconf 80' lang='grc' dir='ltr'><strong>καλεῖ</strong></span> <span class='ocrx_word' id='word_1_40' title='bbox 698 929 776 1011; x_wconf 90' lang='grc' dir='ltr'><strong>πρὸς</strong></span> <span class='ocrx_word' id='word_1_41' title='bbox 789 929 849 1013; x_wconf 75' lang='grc' dir='ltr'><strong>τὸν</strong></span> <span class='ocrx_word' id='word_1_42' title='bbox 869 926 950 994; x_wconf 86' lang='grc' dir='ltr'><strong>οιίνε-</strong></span> <span class='ocrx_word' id='word_1_43' title='bbox 994 928 1086 992; x_wconf 86' lang='lat' dir='ltr'><strong>niam</strong></span> <span class='ocrx_word' id='word_1_44' title='bbox 1111 929 1260 1009; x_wconf 91' lang='lat' dir='ltr'><strong>primum</strong></span> <span class='ocrx_word' id='word_1_45' title='bbox 1279 931 1387 991; x_wconf 90' lang='lat' dir='ltr'><strong>rectos</strong></span> <span class='ocrx_word' id='word_1_46' title='bbox 1413 932 1512 991; x_wconf 82' lang='lat' dir='ltr'><strong>vocet</strong></span> <span class='ocrx_word' id='word_1_47' title='bbox 1537 929 1580 993; x_wconf 90' lang='lat' dir='ltr'><strong>ad</strong></span> <span class='ocrx_word' id='word_1_48' title='bbox 1605 935 1744 994; x_wconf 86' lang='lat' dir='ltr'><strong>cantan-</strong></span> 
     </span>
     <span class='ocr_line' id='line_1_6' title="bbox 204 1028 1744 1118; baseline 0.004 -25"><span class='ocrx_word' id='word_1_49' title='bbox 204 1049 263 1112; x_wconf 93' lang='grc' dir='ltr'><strong>σιν,</strong></span> <span class='ocrx_word' id='word_1_50' title='bbox 278 1028 386 1114; x_wconf 81' lang='grc' dir='ltr'><strong>ἐπειδη</strong></span> <span class='ocrx_word' id='word_1_51' title='bbox 403 1029 492 1107; x_wconf 90' lang='grc' dir='ltr'><strong>ούτός</strong></span> <span class='ocrx_word' id='word_1_52' title='bbox 516 1029 599 1095; x_wconf 81' lang='grc' dir='ltr'><strong>ἐστιν</strong></span> <span class='ocrx_word' id='word_1_53' title='bbox 614 1029 701 1096; x_wconf 82' lang='grc' dir='ltr'><strong>καλό</strong></span> <span class='ocrx_word' id='word_1_54' title='bbox 721 1029 844 1118; x_wconf 80' lang='grc' dir='ltr'>μέλλων</span> <span class='ocrx_word' id='word_1_55' title='bbox 859 1029 950 1109; x_wconf 79' lang='grc' dir='ltr'><strong>δοξά-</strong></span> <span class='ocrx_word' id='word_1_56' title='bbox 993 1031 1085 1112; x_wconf 92' lang='lat' dir='ltr'><strong>dum,</strong></span> <span class='ocrx_word' id='word_1_57' title='bbox 1101 1047 1139 1096; x_wconf 89' lang='lat' dir='ltr'><strong>eo</strong></span> <span class='ocrx_word' id='word_1_58' title='bbox 1159 1032 1270 1110; x_wconf 78' lang='lat' dir='ltr'><strong>magis</strong></span> <span class='ocrx_word' id='word_1_59' title='bbox 1286 1032 1375 1113; x_wconf 90' lang='lat' dir='ltr'><strong>quod</strong></span> <span class='ocrx_word' id='word_1_60' title='bbox 1399 1033 1469 1113; x_wconf 89' lang='lat' dir='ltr'><strong>ipse</strong></span> <span class='ocrx_word' id='word_1_61' title='bbox 1489 1050 1624 1115; x_wconf 89' lang='lat' dir='ltr'><strong>quoque</strong></span> <span class='ocrx_word' id='word_1_62' title='bbox 1647 1034 1744 1117; x_wconf 87' lang='lat' dir='ltr'><strong>hym-</strong></span> 
     </span>
     <span class='ocr_line' id='line_1_7' title="bbox 201 1132 1746 1221; baseline 0.003 -23"><span class='ocrx_word' id='word_1_63' title='bbox 201 1133 310 1214; x_wconf 80' lang='grc' dir='ltr'><strong>ζεσθαι</strong></span> <span class='ocrx_word' id='word_1_64' title='bbox 331 1132 446 1220; x_wconf 80' lang='grc' dir='ltr'><strong>Λόγος,</strong></span> <span class='ocrx_word' id='word_1_65' title='bbox 470 1133 487 1198; x_wconf 86' lang='grc' dir='ltr'><strong>ὸ</strong></span> <span class='ocrx_word' id='word_1_66' title='bbox 509 1144 565 1200; x_wconf 92' lang='grc' dir='ltr'><strong>τοῦ</strong></span> <span class='ocrx_word' id='word_1_67' title='bbox 587 1134 681 1216; x_wconf 95' lang='grc' dir='ltr'><strong>Θεοῦ,</strong></span> <span class='ocrx_word' id='word_1_68' title='bbox 705 1135 722 1199; x_wconf 89' lang='grc' dir='ltr'><strong>δ</strong></span> <span class='ocrx_word' id='word_1_69' title='bbox 745 1135 779 1201; x_wconf 78' lang='grc' dir='ltr'><strong>ἐν</strong></span> <span class='ocrx_word' id='word_1_70' title='bbox 802 1137 887 1221; x_wconf 71' lang='grc' dir='ltr'><strong>ἀρχῇ</strong></span> <span class='ocrx_word' id='word_1_71' title='bbox 903 1135 947 1200; x_wconf 78' lang='grc' dir='ltr'><strong>ὢν</strong></span> <span class='ocrx_word' id='word_1_72' title='bbox 993 1153 1054 1199; x_wconf 90' lang='lat' dir='ltr'><strong>nos</strong></span> <span class='ocrx_word' id='word_1_73' title='bbox 1080 1137 1199 1214; x_wconf 79' lang='lat' dir='ltr'><strong>gloriae</strong></span> <span class='ocrx_word' id='word_1_74' title='bbox 1226 1136 1366 1219; x_wconf 83' lang='lat' dir='ltr'>recipiet</span> <span class='ocrx_word' id='word_1_75' title='bbox 1386 1137 1536 1201; x_wconf 86' lang='lat' dir='ltr'><strong>Verbum</strong></span> <span class='ocrx_word' id='word_1_76' title='bbox 1562 1139 1634 1218; x_wconf 93' lang='lat' dir='ltr'><strong>Dei,</strong></span> <span class='ocrx_word' id='word_1_77' title='bbox 1654 1139 1746 1220; x_wconf 90' lang='lat' dir='ltr'><strong>quod</strong></span> 
     </span>
     <span class='ocr_line' id='line_1_8' title="bbox 200 1237 1742 1324; baseline -0.001 -16"><span class='ocrx_word' id='word_1_78' title='bbox 200 1242 278 1324; x_wconf 81' lang='grc' dir='ltr'><strong>πρὸς</strong></span> <span class='ocrx_word' id='word_1_79' title='bbox 299 1240 353 1303; x_wconf 91' lang='grc' dir='ltr'><strong>τὸν</strong></span> <span class='ocrx_word' id='word_1_80' title='bbox 376 1237 467 1321; x_wconf 88' lang='grc' dir='ltr'><strong>Θεὸν,</strong></span> <span class='ocrx_word' id='word_1_81' title='bbox 482 1240 537 1304; x_wconf 87' lang='grc' dir='ltr'><strong>καί</strong></span> <span class='ocrx_word' id='word_1_82' title='bbox 559 1238 640 1317; x_wconf 83' lang='grc' dir='ltr'><strong>Θεὸς</strong></span> <span class='ocrx_word' id='word_1_83' title='bbox 659 1239 711 1306; x_wconf 78' lang='grc' dir='ltr'><strong>ὢν.</strong></span> <span class='ocrx_word' id='word_1_84' title='bbox 734 1238 838 1318; x_wconf 82' lang='grc' dir='ltr'><strong>Εὐθὺς</strong></span> <span class='ocrx_word' id='word_1_85' title='bbox 860 1237 948 1305; x_wconf 89' lang='grc' dir='ltr'><strong>ούνό</strong></span> <span class='ocrx_word' id='word_1_86' title='bbox 992 1238 1028 1302; x_wconf 91' lang='lat' dir='ltr'><strong>in</strong></span> <span class='ocrx_word' id='word_1_87' title='bbox 1053 1241 1220 1320; x_wconf 90' lang='lat' dir='ltr'><strong>principio</strong></span> <span class='ocrx_word' id='word_1_88' title='bbox 1251 1240 1341 1321; x_wconf 88' lang='lat' dir='ltr'><strong>apud</strong></span> <span class='ocrx_word' id='word_1_89' title='bbox 1369 1241 1479 1304; x_wconf 91' lang='lat' dir='ltr'><strong>Deum</strong></span> <span class='ocrx_word' id='word_1_90' title='bbox 1502 1245 1536 1304; x_wconf 88' lang='lat' dir='ltr'><strong>et</strong></span> <span class='ocrx_word' id='word_1_91' title='bbox 1564 1243 1654 1308; x_wconf 89' lang='lat' dir='ltr'><strong>Deus</strong></span> <span class='ocrx_word' id='word_1_92' title='bbox 1681 1247 1742 1307; x_wconf 88' lang='lat' dir='ltr'><strong>est.</strong></span> 
     </span>
     <span class='ocr_line' id='line_1_9' title="bbox 200 1342 1748 1431; baseline 0.002 -23"><span class='ocrx_word' id='word_1_93' title='bbox 200 1342 324 1428; x_wconf 80' lang='grc' dir='ltr'><strong>Πατὴρ,</strong></span> <span class='ocrx_word' id='word_1_94' title='bbox 340 1343 395 1407; x_wconf 83' lang='grc' dir='ltr'><strong>καί</strong></span> <span class='ocrx_word' id='word_1_95' title='bbox 408 1342 527 1422; x_wconf 88' lang='grc' dir='ltr'><strong>εύθὸςδ</strong></span> <span class='ocrx_word' id='word_1_96' title='bbox 542 1343 623 1427; x_wconf 82' lang='grc' dir='ltr'><strong>Υἱὸς,</strong></span> <span class='ocrx_word' id='word_1_97' title='bbox 638 1345 692 1408; x_wconf 87' lang='grc' dir='ltr'><strong>καὶ</strong></span> <span class='ocrx_word' id='word_1_98' title='bbox 708 1343 781 1410; x_wconf 90' lang='grc' dir='ltr'><strong>εύθύ</strong></span> <span class='ocrx_word' id='word_1_99' title='bbox 801 1346 838 1410; x_wconf 94' lang='grc' dir='ltr'><strong>τὸ</strong></span> <span class='ocrx_word' id='word_1_100' title='bbox 856 1345 947 1431; x_wconf 86' lang='grc' dir='ltr'><strong>άγιον</strong></span> <span class='ocrx_word' id='word_1_101' title='bbox 991 1346 1114 1409; x_wconf 80' lang='lat' dir='ltr'><strong>Rectus</strong></span> <span class='ocrx_word' id='word_1_102' title='bbox 1129 1350 1181 1408; x_wconf 90' lang='lat' dir='ltr'><strong>est</strong></span> <span class='ocrx_word' id='word_1_103' title='bbox 1192 1347 1300 1425; x_wconf 87' lang='lat' dir='ltr'><strong>Pater,</strong></span> <span class='ocrx_word' id='word_1_104' title='bbox 1317 1350 1351 1409; x_wconf 88' lang='lat' dir='ltr'><strong>et</strong></span> <span class='ocrx_word' id='word_1_105' title='bbox 1363 1351 1475 1412; x_wconf 89' lang='lat' dir='ltr'><strong>rectus</strong></span> <span class='ocrx_word' id='word_1_106' title='bbox 1495 1350 1548 1412; x_wconf 88' lang='lat' dir='ltr'><strong>est</strong></span> <span class='ocrx_word' id='word_1_107' title='bbox 1568 1347 1686 1427; x_wconf 84' lang='lat' dir='ltr'><strong>Filius,</strong></span> <span class='ocrx_word' id='word_1_108' title='bbox 1712 1350 1748 1411; x_wconf 92' lang='lat' dir='ltr'><strong>et</strong></span> 
     </span>
     <span class='ocr_line' id='line_1_10' title="bbox 200 1444 1747 1534; baseline 0.002 -23"><span class='ocrx_word' id='word_1_109' title='bbox 200 1445 339 1532; x_wconf 78' lang='grc' dir='ltr'><strong>Πνεῦμα.</strong></span> <span class='ocrx_word' id='word_1_110' title='bbox 365 1483 403 1493; x_wconf 93' lang='grc'>-</span> <span class='ocrx_word' id='word_1_111' title='bbox 427 1444 493 1513; x_wconf 81' lang='grc' dir='ltr'><strong>Καί</strong></span> <span class='ocrx_word' id='word_1_112' title='bbox 514 1447 620 1514; x_wconf 85' lang='grc' dir='ltr'><strong>πάντα</strong></span> <span class='ocrx_word' id='word_1_113' title='bbox 641 1449 682 1513; x_wconf 87' lang='grc' dir='ltr'><strong>τὸι</strong></span> <span class='ocrx_word' id='word_1_114' title='bbox 700 1449 779 1534; x_wconf 84' lang='grc' dir='ltr'><strong>ἔργα</strong></span> <span class='ocrx_word' id='word_1_115' title='bbox 801 1449 898 1513; x_wconf 84' lang='grc' dir='ltr'><strong>αὐτοῦ</strong></span> <span class='ocrx_word' id='word_1_116' title='bbox 912 1449 946 1513; x_wconf 76' lang='grc' dir='ltr'><strong>ἐν</strong></span> <span class='ocrx_word' id='word_1_117' title='bbox 990 1452 1103 1512; x_wconf 91' lang='lat' dir='ltr'><strong>rectus</strong></span> <span class='ocrx_word' id='word_1_118' title='bbox 1132 1449 1278 1530; x_wconf 79' lang='lat' dir='ltr'><strong>Spiritus</strong></span> <span class='ocrx_word' id='word_1_119' title='bbox 1307 1454 1455 1514; x_wconf 87' lang='lat' dir='ltr'><strong>sauctus.</strong></span> <span class='ocrx_word' id='word_1_120' title='bbox 1485 1483 1531 1499; x_wconf 92' lang='lat'>-</span> <span class='ocrx_word' id='word_1_121' title='bbox 1560 1451 1606 1513; x_wconf 79' lang='lat' dir='ltr'><strong>Et</strong></span> <span class='ocrx_word' id='word_1_122' title='bbox 1637 1450 1747 1514; x_wconf 70' lang='lat' dir='ltr'><strong>omnio</strong></span> 
     </span>
     <span class='ocr_line' id='line_1_11' title="bbox 199 1548 1746 1638; baseline 0.003 -23"><span class='ocrx_word' id='word_1_123' title='bbox 199 1548 311 1616; x_wconf 90' lang='grc' dir='ltr'><strong>πίστει.</strong></span> <span class='ocrx_word' id='word_1_124' title='bbox 335 1549 374 1616; x_wconf 90' lang='grc' dir='ltr'><strong>Τί</strong></span> <span class='ocrx_word' id='word_1_125' title='bbox 394 1551 511 1616; x_wconf 78' lang='grc' dir='ltr'><strong>εστινδ</strong></span> <span class='ocrx_word' id='word_1_126' title='bbox 536 1551 641 1637; x_wconf 72' lang='grc' dir='ltr'><strong>λέγεις</strong></span> <span class='ocrx_word' id='word_1_127' title='bbox 664 1553 719 1617; x_wconf 82' lang='grc' dir='ltr'><strong>ἑὸν</strong></span> <span class='ocrx_word' id='word_1_128' title='bbox 735 1553 948 1638; x_wconf 82' lang='grc' dir='ltr'><strong>σύρανὸνίδης</strong></span> <span class='ocrx_word' id='word_1_129' title='bbox 992 1553 1169 1636; x_wconf 80' lang='lat' dir='ltr'><strong>operaejus</strong></span> <span class='ocrx_word' id='word_1_130' title='bbox 1182 1552 1304 1636; x_wconf 76' lang='lat' dir='ltr'><strong>infide.</strong></span> <span class='ocrx_word' id='word_1_131' title='bbox 1321 1554 1408 1630; x_wconf 85' lang='lat' dir='ltr'><strong>Quid</strong></span> <span class='ocrx_word' id='word_1_132' title='bbox 1431 1554 1587 1636; x_wconf 86' lang='lat' dir='ltr'><strong>estquod</strong></span> <span class='ocrx_word' id='word_1_133' title='bbox 1613 1555 1684 1618; x_wconf 76' lang='lat' dir='ltr'><strong>citt</strong></span> <span class='ocrx_word' id='word_1_134' title='bbox 1710 1555 1746 1619; x_wconf 82' lang='lat' dir='ltr'><strong>Si</strong></span> 
     </span>
     <span class='ocr_line' id='line_1_12' title="bbox 190 1642 1743 1742; baseline 0.002 -24"><span class='ocrx_word' id='word_1_135' title='bbox 190 1642 256 1719; x_wconf 82' lang='grc' dir='ltr'><strong>καί</strong></span> <span class='ocrx_word' id='word_1_136' title='bbox 271 1655 328 1739; x_wconf 75' lang='grc' dir='ltr'><strong>τὴν</strong></span> <span class='ocrx_word' id='word_1_137' title='bbox 343 1655 376 1720; x_wconf 80' lang='grc' dir='ltr'><strong>ἐν</strong></span> <span class='ocrx_word' id='word_1_138' title='bbox 391 1653 493 1742; x_wconf 80' lang='grc' dir='ltr'><strong>ἑαυτῷ</strong></span> <span class='ocrx_word' id='word_1_139' title='bbox 513 1656 608 1740; x_wconf 83' lang='grc' dir='ltr'><strong>τάξιν,</strong></span> <span class='ocrx_word' id='word_1_140' title='bbox 624 1654 757 1734; x_wconf 90' lang='grc' dir='ltr'><strong>πίστεύς</strong></span> <span class='ocrx_word' id='word_1_141' title='bbox 777 1658 860 1724; x_wconf 82' lang='grc' dir='ltr'><strong>ἐστιν</strong></span> <span class='ocrx_word' id='word_1_142' title='bbox 875 1657 949 1742; x_wconf 87' lang='grc' dir='ltr'><strong>ὸδη-</strong></span> <span class='ocrx_word' id='word_1_143' title='bbox 994 1659 1118 1721; x_wconf 87' lang='lat' dir='ltr'><strong>coelum</strong></span> <span class='ocrx_word' id='word_1_144' title='bbox 1145 1657 1346 1737; x_wconf 78' lang='lat' dir='ltr'><strong>consideras,</strong></span> <span class='ocrx_word' id='word_1_145' title='bbox 1374 1663 1408 1721; x_wconf 88' lang='lat' dir='ltr'><strong>et</strong></span> <span class='ocrx_word' id='word_1_146' title='bbox 1429 1659 1465 1721; x_wconf 91' lang='lat' dir='ltr'><strong>in</strong></span> <span class='ocrx_word' id='word_1_147' title='bbox 1492 1675 1531 1721; x_wconf 92' lang='lat' dir='ltr'><strong>eo</strong></span> <span class='ocrx_word' id='word_1_148' title='bbox 1553 1659 1743 1722; x_wconf 84' lang='lat' dir='ltr'><strong>stabilitum</strong></span> 
     </span>
     <span class='ocr_line' id='line_1_13' title="bbox 201 1757 1744 1848; baseline 0.001 -24"><span class='ocrx_word' id='word_1_149' title='bbox 201 1757 274 1844; x_wconf 89' lang='grc' dir='ltr'><strong>γός·</strong></span> <span class='ocrx_word' id='word_1_150' title='bbox 297 1757 432 1824; x_wconf 90' lang='grc' dir='ltr'><strong>δείκνυσι</strong></span> <span class='ocrx_word' id='word_1_151' title='bbox 446 1763 508 1848; x_wconf 89' lang='grc' dir='ltr'><strong>γὸιρ</strong></span> <span class='ocrx_word' id='word_1_152' title='bbox 530 1763 584 1826; x_wconf 85' lang='grc' dir='ltr'><strong>τὸν</strong></span> <span class='ocrx_word' id='word_1_153' title='bbox 606 1759 753 1846; x_wconf 73' lang='grc' dir='ltr'><strong>τεχνίτην</strong></span> <span class='ocrx_word' id='word_1_154' title='bbox 772 1759 811 1825; x_wconf 90' lang='grc' dir='ltr'><strong>δι’</strong></span> <span class='ocrx_word' id='word_1_155' title='bbox 822 1759 948 1827; x_wconf 80' lang='grc' dir='ltr'><strong>ἑαυτοῦ.</strong></span> <span class='ocrx_word' id='word_1_156' title='bbox 994 1763 1157 1843; x_wconf 88' lang='lat' dir='ltr'><strong>ordinem,</strong></span> <span class='ocrx_word' id='word_1_157' title='bbox 1168 1760 1247 1824; x_wconf 87' lang='lat' dir='ltr'><strong>fidei</strong></span> <span class='ocrx_word' id='word_1_158' title='bbox 1259 1766 1311 1824; x_wconf 90' lang='lat' dir='ltr'><strong>est</strong></span> <span class='ocrx_word' id='word_1_159' title='bbox 1332 1761 1566 1826; x_wconf 82' lang='lat' dir='ltr'><strong>manuductor.</strong></span> <span class='ocrx_word' id='word_1_160' title='bbox 1589 1763 1744 1828; x_wconf 73' lang='lat' dir='ltr'><strong>Ostendit</strong></span> 
     </span>
     <span class='ocr_line' id='line_1_14' title="bbox 202 1859 1742 1952; baseline 0.002 -25"><span class='ocrx_word' id='word_1_161' title='bbox 202 1859 280 1927; x_wconf 84' lang='grc' dir='ltr'><strong>Ἐάν</strong></span> <span class='ocrx_word' id='word_1_162' title='bbox 309 1883 344 1926; x_wconf 92' lang='grc' dir='ltr'><strong>τε</strong></span> <span class='ocrx_word' id='word_1_163' title='bbox 369 1863 427 1939; x_wconf 83' lang='grc' dir='ltr'><strong>τάς</strong></span> <span class='ocrx_word' id='word_1_164' title='bbox 455 1866 525 1949; x_wconf 83' lang='grc' dir='ltr'><strong>περὶ</strong></span> <span class='ocrx_word' id='word_1_165' title='bbox 551 1873 613 1950; x_wconf 79' lang='grc' dir='ltr'><strong>γην</strong></span> <span class='ocrx_word' id='word_1_166' title='bbox 638 1863 860 1952; x_wconf 76' lang='grc' dir='ltr'><strong>διακοσμηοεις</strong></span> <span class='ocrx_word' id='word_1_167' title='bbox 890 1863 949 1930; x_wconf 81' lang='grc' dir='ltr'><strong>πότ-</strong></span> <span class='ocrx_word' id='word_1_168' title='bbox 992 1866 1084 1929; x_wconf 90' lang='lat' dir='ltr'><strong>enim</strong></span> <span class='ocrx_word' id='word_1_169' title='bbox 1095 1881 1155 1947; x_wconf 94' lang='lat' dir='ltr'><strong>per</strong></span> <span class='ocrx_word' id='word_1_170' title='bbox 1169 1868 1277 1929; x_wconf 88' lang='lat' dir='ltr'><strong>semet</strong></span> <span class='ocrx_word' id='word_1_171' title='bbox 1291 1864 1455 1946; x_wconf 87' lang='lat' dir='ltr'><strong>opificem.</strong></span> <span class='ocrx_word' id='word_1_172' title='bbox 1471 1865 1567 1940; x_wconf 91' lang='lat' dir='ltr'><strong>Quod</strong></span> <span class='ocrx_word' id='word_1_173' title='bbox 1577 1866 1607 1929; x_wconf 93' lang='lat' dir='ltr'><strong>si</strong></span> <span class='ocrx_word' id='word_1_174' title='bbox 1622 1883 1742 1930; x_wconf 89' lang='lat' dir='ltr'><strong>rursus</strong></span> 
     </span>
     <span class='ocr_line' id='line_1_15' title="bbox 202 1965 1744 2054; baseline 0.003 -25"><span class='ocrx_word' id='word_1_175' title='bbox 202 1965 260 2049; x_wconf 89' lang='grc' dir='ltr'><strong>λιν,</strong></span> <span class='ocrx_word' id='word_1_176' title='bbox 275 1967 330 2030; x_wconf 89' lang='grc' dir='ltr'><strong>καί</strong></span> <span class='ocrx_word' id='word_1_177' title='bbox 346 1965 399 2031; x_wconf 85' lang='grc' dir='ltr'><strong>διὸ</strong></span> <span class='ocrx_word' id='word_1_178' title='bbox 412 1967 529 2034; x_wconf 84' lang='grc' dir='ltr'><strong>τούτων</strong></span> <span class='ocrx_word' id='word_1_179' title='bbox 545 1967 712 2047; x_wconf 73' lang='grc' dir='ltr'><strong>αὐξάνεται</strong></span> <span class='ocrx_word' id='word_1_180' title='bbox 722 1966 803 2052; x_wconf 68' lang='lat' dir='ltr'><strong>cort}</strong></span> <span class='ocrx_word' id='word_1_181' title='bbox 816 1970 886 2054; x_wconf 81' lang='grc' dir='ltr'><strong>περὶ</strong></span> <span class='ocrx_word' id='word_1_182' title='bbox 896 1970 951 2035; x_wconf 93' lang='grc' dir='ltr'><strong>τὸν</strong></span> <span class='ocrx_word' id='word_1_183' title='bbox 993 1970 1139 2034; x_wconf 90' lang='lat' dir='ltr'><strong>intueris</strong></span> <span class='ocrx_word' id='word_1_184' title='bbox 1171 1967 1311 2033; x_wconf 85' lang='lat' dir='ltr'><strong>diffusas</strong></span> <span class='ocrx_word' id='word_1_185' title='bbox 1336 1969 1372 2032; x_wconf 91' lang='lat' dir='ltr'><strong>in</strong></span> <span class='ocrx_word' id='word_1_186' title='bbox 1395 1972 1486 2032; x_wconf 86' lang='lat' dir='ltr'><strong>terra</strong></span> <span class='ocrx_word' id='word_1_187' title='bbox 1507 1969 1744 2052; x_wconf 78' lang='lat' dir='ltr'><strong>formositates,</strong></span> 
     </span>
     <span class='ocr_line' id='line_1_16' title="bbox 188 2058 1742 2161; baseline 0 -23"><span class='ocrx_word' id='word_1_188' title='bbox 188 2058 284 2138; x_wconf 81' lang='grc' dir='ltr'><strong>’Θεὸν</strong></span> <span class='ocrx_word' id='word_1_189' title='bbox 306 2071 423 2150; x_wconf 88' lang='grc' dir='ltr'><strong>πίστις·</strong></span> <span class='ocrx_word' id='word_1_190' title='bbox 447 2075 484 2138; x_wconf 91' lang='grc' dir='ltr'><strong>ού</strong></span> <span class='ocrx_word' id='word_1_191' title='bbox 506 2076 567 2160; x_wconf 89' lang='grc' dir='ltr'><strong>γὸιρ</strong></span> <span class='ocrx_word' id='word_1_192' title='bbox 594 2072 752 2158; x_wconf 81' lang='grc' dir='ltr'><strong>σαρκίνοις</strong></span> <span class='ocrx_word' id='word_1_193' title='bbox 777 2073 950 2161; x_wconf 80' lang='grc' dir='ltr'><strong>ὀφθαλμοῖς</strong></span> <span class='ocrx_word' id='word_1_194' title='bbox 995 2075 1098 2138; x_wconf 85' lang='lat' dir='ltr'><strong>etiam</strong></span> <span class='ocrx_word' id='word_1_195' title='bbox 1113 2091 1173 2154; x_wconf 89' lang='lat' dir='ltr'><strong>per</strong></span> <span class='ocrx_word' id='word_1_196' title='bbox 1194 2073 1256 2137; x_wconf 85' lang='lat' dir='ltr'><strong>has</strong></span> <span class='ocrx_word' id='word_1_197' title='bbox 1270 2072 1333 2136; x_wconf 93' lang='lat' dir='ltr'><strong>tibi</strong></span> <span class='ocrx_word' id='word_1_198' title='bbox 1357 2077 1506 2150; x_wconf 80' lang='lat' dir='ltr'><strong>ungetur</strong></span> <span class='ocrx_word' id='word_1_199' title='bbox 1524 2089 1608 2151; x_wconf 80' lang='lat' dir='ltr'><strong>erga</strong></span> <span class='ocrx_word' id='word_1_200' title='bbox 1633 2075 1742 2138; x_wconf 93' lang='lat' dir='ltr'><strong>Deum</strong></span> 
     </span>
     <span class='ocr_line' id='line_1_17' title="bbox 201 2175 1743 2265; baseline 0.002 -26"><span class='ocrx_word' id='word_1_201' title='bbox 201 2175 437 2260; x_wconf 84' lang='grc' dir='ltr'><strong>καταμαθόντες</strong></span> <span class='ocrx_word' id='word_1_202' title='bbox 458 2179 512 2243; x_wconf 95' lang='grc' dir='ltr'><strong>τὸν</strong></span> <span class='ocrx_word' id='word_1_203' title='bbox 528 2177 619 2259; x_wconf 85' lang='grc' dir='ltr'><strong>Θεὸν,</strong></span> <span class='ocrx_word' id='word_1_204' title='bbox 635 2179 886 2265; x_wconf 80' lang='grc' dir='ltr'><strong>πεπιστεύκαμεν</strong></span> <span class='ocrx_word' id='word_1_205' title='bbox 905 2179 950 2256; x_wconf 89' lang='grc' dir='ltr'><strong>είς</strong></span> <span class='ocrx_word' id='word_1_206' title='bbox 994 2176 1087 2242; x_wconf 87' lang='lat' dir='ltr'><strong>fides.</strong></span> <span class='ocrx_word' id='word_1_207' title='bbox 1102 2180 1170 2242; x_wconf 90' lang='lat' dir='ltr'><strong>Nec</strong></span> <span class='ocrx_word' id='word_1_208' title='bbox 1182 2175 1255 2257; x_wconf 88' lang='lat' dir='ltr'><strong>jam</strong></span> <span class='ocrx_word' id='word_1_209' title='bbox 1269 2177 1400 2241; x_wconf 86' lang='lat' dir='ltr'><strong>carneis</strong></span> <span class='ocrx_word' id='word_1_210' title='bbox 1415 2195 1494 2240; x_wconf 90' lang='lat' dir='ltr'><strong>eum</strong></span> <span class='ocrx_word' id='word_1_211' title='bbox 1510 2179 1617 2242; x_wconf 89' lang='lat' dir='ltr'><strong>oculis</strong></span> <span class='ocrx_word' id='word_1_212' title='bbox 1632 2180 1743 2243; x_wconf 90' lang='lat' dir='ltr'><strong>erudi-</strong></span> 
     </span>
    </p>
   </div>
   <div class='ocr_carea' id='block_1_3' title="bbox 203 2279 1870 2369">
    <p class='ocr_par' dir='ltr' id='par_1_4' title="bbox 203 2279 1870 2369">
     <span class='ocr_line' id='line_1_18' title="bbox 203 2279 1870 2369; baseline 0.002 -26"><span class='ocrx_word' id='word_1_213' title='bbox 203 2280 308 2361; x_wconf 84' lang='grc' dir='ltr'><strong>αὐτὸν,</strong></span> <span class='ocrx_word' id='word_1_214' title='bbox 324 2279 409 2345; x_wconf 80' lang='grc' dir='ltr'><strong>ἀλλὰ</strong></span> <span class='ocrx_word' id='word_1_215' title='bbox 426 2289 465 2366; x_wconf 83' lang='grc' dir='ltr'><strong>τη</strong></span> <span class='ocrx_word' id='word_1_216' title='bbox 481 2292 537 2347; x_wconf 92' lang='grc' dir='ltr'><strong>τοῦ</strong></span> <span class='ocrx_word' id='word_1_217' title='bbox 551 2292 606 2348; x_wconf 94' lang='grc' dir='ltr'><strong>νοῦ</strong></span> <span class='ocrx_word' id='word_1_218' title='bbox 622 2282 765 2369; x_wconf 89' lang='grc' dir='ltr'><strong>δυνάμει,</strong></span> <span class='ocrx_word' id='word_1_219' title='bbox 777 2283 828 2347; x_wconf 87' lang='grc' dir='ltr'><strong>διὸ</strong></span> <span class='ocrx_word' id='word_1_220' title='bbox 843 2281 951 2348; x_wconf 76' lang='grc' dir='ltr'><strong>τῦνὸ</strong></span> <span class='ocrx_word' id='word_1_221' title='bbox 994 2285 1032 2363; x_wconf 88' lang='lat' dir='ltr'><strong>ti,</strong></span> <span class='ocrx_word' id='word_1_222' title='bbox 1055 2282 1092 2345; x_wconf 90' lang='lat' dir='ltr'><strong>in</strong></span> <span class='ocrx_word' id='word_1_223' title='bbox 1114 2283 1222 2346; x_wconf 92' lang='lat' dir='ltr'><strong>Deum</strong></span> <span class='ocrx_word' id='word_1_224' title='bbox 1245 2282 1460 2362; x_wconf 90' lang='lat' dir='ltr'><strong>credidimus,</strong></span> <span class='ocrx_word' id='word_1_225' title='bbox 1483 2281 1542 2346; x_wconf 91' lang='lat' dir='ltr'><strong>sed</strong></span> <span class='ocrx_word' id='word_1_226' title='bbox 1561 2282 1597 2344; x_wconf 89' lang='lat' dir='ltr'><strong>vi</strong></span> <span class='ocrx_word' id='word_1_227' title='bbox 1619 2284 1745 2346; x_wconf 89' lang='lat' dir='ltr'><strong>mentis</strong></span> <span class='ocrx_word' id='word_1_228' title='bbox 1869 2291 1870 2294; x_wconf 75' lang='grc'>’</span> 
     </span>
    </p>
   </div>
   <div class='ocr_carea' id='block_1_4' title="bbox 202 2379 1750 3096">
    <p class='ocr_par' dir='ltr' id='par_1_5' title="bbox 202 2379 1750 3096">
     <span class='ocr_line' id='line_1_19' title="bbox 204 2379 1748 2473; baseline 0.005 -27"><span class='ocrx_word' id='word_1_229' title='bbox 204 2379 360 2468; x_wconf 82' lang='grc' dir='ltr'><strong>ρυμένιυν,</strong></span> <span class='ocrx_word' id='word_1_230' title='bbox 384 2385 438 2448; x_wconf 93' lang='grc' dir='ltr'><strong>τὸν</strong></span> <span class='ocrx_word' id='word_1_231' title='bbox 460 2383 596 2470; x_wconf 85' lang='grc' dir='ltr'><strong>ἀόρατον</strong></span> <span class='ocrx_word' id='word_1_232' title='bbox 622 2386 816 2473; x_wconf 79' lang='grc' dir='ltr'><strong>καθορῶμεν.</strong></span> <span class='ocrx_word' id='word_1_233' title='bbox 841 2385 953 2453; x_wconf 88' lang='grc' dir='ltr'><strong>Πάντα</strong></span> <span class='ocrx_word' id='word_1_234' title='bbox 995 2385 1215 2468; x_wconf 88' lang='lat' dir='ltr'><strong>pervisibilia</strong></span> <span class='ocrx_word' id='word_1_235' title='bbox 1223 2386 1431 2450; x_wconf 89' lang='lat' dir='ltr'><strong>invisibilem</strong></span> <span class='ocrx_word' id='word_1_236' title='bbox 1439 2386 1620 2450; x_wconf 89' lang='lat' dir='ltr'><strong>cernimus.</strong></span> <span class='ocrx_word' id='word_1_237' title='bbox 1633 2388 1748 2453; x_wconf 77' lang='lat' dir='ltr'><strong>Omnia</strong></span> 
     </span>
     <span class='ocr_line' id='line_1_20' title="bbox 202 2487 1747 2575; baseline 0.002 -24"><span class='ocrx_word' id='word_1_238' title='bbox 202 2487 244 2551; x_wconf 90' lang='grc' dir='ltr'><strong>τά</strong></span> <span class='ocrx_word' id='word_1_239' title='bbox 258 2489 338 2575; x_wconf 83' lang='grc' dir='ltr'><strong>ἔργα</strong></span> <span class='ocrx_word' id='word_1_240' title='bbox 352 2489 449 2552; x_wconf 86' lang='grc' dir='ltr'><strong>αύτοῦ</strong></span> <span class='ocrx_word' id='word_1_241' title='bbox 464 2488 498 2554; x_wconf 85' lang='grc' dir='ltr'><strong>ἐν</strong></span> <span class='ocrx_word' id='word_1_242' title='bbox 513 2489 626 2556; x_wconf 88' lang='grc' dir='ltr'><strong>πίστει.</strong></span> <span class='ocrx_word' id='word_1_243' title='bbox 638 2490 710 2558; x_wconf 81' lang='grc' dir='ltr'><strong>Κᾶν</strong></span> <span class='ocrx_word' id='word_1_244' title='bbox 725 2495 779 2556; x_wconf 91' lang='grc' dir='ltr'><strong>τὸν</strong></span> <span class='ocrx_word' id='word_1_245' title='bbox 794 2489 880 2557; x_wconf 86' lang='grc' dir='ltr'><strong>λίθον</strong></span> <span class='ocrx_word' id='word_1_246' title='bbox 895 2511 953 2556; x_wconf 86' lang='grc' dir='ltr'><strong>κα-</strong></span> <span class='ocrx_word' id='word_1_247' title='bbox 996 2506 1091 2572; x_wconf 79' lang='lat' dir='ltr'><strong>opcre</strong></span> <span class='ocrx_word' id='word_1_248' title='bbox 1105 2488 1176 2570; x_wconf 79' lang='lat' dir='ltr'><strong>ejus</strong></span> <span class='ocrx_word' id='word_1_249' title='bbox 1197 2489 1235 2554; x_wconf 83' lang='grc' dir='ltr'><strong>ιἰι</strong></span> <span class='ocrx_word' id='word_1_250' title='bbox 1247 2489 1328 2573; x_wconf 78' lang='lat' dir='ltr'><strong>fide.</strong></span> <span class='ocrx_word' id='word_1_251' title='bbox 1346 2490 1407 2554; x_wconf 86' lang='lat' dir='ltr'><strong>Vel</strong></span> <span class='ocrx_word' id='word_1_252' title='bbox 1431 2490 1534 2554; x_wconf 87' lang='lat' dir='ltr'><strong>etiam</strong></span> <span class='ocrx_word' id='word_1_253' title='bbox 1549 2491 1580 2554; x_wconf 86' lang='lat' dir='ltr'><strong>si</strong></span> <span class='ocrx_word' id='word_1_254' title='bbox 1598 2490 1747 2572; x_wconf 89' lang='lat' dir='ltr'><strong>lapidem</strong></span> 
     </span>
     <span class='ocr_line' id='line_1_21' title="bbox 202 2590 1749 2681; baseline 0.001 -25"><span class='ocrx_word' id='word_1_255' title='bbox 202 2590 356 2677; x_wconf 85' lang='grc' dir='ltr'><strong>ταμάθης,</strong></span> <span class='ocrx_word' id='word_1_256' title='bbox 372 2593 439 2677; x_wconf 84' lang='grc' dir='ltr'><strong>ἔχει</strong></span> <span class='ocrx_word' id='word_1_257' title='bbox 453 2594 523 2658; x_wconf 87' lang='grc' dir='ltr'><strong>τινὸι</strong></span> <span class='ocrx_word' id='word_1_258' title='bbox 538 2597 593 2658; x_wconf 85' lang='grc' dir='ltr'><strong>καί</strong></span> <span class='ocrx_word' id='word_1_259' title='bbox 611 2596 705 2672; x_wconf 81' lang='grc' dir='ltr'><strong>αὐτὸς</strong></span> <span class='ocrx_word' id='word_1_260' title='bbox 719 2603 777 2679; x_wconf 78' lang='grc' dir='ltr'><strong>της</strong></span> <span class='ocrx_word' id='word_1_261' title='bbox 791 2593 953 2681; x_wconf 86' lang='grc' dir='ltr'><strong>δυνάμεως</strong></span> <span class='ocrx_word' id='word_1_262' title='bbox 997 2594 1182 2674; x_wconf 79' lang='lat' dir='ltr'><strong>diligenter</strong></span> <span class='ocrx_word' id='word_1_263' title='bbox 1195 2595 1341 2674; x_wconf 89' lang='lat' dir='ltr'><strong>noveris,</strong></span> <span class='ocrx_word' id='word_1_264' title='bbox 1357 2592 1527 2675; x_wconf 84' lang='lat' dir='ltr'><strong>quoddam</strong></span> <span class='ocrx_word' id='word_1_265' title='bbox 1544 2598 1579 2658; x_wconf 91' lang='lat' dir='ltr'><strong>et</strong></span> <span class='ocrx_word' id='word_1_266' title='bbox 1600 2595 1672 2676; x_wconf 89' lang='lat' dir='ltr'><strong>ipse</strong></span> <span class='ocrx_word' id='word_1_267' title='bbox 1690 2595 1749 2658; x_wconf 88' lang='lat' dir='ltr'><strong>ha-</strong></span> 
     </span>
     <span class='ocr_line' id='line_1_22' title="bbox 202 2695 1749 2785; baseline 0.003 -24"><span class='ocrx_word' id='word_1_268' title='bbox 202 2705 259 2761; x_wconf 93' lang='grc' dir='ltr'><strong>τοῦ</strong></span> <span class='ocrx_word' id='word_1_269' title='bbox 280 2695 490 2780; x_wconf 73' lang='grc' dir='ltr'><strong>πεποιηκότος</strong></span> <span class='ocrx_word' id='word_1_270' title='bbox 513 2697 679 2782; x_wconf 80' lang='grc' dir='ltr'><strong>ἀπόδειξιν,</strong></span> <span class='ocrx_word' id='word_1_271' title='bbox 702 2697 763 2763; x_wconf 81' lang='grc' dir='ltr'><strong>κᾶν</strong></span> <span class='ocrx_word' id='word_1_272' title='bbox 790 2698 951 2785; x_wconf 88' lang='grc' dir='ltr'><strong>μύρμηκα,</strong></span> <span class='ocrx_word' id='word_1_273' title='bbox 996 2700 1055 2763; x_wconf 91' lang='lat' dir='ltr'><strong>bet</strong></span> <span class='ocrx_word' id='word_1_274' title='bbox 1067 2699 1227 2780; x_wconf 76' lang='lat' dir='ltr'><strong>potentiae</strong></span> <span class='ocrx_word' id='word_1_275' title='bbox 1238 2698 1400 2762; x_wconf 89' lang='lat' dir='ltr'><strong>creatoris</strong></span> <span class='ocrx_word' id='word_1_276' title='bbox 1414 2703 1674 2780; x_wconf 64' lang='lat' dir='ltr'><strong>argumentum</strong></span> <span class='ocrx_word' id='word_1_277' title='bbox 1692 2701 1749 2766; x_wconf 87' lang='lat' dir='ltr'><strong>vel</strong></span> 
     </span>
     <span class='ocr_line' id='line_1_23' title="bbox 203 2796 1746 2887; baseline 0.003 -23"><span class='ocrx_word' id='word_1_278' title='bbox 203 2799 265 2864; x_wconf 84' lang='grc' dir='ltr'><strong>κὸν</strong></span> <span class='ocrx_word' id='word_1_279' title='bbox 287 2796 414 2886; x_wconf 76' lang='grc' dir='ltr'><strong>ἐμπίδα,</strong></span> <span class='ocrx_word' id='word_1_280' title='bbox 438 2799 499 2865; x_wconf 82' lang='grc' dir='ltr'><strong>κᾶν</strong></span> <span class='ocrx_word' id='word_1_281' title='bbox 523 2799 693 2886; x_wconf 85' lang='grc' dir='ltr'><strong>μέλισσαν,</strong></span> <span class='ocrx_word' id='word_1_282' title='bbox 716 2801 870 2881; x_wconf 82' lang='grc' dir='ltr'><strong>πολλάκις</strong></span> <span class='ocrx_word' id='word_1_283' title='bbox 892 2803 954 2870; x_wconf 82' lang='grc' dir='ltr'><strong>κάν</strong></span> <span class='ocrx_word' id='word_1_284' title='bbox 997 2805 1172 2869; x_wconf 86' lang='lat' dir='ltr'><strong>formicam</strong></span> <span class='ocrx_word' id='word_1_285' title='bbox 1185 2804 1323 2884; x_wconf 88' lang='lat' dir='ltr'><strong>tuearis,</strong></span> <span class='ocrx_word' id='word_1_286' title='bbox 1334 2804 1390 2866; x_wconf 87' lang='lat' dir='ltr'><strong>vel</strong></span> <span class='ocrx_word' id='word_1_287' title='bbox 1401 2803 1557 2887; x_wconf 90' lang='lat' dir='ltr'><strong>culicem,</strong></span> <span class='ocrx_word' id='word_1_288' title='bbox 1568 2805 1624 2868; x_wconf 90' lang='lat' dir='ltr'><strong>vel</strong></span> <span class='ocrx_word' id='word_1_289' title='bbox 1635 2822 1746 2887; x_wconf 86' lang='lat' dir='ltr'><strong>apem;</strong></span> 
     </span>
     <span class='ocr_line' id='line_1_24' title="bbox 202 2903 1750 2999; baseline 0.003 -30"><span class='ocrx_word' id='word_1_290' title='bbox 202 2912 266 2982; x_wconf 80' lang='grc' dir='ltr'><strong>τοῖς</strong></span> <span class='ocrx_word' id='word_1_291' title='bbox 294 2904 492 2990; x_wconf 86' lang='grc' dir='ltr'><strong>μικροτάτοις</strong></span> <span class='ocrx_word' id='word_1_292' title='bbox 514 2903 536 2988; x_wconf 85' lang='grc' dir='ltr'>ἡ</span> <span class='ocrx_word' id='word_1_293' title='bbox 561 2904 657 2992; x_wconf 82' lang='grc' dir='ltr'><strong>σοφία</strong></span> <span class='ocrx_word' id='word_1_294' title='bbox 678 2916 734 2973; x_wconf 91' lang='grc' dir='ltr'><strong>τοῦ</strong></span> <span class='ocrx_word' id='word_1_295' title='bbox 762 2907 955 2999; x_wconf 82' lang='grc' dir='ltr'><strong>δημιουργοῦ</strong></span> <span class='ocrx_word' id='word_1_296' title='bbox 998 2927 1085 2991; x_wconf 81' lang='lat' dir='ltr'><strong>saepe</strong></span> <span class='ocrx_word' id='word_1_297' title='bbox 1101 2911 1204 2974; x_wconf 87' lang='lat' dir='ltr'><strong>etiam</strong></span> <span class='ocrx_word' id='word_1_298' title='bbox 1222 2909 1259 2971; x_wconf 91' lang='lat' dir='ltr'><strong>in</strong></span> <span class='ocrx_word' id='word_1_299' title='bbox 1274 2909 1426 2974; x_wconf 89' lang='lat' dir='ltr'><strong>minimis</strong></span> <span class='ocrx_word' id='word_1_300' title='bbox 1441 2908 1609 2989; x_wconf 85' lang='lat' dir='ltr'><strong>sapientia</strong></span> <span class='ocrx_word' id='word_1_301' title='bbox 1624 2913 1750 2973; x_wconf 84' lang='lat' dir='ltr'><strong>erecto-</strong></span> 
     </span>
     <span class='ocr_line' id='line_1_25' title="bbox 205 3008 1260 3096; baseline 0 -21"><span class='ocrx_word' id='word_1_302' title='bbox 205 3008 411 3096; x_wconf 86' lang='grc' dir='ltr'><strong>διαφαίνεται.</strong></span> <span class='ocrx_word' id='word_1_303' title='bbox 1001 3015 1048 3078; x_wconf 89' lang='lat' dir='ltr'><strong>ris</strong></span> <span class='ocrx_word' id='word_1_304' title='bbox 1063 3015 1260 3078; x_wconf 85' lang='lat' dir='ltr'><strong>translucet.</strong></span> 
     </span>
    </p>
   </div>
   <div class='ocr_carea' id='block_1_5' title="bbox 779 3359 1181 3442">
    <p class='ocr_par' dir='ltr' id='par_1_6' title="bbox 779 3359 1181 3442">
     <span class='ocr_line' id='line_1_26' title="bbox 779 3359 1181 3442; baseline -0.015 0"><span class='ocrx_word' id='word_1_305' title='bbox 779 3364 948 3442; x_wconf 83' lang='lat' dir='ltr'><strong>Psolmus</strong></span> <span class='ocrx_word' id='word_1_306' title='bbox 972 3359 1181 3441; x_wconf 80' lang='lat' dir='ltr'><strong><em>XXXIII.</em></strong></span> 
     </span>
    </p>
   </div>
   <div class='ocr_carea' id='block_1_6' title="bbox 203 3624 1750 5074">
    <p class='ocr_par' dir='ltr' id='par_1_7' title="bbox 205 3624 1750 3814">
     <span class='ocr_line' id='line_1_27' title="bbox 250 3624 1750 3714; baseline 0.001 -22"><span class='ocrx_word' id='word_1_307' title='bbox 250 3647 282 3693; x_wconf 88' lang='grc' dir='ltr'><strong>ν.</strong></span> <span class='ocrx_word' id='word_1_308' title='bbox 299 3629 330 3693; x_wconf 89' lang='grc'><strong>9.</strong></span> <span class='ocrx_word' id='word_1_309' title='bbox 355 3625 514 3694; x_wconf 90' lang='grc' dir='ltr'><strong>Γεύσασθε</strong></span> <span class='ocrx_word' id='word_1_310' title='bbox 529 3629 584 3693; x_wconf 85' lang='grc' dir='ltr'><strong>καί</strong></span> <span class='ocrx_word' id='word_1_311' title='bbox 604 3625 687 3692; x_wconf 79' lang='grc' dir='ltr'><strong>ἴδετε</strong></span> <span class='ocrx_word' id='word_1_312' title='bbox 709 3625 757 3692; x_wconf 88' lang='grc' dir='ltr'><strong>δτι</strong></span> <span class='ocrx_word' id='word_1_313' title='bbox 778 3627 917 3714; x_wconf 90' lang='grc' dir='ltr'><strong>χρηστὸς</strong></span> <span class='ocrx_word' id='word_1_314' title='bbox 936 3624 954 3691; x_wconf 85' lang='grc' dir='ltr'><strong>δ</strong></span> <span class='ocrx_word' id='word_1_315' title='bbox 1042 3646 1074 3691; x_wconf 89' lang='grc' dir='ltr'><strong>ν.</strong></span> <span class='ocrx_word' id='word_1_316' title='bbox 1091 3631 1121 3692; x_wconf 90' lang='grc'><strong>9.</strong></span> <span class='ocrx_word' id='word_1_317' title='bbox 1141 3628 1274 3696; x_wconf 65' lang='lat' dir='ltr'><strong>cislau</strong></span> <span class='ocrx_word' id='word_1_318' title='bbox 1289 3629 1321 3692; x_wconf 82' lang='lat' dir='ltr'><strong>et</strong></span> <span class='ocrx_word' id='word_1_319' title='bbox 1344 3624 1448 3694; x_wconf 75' lang='lat' dir='ltr'><strong>ridete</strong></span> <span class='ocrx_word' id='word_1_320' title='bbox 1462 3628 1615 3711; x_wconf 77' lang='lat' dir='ltr'><strong>quoniam</strong></span> <span class='ocrx_word' id='word_1_321' title='bbox 1636 3628 1750 3694; x_wconf 76' lang='grc' dir='ltr'><strong>υιιῦιιίυ</strong></span> 
     </span>
     <span class='ocr_line' id='line_1_28' title="bbox 205 3728 1229 3814; baseline -0.001 -19"><span class='ocrx_word' id='word_1_322' title='bbox 205 3728 331 3814; x_wconf 85' lang='grc' dir='ltr'><strong>Κύριος.</strong></span> <span class='ocrx_word' id='word_1_323' title='bbox 997 3732 1229 3798; x_wconf 82' lang='lat' dir='ltr'><strong>cstDomiuus.</strong></span> 
     </span>
    </p>

    <p class='ocr_par' dir='ltr' id='par_1_8' title="bbox 203 3833 1750 5074">
     <span class='ocr_line' id='line_1_29' title="bbox 248 3833 1749 3922; baseline 0.001 -24"><span class='ocrx_word' id='word_1_324' title='bbox 248 3833 456 3918; x_wconf 84' lang='grc' dir='ltr'><strong>Ἀρτυςέστίν</strong></span> <span class='ocrx_word' id='word_1_325' title='bbox 469 3833 951 3922; x_wconf 81' lang='grc' dir='ltr'><strong>άληθινὸςδΚύριοςὴμύν,κοιὶ</strong></span> <span class='ocrx_word' id='word_1_326' title='bbox 1041 3838 1143 3901; x_wconf 90' lang='lat' dir='ltr'><strong>Panis</strong></span> <span class='ocrx_word' id='word_1_327' title='bbox 1170 3855 1270 3901; x_wconf 91' lang='lat' dir='ltr'><strong>verus</strong></span> <span class='ocrx_word' id='word_1_328' title='bbox 1299 3841 1350 3901; x_wconf 89' lang='lat' dir='ltr'><strong>est</strong></span> <span class='ocrx_word' id='word_1_329' title='bbox 1374 3837 1539 3901; x_wconf 87' lang='lat' dir='ltr'><strong>Dominus</strong></span> <span class='ocrx_word' id='word_1_330' title='bbox 1561 3841 1685 3917; x_wconf 89' lang='lat' dir='ltr'><strong>noster,</strong></span> <span class='ocrx_word' id='word_1_331' title='bbox 1714 3841 1749 3901; x_wconf 91' lang='lat' dir='ltr'><strong>et</strong></span> 
     </span>
     <span class='ocr_line' id='line_1_30' title="bbox 203 3934 1745 4027; baseline 0.002 -26"><span class='ocrx_word' id='word_1_332' title='bbox 203 3934 320 4023; x_wconf 79' lang='grc' dir='ltr'><strong>ἡσὸιρξ</strong></span> <span class='ocrx_word' id='word_1_333' title='bbox 345 3941 441 4005; x_wconf 87' lang='grc' dir='ltr'><strong>αύτοῦ</strong></span> <span class='ocrx_word' id='word_1_334' title='bbox 456 3939 579 4027; x_wconf 83' lang='grc' dir='ltr'><strong>άληθης</strong></span> <span class='ocrx_word' id='word_1_335' title='bbox 592 3942 660 4006; x_wconf 78' lang='grc' dir='ltr'><strong>ἐστι</strong></span> <span class='ocrx_word' id='word_1_336' title='bbox 682 3939 805 4027; x_wconf 86' lang='grc' dir='ltr'><strong>βρῶσις.</strong></span> <span class='ocrx_word' id='word_1_337' title='bbox 828 3937 953 4008; x_wconf 83' lang='grc' dir='ltr'><strong>Οὐκοῦν</strong></span> <span class='ocrx_word' id='word_1_338' title='bbox 997 3959 1075 4005; x_wconf 91' lang='lat' dir='ltr'><strong>caro</strong></span> <span class='ocrx_word' id='word_1_339' title='bbox 1090 3940 1174 4020; x_wconf 32' lang='lat' dir='ltr'><strong>eius,</strong></span> <span class='ocrx_word' id='word_1_340' title='bbox 1190 3959 1291 4005; x_wconf 90' lang='lat' dir='ltr'><strong>verus</strong></span> <span class='ocrx_word' id='word_1_341' title='bbox 1306 3945 1358 4006; x_wconf 89' lang='lat' dir='ltr'><strong>est</strong></span> <span class='ocrx_word' id='word_1_342' title='bbox 1372 3941 1479 4004; x_wconf 87' lang='lat' dir='ltr'><strong>cibus.</strong></span> <span class='ocrx_word' id='word_1_343' title='bbox 1498 3942 1616 4005; x_wconf 88' lang='lat' dir='ltr'><strong>Nonne</strong></span> <span class='ocrx_word' id='word_1_344' title='bbox 1638 3946 1745 4020; x_wconf 70' lang='lat' dir='ltr'><strong>grutu</strong></span> 
     </span>
     <span class='ocr_line' id='line_1_31' title="bbox 205 4042 1748 4132; baseline 0.001 -24"><span class='ocrx_word' id='word_1_345' title='bbox 205 4044 265 4108; x_wconf 85' lang='grc' dir='ltr'><strong>οῦκ</strong></span> <span class='ocrx_word' id='word_1_346' title='bbox 280 4042 415 4130; x_wconf 77' lang='grc' dir='ltr'><strong>αίσθητη</strong></span> <span class='ocrx_word' id='word_1_347' title='bbox 438 4042 717 4132; x_wconf 82' lang='grc' dir='ltr'><strong>καταλαμύάνεται</strong></span> <span class='ocrx_word' id='word_1_348' title='bbox 730 4046 853 4131; x_wconf 83' lang='grc' dir='ltr'><strong>γεύσει;</strong></span> <span class='ocrx_word' id='word_1_349' title='bbox 875 4043 952 4112; x_wconf 86' lang='grc' dir='ltr'><strong>ἀνα·</strong></span> <span class='ocrx_word' id='word_1_350' title='bbox 997 4045 1153 4110; x_wconf 89' lang='lat' dir='ltr'><strong>sensibus</strong></span> <span class='ocrx_word' id='word_1_351' title='bbox 1180 4047 1415 4129; x_wconf 75' lang='lat' dir='ltr'><strong>praestantiore</strong></span> <span class='ocrx_word' id='word_1_352' title='bbox 1441 4045 1635 4127; x_wconf 76' lang='lat' dir='ltr'><strong>accipitur?</strong></span> <span class='ocrx_word' id='word_1_353' title='bbox 1663 4049 1748 4111; x_wconf 84' lang='lat' dir='ltr'><strong>Nam</strong></span> 
     </span>
     <span class='ocr_line' id='line_1_32' title="bbox 204 4145 1750 4235; baseline 0.001 -23"><span class='ocrx_word' id='word_1_354' title='bbox 204 4145 307 4232; x_wconf 81' lang='grc' dir='ltr'><strong>λόγως</strong></span> <span class='ocrx_word' id='word_1_355' title='bbox 328 4149 390 4233; x_wconf 81' lang='grc' dir='ltr'><strong>γὰρ</strong></span> <span class='ocrx_word' id='word_1_356' title='bbox 413 4157 478 4226; x_wconf 84' lang='grc' dir='ltr'><strong>τοῖς</strong></span> <span class='ocrx_word' id='word_1_357' title='bbox 493 4149 552 4228; x_wconf 84' lang='grc' dir='ltr'><strong>ἔξω</strong></span> <span class='ocrx_word' id='word_1_358' title='bbox 576 4148 701 4235; x_wconf 77' lang='grc' dir='ltr'><strong>μέλεσιν</strong></span> <span class='ocrx_word' id='word_1_359' title='bbox 717 4148 750 4215; x_wconf 89' lang='grc' dir='ltr'><strong>αί</strong></span> <span class='ocrx_word' id='word_1_360' title='bbox 770 4157 830 4234; x_wconf 81' lang='grc' dir='ltr'><strong>της</strong></span> <span class='ocrx_word' id='word_1_361' title='bbox 846 4150 952 4235; x_wconf 76' lang='grc' dir='ltr'><strong>ψυχῆς</strong></span> <span class='ocrx_word' id='word_1_362' title='bbox 997 4169 1151 4232; x_wconf 77' lang='lat' dir='ltr'><strong>congrua</strong></span> <span class='ocrx_word' id='word_1_363' title='bbox 1162 4152 1292 4215; x_wconf 82' lang='lat' dir='ltr'><strong>ratione</strong></span> <span class='ocrx_word' id='word_1_364' title='bbox 1308 4169 1387 4215; x_wconf 92' lang='lat' dir='ltr'><strong>cum</strong></span> <span class='ocrx_word' id='word_1_365' title='bbox 1399 4151 1559 4214; x_wconf 89' lang='lat' dir='ltr'><strong>membris</strong></span> <span class='ocrx_word' id='word_1_366' title='bbox 1575 4151 1750 4215; x_wconf 83' lang='lat' dir='ltr'><strong>exteriori·</strong></span> 
     </span>
     <span class='ocr_line' id='line_1_33' title="bbox 205 4251 1748 4341; baseline 0.001 -25"><span class='ocrx_word' id='word_1_367' title='bbox 205 4253 350 4340; x_wconf 91' lang='grc' dir='ltr'><strong>δυνάμεις</strong></span> <span class='ocrx_word' id='word_1_368' title='bbox 362 4252 572 4341; x_wconf 87' lang='grc' dir='ltr'><strong>περίστανται.</strong></span> <span class='ocrx_word' id='word_1_369' title='bbox 587 4251 642 4332; x_wconf 87' lang='grc' dir='ltr'><strong>Ὧς</strong></span> <span class='ocrx_word' id='word_1_370' title='bbox 654 4255 689 4319; x_wconf 82' lang='grc' dir='ltr'><strong>δὲ</strong></span> <span class='ocrx_word' id='word_1_371' title='bbox 702 4253 826 4341; x_wconf 80' lang='grc' dir='ltr'><strong>μέλιτος</strong></span> <span class='ocrx_word' id='word_1_372' title='bbox 836 4253 951 4339; x_wconf 90' lang='grc' dir='ltr'><strong>γλυκύ·</strong></span> <span class='ocrx_word' id='word_1_373' title='bbox 994 4259 1060 4322; x_wconf 89' lang='lat' dir='ltr'><strong>bus</strong></span> <span class='ocrx_word' id='word_1_374' title='bbox 1089 4258 1234 4321; x_wconf 91' lang='lat' dir='ltr'><strong>virtutes</strong></span> <span class='ocrx_word' id='word_1_375' title='bbox 1250 4256 1372 4319; x_wconf 84' lang='lat' dir='ltr'><strong>animae</strong></span> <span class='ocrx_word' id='word_1_376' title='bbox 1407 4254 1642 4334; x_wconf 81' lang='lat' dir='ltr'><strong>conferuntur3</strong></span> <span class='ocrx_word' id='word_1_377' title='bbox 1658 4255 1748 4318; x_wconf 90' lang='lat' dir='ltr'><strong>sicut</strong></span> 
     </span>
     <span class='ocr_line' id='line_1_34' title="bbox 206 4357 1747 4446; baseline -0.001 -23"><span class='ocrx_word' id='word_1_378' title='bbox 206 4378 263 4443; x_wconf 88' lang='grc' dir='ltr'><strong>της</strong></span> <span class='ocrx_word' id='word_1_379' title='bbox 278 4357 371 4444; x_wconf 82' lang='grc' dir='ltr'><strong>πείρᾳ</strong></span> <span class='ocrx_word' id='word_1_380' title='bbox 387 4357 517 4445; x_wconf 81' lang='grc' dir='ltr'><strong>μᾶλλον,</strong></span> <span class='ocrx_word' id='word_1_381' title='bbox 530 4359 601 4424; x_wconf 85' lang='grc' dir='ltr'><strong>ἀλλ’</strong></span> <span class='ocrx_word' id='word_1_382' title='bbox 610 4360 648 4424; x_wconf 90' lang='grc' dir='ltr'><strong>σύ</strong></span> <span class='ocrx_word' id='word_1_383' title='bbox 658 4359 743 4446; x_wconf 80' lang='grc' dir='ltr'><strong>λόγῳ</strong></span> <span class='ocrx_word' id='word_1_384' title='bbox 755 4357 963 4445; x_wconf 64' lang='grc' dir='ltr'><strong>σημαίνεται,</strong></span> <span class='ocrx_word' id='word_1_385' title='bbox 995 4364 1110 4425; x_wconf 88' lang='lat' dir='ltr'><strong>autem</strong></span> <span class='ocrx_word' id='word_1_386' title='bbox 1140 4361 1252 4425; x_wconf 89' lang='lat' dir='ltr'><strong>mellis</strong></span> <span class='ocrx_word' id='word_1_387' title='bbox 1282 4361 1435 4425; x_wconf 80' lang='lat' dir='ltr'><strong>suavitas</strong></span> <span class='ocrx_word' id='word_1_388' title='bbox 1465 4359 1595 4438; x_wconf 82' lang='lat' dir='ltr'><strong>linguae</strong></span> <span class='ocrx_word' id='word_1_389' title='bbox 1618 4361 1747 4440; x_wconf 86' lang='lat' dir='ltr'><strong>experi-</strong></span> 
     </span>
     <span class='ocr_line' id='line_1_35' title="bbox 205 4460 1747 4550; baseline -0.001 -23"><span class='ocrx_word' id='word_1_390' title='bbox 205 4465 303 4541; x_wconf 88' lang='grc' dir='ltr'><strong>ούτυς</strong></span> <span class='ocrx_word' id='word_1_391' title='bbox 311 4464 349 4528; x_wconf 79' lang='grc' dir='ltr'><strong>ἐκ</strong></span> <span class='ocrx_word' id='word_1_392' title='bbox 360 4463 455 4548; x_wconf 75' lang='grc' dir='ltr'><strong>ψιλῆς</strong></span> <span class='ocrx_word' id='word_1_393' title='bbox 470 4460 676 4541; x_wconf 86' lang='grc' dir='ltr'><strong>διδασκαλίας</strong></span> <span class='ocrx_word' id='word_1_394' title='bbox 687 4465 747 4528; x_wconf 82' lang='grc' dir='ltr'><strong>οὐκ</strong></span> <span class='ocrx_word' id='word_1_395' title='bbox 758 4464 823 4528; x_wconf 77' lang='grc' dir='ltr'><strong>ἔστι</strong></span> <span class='ocrx_word' id='word_1_396' title='bbox 835 4472 950 4550; x_wconf 84' lang='grc' dir='ltr'><strong>γνῶναι</strong></span> <span class='ocrx_word' id='word_1_397' title='bbox 996 4471 1120 4546; x_wconf 88' lang='lat' dir='ltr'><strong>mento,</strong></span> <span class='ocrx_word' id='word_1_398' title='bbox 1143 4482 1211 4528; x_wconf 92' lang='lat' dir='ltr'><strong>non</strong></span> <span class='ocrx_word' id='word_1_399' title='bbox 1227 4463 1329 4529; x_wconf 80' lang='lat' dir='ltr'><strong>verbo</strong></span> <span class='ocrx_word' id='word_1_400' title='bbox 1352 4467 1486 4528; x_wconf 86' lang='lat' dir='ltr'><strong>tantum</strong></span> <span class='ocrx_word' id='word_1_401' title='bbox 1501 4465 1670 4542; x_wconf 80' lang='lat' dir='ltr'><strong>signatur,</strong></span> <span class='ocrx_word' id='word_1_402' title='bbox 1697 4463 1747 4526; x_wconf 86' lang='lat' dir='ltr'><strong>ita</strong></span> 
     </span>
     <span class='ocr_line' id='line_1_36' title="bbox 204 4565 1745 4654; baseline -0.001 -22"><span class='ocrx_word' id='word_1_403' title='bbox 204 4569 259 4635; x_wconf 89' lang='grc' dir='ltr'><strong>τὸν</strong></span> <span class='ocrx_word' id='word_1_404' title='bbox 274 4569 417 4653; x_wconf 87' lang='grc' dir='ltr'><strong>ούράνιον</strong></span> <span class='ocrx_word' id='word_1_405' title='bbox 432 4569 536 4653; x_wconf 82' lang='grc' dir='ltr'><strong>ἄρτον,</strong></span> <span class='ocrx_word' id='word_1_406' title='bbox 552 4569 580 4633; x_wconf 86' lang='grc' dir='ltr'><strong>εἰ</strong></span> <span class='ocrx_word' id='word_1_407' title='bbox 596 4565 639 4654; x_wconf 73' lang='grc' dir='ltr'><strong>μή</strong></span> <span class='ocrx_word' id='word_1_408' title='bbox 654 4583 701 4644; x_wconf 86' lang='grc' dir='ltr'><strong>τις</strong></span> <span class='ocrx_word' id='word_1_409' title='bbox 716 4566 874 4653; x_wconf 82' lang='grc' dir='ltr'><strong>ἐμύαθύνη</strong></span> <span class='ocrx_word' id='word_1_410' title='bbox 887 4576 951 4645; x_wconf 81' lang='grc' dir='ltr'><strong>τοῖς</strong></span> <span class='ocrx_word' id='word_1_411' title='bbox 996 4587 1038 4634; x_wconf 83' lang='lat' dir='ltr'><strong>ex</strong></span> <span class='ocrx_word' id='word_1_412' title='bbox 1052 4570 1149 4633; x_wconf 90' lang='lat' dir='ltr'><strong>tenui</strong></span> <span class='ocrx_word' id='word_1_413' title='bbox 1164 4569 1317 4632; x_wconf 88' lang='lat' dir='ltr'><strong>doctrina</strong></span> <span class='ocrx_word' id='word_1_414' title='bbox 1332 4585 1401 4630; x_wconf 93' lang='lat' dir='ltr'><strong>non</strong></span> <span class='ocrx_word' id='word_1_415' title='bbox 1415 4569 1633 4646; x_wconf 80' lang='lat' dir='ltr'><strong>cognoscitur</strong></span> <span class='ocrx_word' id='word_1_416' title='bbox 1647 4568 1745 4630; x_wconf 86' lang='lat' dir='ltr'><strong>coele·</strong></span> 
     </span>
     <span class='ocr_line' id='line_1_37' title="bbox 205 4669 1748 4758; baseline -0.001 -22"><span class='ocrx_word' id='word_1_417' title='bbox 205 4675 277 4758; x_wconf 86' lang='grc' dir='ltr'><strong>περί</strong></span> <span class='ocrx_word' id='word_1_418' title='bbox 299 4671 396 4737; x_wconf 81' lang='grc' dir='ltr'><strong>αὐτοῦ</strong></span> <span class='ocrx_word' id='word_1_419' title='bbox 410 4669 633 4758; x_wconf 75' lang='grc' dir='ltr'><strong>θεωρήμασιν·</strong></span> <span class='ocrx_word' id='word_1_420' title='bbox 656 4671 764 4757; x_wconf 83' lang='grc' dir='ltr'><strong>ἐπειδὴ</strong></span> <span class='ocrx_word' id='word_1_421' title='bbox 781 4670 815 4734; x_wconf 82' lang='grc' dir='ltr'><strong>δὲ</strong></span> <span class='ocrx_word' id='word_1_422' title='bbox 838 4680 891 4737; x_wconf 92' lang='grc' dir='ltr'><strong>νῦν</strong></span> <span class='ocrx_word' id='word_1_423' title='bbox 913 4672 952 4736; x_wconf 85' lang='grc' dir='ltr'><strong>ἐκ</strong></span> <span class='ocrx_word' id='word_1_424' title='bbox 995 4674 1057 4737; x_wconf 89' lang='lat' dir='ltr'><strong>stis</strong></span> <span class='ocrx_word' id='word_1_425' title='bbox 1072 4673 1180 4754; x_wconf 82' lang='lat' dir='ltr'><strong>panis,</strong></span> <span class='ocrx_word' id='word_1_426' title='bbox 1192 4673 1258 4735; x_wconf 89' lang='lat' dir='ltr'><strong>nisi</strong></span> <span class='ocrx_word' id='word_1_427' title='bbox 1274 4672 1351 4753; x_wconf 90' lang='lat' dir='ltr'><strong>quis</strong></span> <span class='ocrx_word' id='word_1_428' title='bbox 1364 4670 1437 4750; x_wconf 74' lang='lat' dir='ltr'><strong>eius</strong></span> <span class='ocrx_word' id='word_1_429' title='bbox 1450 4673 1659 4735; x_wconf 85' lang='lat' dir='ltr'><strong>theoremata</strong></span> <span class='ocrx_word' id='word_1_430' title='bbox 1671 4671 1748 4735; x_wconf 82' lang='lat' dir='ltr'><strong>iun-</strong></span> 
     </span>
     <span class='ocr_line' id='line_1_38' title="bbox 207 4773 1746 4864; baseline -0.001 -23"><span class='ocrx_word' id='word_1_431' title='bbox 207 4776 319 4863; x_wconf 86' lang='grc' dir='ltr'><strong>μόρους</strong></span> <span class='ocrx_word' id='word_1_432' title='bbox 333 4775 536 4864; x_wconf 77' lang='grc' dir='ltr'><strong>γινώσκομεν,</strong></span> <span class='ocrx_word' id='word_1_433' title='bbox 548 4777 604 4841; x_wconf 86' lang='grc' dir='ltr'><strong>καὶ</strong></span> <span class='ocrx_word' id='word_1_434' title='bbox 622 4773 663 4853; x_wconf 83' lang='grc' dir='ltr'><strong>ύς</strong></span> <span class='ocrx_word' id='word_1_435' title='bbox 675 4774 715 4840; x_wconf 82' lang='grc' dir='ltr'><strong>δι’</strong></span> <span class='ocrx_word' id='word_1_436' title='bbox 725 4773 879 4859; x_wconf 82' lang='grc' dir='ltr'><strong>ἐσόπτρου</strong></span> <span class='ocrx_word' id='word_1_437' title='bbox 898 4776 953 4840; x_wconf 90' lang='grc' dir='ltr'><strong>καί</strong></span> <span class='ocrx_word' id='word_1_438' title='bbox 997 4777 1089 4840; x_wconf 89' lang='lat' dir='ltr'><strong>ditus</strong></span> <span class='ocrx_word' id='word_1_439' title='bbox 1101 4776 1345 4860; x_wconf 87' lang='lat' dir='ltr'><strong>penetraverit:</strong></span> <span class='ocrx_word' id='word_1_440' title='bbox 1358 4776 1492 4856; x_wconf 85' lang='lat' dir='ltr'><strong>quando</strong></span> <span class='ocrx_word' id='word_1_441' title='bbox 1504 4776 1640 4857; x_wconf 91' lang='lat' dir='ltr'><strong>quidem</strong></span> <span class='ocrx_word' id='word_1_442' title='bbox 1653 4794 1746 4840; x_wconf 92' lang='lat' dir='ltr'><strong>nunc</strong></span> 
     </span>
     <span class='ocr_line' id='line_1_39' title="bbox 208 4878 1749 4968; baseline -0.002 -21"><span class='ocrx_word' id='word_1_443' title='bbox 208 4880 398 4968; x_wconf 82' lang='grc' dir='ltr'><strong>αἰνίγματος.</strong></span> <span class='ocrx_word' id='word_1_444' title='bbox 427 4878 539 4947; x_wconf 88' lang='grc' dir='ltr'><strong>Γεῦσιν</strong></span> <span class='ocrx_word' id='word_1_445' title='bbox 565 4882 661 4962; x_wconf 91' lang='grc' dir='ltr'><strong>είπεν,</strong></span> <span class='ocrx_word' id='word_1_446' title='bbox 692 4880 730 4945; x_wconf 88' lang='grc' dir='ltr'><strong>ού</strong></span> <span class='ocrx_word' id='word_1_447' title='bbox 755 4880 952 4966; x_wconf 80' lang='grc' dir='ltr'><strong>πλησμονὴν,</strong></span> <span class='ocrx_word' id='word_1_448' title='bbox 999 4899 1042 4944; x_wconf 85' lang='lat' dir='ltr'><strong>ex</strong></span> <span class='ocrx_word' id='word_1_449' title='bbox 1057 4884 1152 4962; x_wconf 90' lang='lat' dir='ltr'><strong>parte</strong></span> <span class='ocrx_word' id='word_1_450' title='bbox 1168 4879 1416 4958; x_wconf 81' lang='lat' dir='ltr'><strong>cognoscimus,</strong></span> <span class='ocrx_word' id='word_1_451' title='bbox 1433 4883 1467 4942; x_wconf 91' lang='lat' dir='ltr'><strong>et</strong></span> <span class='ocrx_word' id='word_1_452' title='bbox 1481 4881 1579 4960; x_wconf 91' lang='lat' dir='ltr'><strong>quasi</strong></span> <span class='ocrx_word' id='word_1_453' title='bbox 1594 4899 1654 4962; x_wconf 88' lang='lat' dir='ltr'><strong>per</strong></span> <span class='ocrx_word' id='word_1_454' title='bbox 1675 4898 1749 4961; x_wconf 88' lang='lat' dir='ltr'><strong>spe·</strong></span> 
     </span>
     <span class='ocr_line' id='line_1_40' title="bbox 207 4983 1746 5074; baseline -0.002 -22"><span class='ocrx_word' id='word_1_455' title='bbox 207 4985 353 5074; x_wconf 78' lang='grc' dir='ltr'><strong>όιρμαύὼν</strong></span> <span class='ocrx_word' id='word_1_456' title='bbox 374 4987 437 5072; x_wconf 82' lang='grc' dir='ltr'><strong>γάρ</strong></span> <span class='ocrx_word' id='word_1_457' title='bbox 452 4985 569 5072; x_wconf 86' lang='grc' dir='ltr'><strong>ταύτης</strong></span> <span class='ocrx_word' id='word_1_458' title='bbox 584 4985 606 5072; x_wconf 85' lang='grc' dir='ltr'><strong>η</strong></span> <span class='ocrx_word' id='word_1_459' title='bbox 621 4995 737 5070; x_wconf 90' lang='grc' dir='ltr'><strong>γεῦσις,</strong></span> <span class='ocrx_word' id='word_1_460' title='bbox 760 4986 828 5070; x_wconf 81' lang='grc' dir='ltr'><strong>ῆτις</strong></span> <span class='ocrx_word' id='word_1_461' title='bbox 851 5005 954 5071; x_wconf 86' lang='grc' dir='ltr'><strong>μακα-</strong></span> <span class='ocrx_word' id='word_1_462' title='bbox 997 4985 1114 5049; x_wconf 89' lang='lat' dir='ltr'><strong>culum</strong></span> <span class='ocrx_word' id='word_1_463' title='bbox 1140 4987 1174 5046; x_wconf 91' lang='lat' dir='ltr'><strong>et</strong></span> <span class='ocrx_word' id='word_1_464' title='bbox 1199 4983 1236 5046; x_wconf 91' lang='lat' dir='ltr'><strong>in</strong></span> <span class='ocrx_word' id='word_1_465' title='bbox 1262 4983 1456 5062; x_wconf 74' lang='lat' dir='ltr'><strong>aenigmate.</strong></span> <span class='ocrx_word' id='word_1_466' title='bbox 1480 4985 1626 5049; x_wconf 87' lang='lat' dir='ltr'><strong>Gustum</strong></span> <span class='ocrx_word' id='word_1_467' title='bbox 1649 4985 1746 5065; x_wconf 84' lang='lat' dir='ltr'><strong>dixit,</strong></span> 
     </span>
    </p>
   </div>
   <div class='ocr_carea' id='block_1_7' title="bbox 239 5189 1326 5269">
    <p class='ocr_par' dir='ltr' id='par_1_9' title="bbox 239 5189 1326 5269">
     <span class='ocr_line' id='line_1_41' title="bbox 239 5189 1326 5269; baseline -0.01 -12"><span class='ocrx_word' id='word_1_468' title='bbox 239 5199 289 5257; x_wconf 85' lang='lat' dir='ltr'><strong>Ps.</strong></span> <span class='ocrx_word' id='word_1_469' title='bbox 303 5213 414 5269; x_wconf 79' lang='lat' dir='ltr'><strong>xxxin,</strong></span> <span class='ocrx_word' id='word_1_470' title='bbox 426 5215 456 5258; x_wconf 89' lang='grc' dir='ltr'><strong>ν.</strong></span> <span class='ocrx_word' id='word_1_471' title='bbox 468 5199 493 5254; x_wconf 87' lang='grc'><strong>9.</strong></span> <span class='ocrx_word' id='word_1_472' title='bbox 506 5196 601 5267; x_wconf 81' lang='lat' dir='ltr'><strong>Vatis,</strong></span> <span class='ocrx_word' id='word_1_473' title='bbox 614 5196 656 5252; x_wconf 85' lang='lat'><strong>16.</strong></span> <span class='ocrx_word' id='word_1_474' title='bbox 669 5195 716 5254; x_wconf 89' lang='lat' dir='ltr'><strong>Jo.</strong></span> <span class='ocrx_word' id='word_1_475' title='bbox 730 5209 771 5265; x_wconf 80' lang='lat' dir='ltr'><strong>vr,</strong></span> <span class='ocrx_word' id='word_1_476' title='bbox 784 5193 826 5264; x_wconf 78' lang='lat'><strong>51,</strong></span> <span class='ocrx_word' id='word_1_477' title='bbox 840 5193 883 5251; x_wconf 79' lang='lat'><strong>52,</strong></span> <span class='ocrx_word' id='word_1_478' title='bbox 896 5209 916 5250; x_wconf 90' lang='lat'><strong>1.</strong></span> <span class='ocrx_word' id='word_1_479' title='bbox 928 5193 993 5250; x_wconf 80' lang='grc' dir='ltr'><strong>ῦοτ.</strong></span> <span class='ocrx_word' id='word_1_480' title='bbox 1007 5207 1075 5260; x_wconf 86' lang='lat' dir='ltr'><strong>xrrr,</strong></span> <span class='ocrx_word' id='word_1_481' title='bbox 1089 5191 1131 5249; x_wconf 81' lang='lat'><strong>12.</strong></span> <span class='ocrx_word' id='word_1_482' title='bbox 1144 5189 1250 5248; x_wconf 79' lang='lat' dir='ltr'><strong>Matth.</strong></span> <span class='ocrx_word' id='word_1_483' title='bbox 1263 5209 1291 5261; x_wconf 88' lang='lat' dir='ltr'><strong>v,</strong></span> <span class='ocrx_word' id='word_1_484' title='bbox 1300 5190 1326 5246; x_wconf 84' lang='grc' dir='ltr'><strong>ό.</strong></span> 
     </span>
    </p>
   </div>
   <div class='ocr_carea' id='block_1_8' title="bbox 0 0 2034 6100">
    <p class='ocr_par' dir='ltr' id='par_1_10' title="bbox 0 0 2034 6100">
     <span class='ocr_line' id='line_1_42' title="bbox 0 0 2034 6100; baseline 0 0"><span class='ocrx_word' id='word_1_485' title='bbox 0 0 2034 6100; x_wconf 95' lang='lat' dir='ltr'><strong> </strong></span> 
     </span>
    </p>
   </div>
  </div>
 </body>
</html>
