4020 6098
827 419 869 480 IN
893 417 1078 480 psalmos
1667 422 1728 482 199

179 567 241 626 τῶν
255 557 291 624 δὲ
304 555 458 644 ὲναρέτυν
472 557 558 622 κατὰ
572 554 747 641 ἀνατολήν·
762 557 894 642 καὶγὰρ
909 555 926 621 ὁ
971 556 1014 621 ad
1029 559 1217 636 oceasum,
1243 557 1412 621 virtutum
1429 564 1542 622 autern
1559 560 1601 623 ad
1617 563 1732 624 Orien·

181 662 327 749 Χριστὸς,
341 661 363 748 ἠ
379 663 467 742 ζῶσα
482 659 591 746 ἀρετὴ,
607 660 787 727 ἐστινπατὰ
801 663 855 728 τὸν
869 660 927 727 Ἱε-
974 662 1054 722 tem.
1085 659 1240 724 christus
1264 662 1369 741 enim,
1393 663 1455 742 qui
1478 664 1598 728 vivens
1620 662 1730 728 virtus

180 767 328 854 ρεμῑανὴ
344 764 495 851 ἀνατολή.
975 768 1035 842 est,
1048 763 1062 844 j
1067 768 1151 827 uxta
1164 767 1185 828 J
1187 766 1362 846 eremiam,
1379 768 1506 832 Oriens
1521 774 1582 832 est.

221 894 254 940 v.
274 875 324 937 13.
340 871 406 937 Καὶ
420 870 525 950 καθὼς
540 867 689 954 οἰκτείραι
707 871 813 956 πατὴρ
832 868 926 953 υἱοὺς,
1017 886 1050 931 v.
1067 868 1117 931 13.
1130 870 1177 934 Er
1192 871 1344 950 quomodo
1356 873 1531 938 νιιὶιαασίυν
1539 876 1735 957 pamfilio·

179 974 353 1062 ᾠκτείρησε
367 975 483 1060 Κύριος
499 977 572 1054 τοὺς
595 973 807 1060 φσὸουμένσυς
823 974 927 1040 αὐτόν.
973 986 1059 1052 rom,
1078 973 1240 1039 miserior
1254 978 1305 1039 eoi
1317 977 1479 1043 Dominio
1493 977 1678 1044 timaus
1688 996 1732 1044 aa.

223 1079 348 1164 Πατρὸς
369 1081 432 1164 γὰρ
454 1078 638 1166 ἀγαθόιητα
655 1071 819 1161 δείκνυσιν,
836 1078 853 1143 ὁ
873 1077 928 1163 δη-
1016 1077 1370 1157 Nambenignitatem
1383 1081 1492 1161 patris
1504 1082 1647 1160 exeruit,
1654 1099 1733 1145 oum

180 1187 326 1271 μιουργὸς
341 1183 429 1253 ὧντε
439 1185 495 1249 καὶ
509 1181 661 1268 ποιητής·
677 1185 798 1268 μακρὸν
809 1183 928 1260 δὲτους
974 1183 1107 1244 creator
1128 1181 1174 1244 sit
1188 1185 1224 1244 et
1245 1181 1369 1267 opifex,
1394 1184 1582 1265 amplaque
1604 1185 1734 1249 miseri·

179 1286 390 1375 φυὸυυμένσυς
406 1287 501 1353 αὐτὸν
511 1285 681 1372 οἰκτείρων,
698 1287 742 1366 εἰς
752 1286 827 1353 υἱῶν
838 1285 927 1353 ἔθετο
976 1282 1091 1346 cordia
1106 1288 1305 1365 prosecutus
1327 1287 1492 1350 timentes
1510 1303 1557 1368 se,
1573 1305 1630 1353 eos
1645 1289 1682 1354 in
1696 1289 1735 1354 fi-

178 1390 275 1471 τάξιν.
291 1389 374 1457 Οὐδὲ
389 1392 451 1477 γὰρ
468 1399 602 1479 μισεῖται
612 1393 666 1471 οὓς
681 1391 925 1475 κατεσκεύασεν,
977 1387 1104 1451 liorum
1119 1387 1273 1453 ordinem
1288 1390 1419 1453 statuit.
1437 1390 1537 1455 Haud
1552 1391 1643 1454 enim
1655 1391 1731 1456 odio

52 1495 78 1534 Ψ
179 1493 467 1581 ἀλλ’ἐπιστάμενυς
489 1497 545 1573 τὰς
571 1495 703 1581 καρδίας
724 1505 787 1563 τῶν
810 1496 927 1582 ἀνθρώ-
973 1491 1114 1556 habebit
1142 1509 1227 1574 quos
1257 1493 1452 1575 fabricavit3
1479 1495 1539 1560 sed
1569 1497 1728 1580 introspi-

178 1617 256 1681 πων,
271 1599 310 1677 ἃς
324 1599 409 1664 κατὰ
421 1597 517 1684 μόνας
533 1599 679 1682 ἔπλασεν,
696 1599 779 1666 οἶδεν
789 1599 820 1666 τί
834 1599 928 1666 ἑκάσ-
976 1596 1069 1662 oiens
1095 1598 1196 1662 eorda
1226 1599 1414 1679 hominum,
1443 1617 1519 1682 qum
1547 1602 1729 1680 sigillatim

175 1723 221 1788 τῳ
237 1701 396 1789 συμφέρει,
412 1705 467 1768 καὶ
483 1703 526 1769 ιὐν
541 1704 657 1789 ἔχομεν
679 1702 809 1790 δύναμίν
823 1725 859 1769 τε
873 1707 929 1770 καὶ
978 1701 1088 1783 finxit,
1113 1705 1210 1768 novit
1231 1704 1314 1786 quid
1335 1705 1485 1784 singulis
1506 1705 1671 1788 proficiat,
1695 1713 1735 1782 et,

178 1807 336 1895 ἀφορμὴν,
352 1817 454 1874 ταῦτα
474 1807 610 1893 δίδωσιν,
630 1809 682 1875 ἐπὶ
702 1817 747 1896 τῷ
762 1814 834 1874 κατ’
846 1807 930 1896 ἐνέρ-
979 1803 1146 1890 quotq'uot
1168 1810 1337 1890 possimus
1364 1827 1484 1891 capere
1510 1811 1566 1875 vel
1594 1813 1729 1893 exequi,

178 1933 268 1998 γειαν
290 1914 396 1999 ἔχοντι
417 1914 521 1995 αὐτὸς,
551 1913 616 1992 υἱὸς
647 1915 745 1980 αὑτοῦ
772 1913 927 2001 γενέσθαι
976 1927 1018 1973 ea
1032 1912 1192 1994 largitur,
1214 1918 1254 1977 nt
1268 1930 1329 1995 pro
1343 1931 1406 1978 sua
1424 1916 1549 1994 agendi
1566 1915 1726 1997 efficacia,

179 2014 277 2103 Λέγσι
290 2017 319 2082 δ’
330 2018 369 2083 ἂν
391 2017 446 2082 καὶ
465 2015 508 2094 ὣς
522 2027 633 2102 πεῖραν
653 2015 768 2084 ἕλαὸεν
782 2016 928 2104 πλάσμα
975 2016 1123 2097 quisque
1154 2016 1247 2082 filius
1279 2017 1354 2098 ejus
1383 2017 1454 2082 fiat.
1484 2020 1595 2084 Possit
1627 2021 1730 2084 etiam

177 2142 242 2205 τις,
256 2121 423 2209 γενόμενος
438 2121 526 2207 σὰρξ,
542 2124 597 2188 καὶ
620 2124 757 2209 φυσικὴν
771 2124 840 2210 ἔχει
862 2122 928 2190 διά-
980 2117 1047 2183 diei
1062 2137 1141 2183 eum
1157 2120 1277 2186 iecisse
1295 2127 1459 2186 oreaturae
1471 2125 1728 2206 experientiam,

179 2225 273 2309 θεαιν,
296 2225 381 2303 υἱοὺς
402 2222 489 2312 ἡμᾶς
510 2225 728 2312 λυρισάμενυς.
750 2265 789 2275 -
813 2225 929 2306 Καθὼς
981 2225 1117 2306 quando
1133 2242 1212 2290 caro
1224 2227 1334 2291 factus
1346 2231 1397 2292 est
1411 2233 1588 2292 etnaturae
1602 2232 1730 2294 statum

179 2328 323 2416 οἰκτείραι
337 2332 443 2418 πατὴρ
458 2330 560 2408 υἱούς·
576 2332 630 2410 οὓς
645 2333 706 2418 γὰρ
727 2332 790 2397 εἶδε
805 2331 929 2418 ποίημα
980 2323 1175 2411 assumpsit,
1199 2348 1260 2395 nos
1282 2331 1371 2396 filios
1393 2333 1621 2413 considerans,
1642 2334 1734 2398 sieut

178 2439 235 2502 ιιιιὶ
248 2438 328 2523 ἔργα
342 2445 403 2502 τῶν
418 2437 532 2523 χειρῶν
543 2436 649 2518 αὑτοῦ,
661 2435 926 2522 κατῳκτείρφσεν.
977 2437 1074 2515 pater
1090 2436 1272 2500 miseretur
1286 2436 1450 2500 liliorum:
1474 2454 1558 2519 quos
1573 2439 1666 2503 enim
1680 2441 1731 2503 vi-

976 2539 1033 2602 det
1048 2555 1121 2602 esse
1133 2538 1300 2604 faetorem
1312 2544 1347 2604 et
1357 2557 1459 2623 opera
1473 2559 1639 2608 mannum
1651 2560 1728 2606 sua·

978 2657 1065 2721 rum,
1082 2641 1204 2707 horum
1220 2643 1381 2709 misertus
1396 2650 1457 2708 est

226 2768 259 2815 ν.
278 2750 330 2831 16,
350 2750 400 2813 17.
416 2743 487 2815 Ὅτι
502 2757 627 2834 πνεῦμα
644 2746 769 2833 διῆλθεν
784 2747 819 2814 ἐν
833 2747 928 2834 αὐτῷ,
1017 2747 1182 2826 v.16,17.
1198 2747 1354 2825 Ουυιιιαυι
1364 2749 1728 2830 spiritmmraasibit

179 2854 236 2918 ιιαὶ
253 2853 314 2940 οὐχ
335 2851 475 2936 ὑπάρξει,
497 2852 552 2916 καὶ
574 2854 634 2917 οὐκ
655 2850 861 2938 ἐπιγνώσεται
884 2852 928 2930 εἰς
975 2849 1012 2914 ia
1026 2847 1097 2928 illo,
1123 2853 1232 2916 ciaon
1252 2851 1415 2932 mtbsioiei,
1434 2856 1466 2919 ei
1485 2869 1549 2918 aaa
1570 2856 1733 2936 marmorei

179 2947 234 3024 Ιτὸν
253 2956 352 3023 τόπον
373 2959 479 3022 αὐτοῦ.
503 2956 548 3023 Τὸ
563 2956 599 3022 δὲ
621 2956 710 3034 ἕλεος
731 2966 787 3022 που
808 2953 929 3040 Κυρίου
975 2953 1120 3035 amplios
1134 2954 1238 3021 iorum
1253 2971 1359 3022 υυυιιι.
1380 2955 1609 3022 Misericordia
1623 2960 1731 3023 oiim

181 3060 317 3127 ἀπὸτοῦ
332 3062 443 3138 αἰῶνος
454 3062 514 3139 ἕως
527 3069 584 3126 τοῦ
595 3060 708 3138 αἰῶνος
722 3058 775 3126 ἐπὶ
789 3062 863 3140 τοὺς
875 3081 930 3147 φα-
975 3059 1109 3123 Domioi
1122 3058 1162 3124 ab
1172 3063 1289 3126 aream
1303 3063 1336 3128 oi
1347 3077 1449 3144 risque
1463 3062 1500 3128 ia
1514 3065 1667 3128 aterum
1676 3077 1730 3128 ati

181 3163 471 3252 ὁουμίνουςαὺτόν.
968 3179 1033 3245 per
1050 3164 1198 3229 armam
1208 3181 1289 3230 rom.

225 3269 316 3336 Μετὰ
331 3272 385 3335 τὸν
399 3268 541 3335 θάνατον
567 3267 589 3354 ἡ
614 3269 702 3354 ψυχὴ
719 3270 779 3355 οὐχ
794 3267 932 3355 ὑπάρχει
1020 3268 1100 3331 Post
1123 3267 1254 3332 obitum
1276 3270 1393 3333 anima
1406 3286 1474 3334 non
1497 3274 1669 3352 comparet
1690 3272 1728 3334 in

180 3373 216 3441 ἑν
229 3383 273 3462 τῷ
300 3371 357 3461 βίῳ
371 3373 481 3459 τούτῳ.
508 3372 548 3438 Εἰ
564 3373 620 3459 μὲν
645 3373 700 3438 οὖν
722 3373 812 3458 φύσις
839 3371 930 3458 ἡμῶν
978 3371 1043 3435 hae
1054 3373 1136 3435 vita
1148 3372 1333 3438 sinautem
1345 3379 1469 3438 natura
1480 3376 1732 3440 nostraoaduea

180 3478 265 3544 ἐστὶν
280 3477 478 3562 idaspem
498 3477 534 3542 δὲ
548 3474 624 3542 θεία
645 3473 862 3561 φιλανθρωπία
876 3478 932 3541 τὸν
977 3480 1038 3556 est,
1069 3475 1188 3541 divina
1210 3477 1246 3540 in
1269 3494 1330 3542 nos
1352 3478 1549 3557 benignitas
1582 3481 1732 3558 largitur

182 3581 369 3669 μακραίωνα
383 3580 547 3667 χαρίζεται
560 3579 637 3667 βίον,
649 3581 704 3646 καὶ
720 3577 829 3666 μέχρις
841 3579 932 3665 iapi-
975 3579 1166 3658 longiorem
1188 3581 1307 3661 vitam,
1324 3583 1358 3644 et
1380 3597 1489 3662 usque
1513 3583 1560 3645 ad
1582 3587 1732 3663 posteros

180 3708 243 3755 νυν
265 3687 408 3771 διατηρεῖ
419 3688 479 3772 τὴν
493 3694 558 3764 τοῖς
580 3683 746 3771 προγόνοις
768 3682 930 3771 ὀφειλσμλ-
976 3683 1124 3746 custodit
1138 3684 1286 3748 debitam
1302 3683 1487 3765 majoribus
1514 3685 1660 3766 justitiae
1683 3704 1733 3750 re-

181 3811 241 3876 νην
254 3799 311 3877 τῆς
326 3790 526 3876 δικαιοαῦνης
540 3789 708 3856 ἀντίδοσιν.
976 3788 1209 3854 tributionem.

217 4032 247 4070 ν.
260 4013 303 4070 13.
316 4013 384 4072 vat.
397 4015 439 4068 12.
1010 4007 1228 4080 v.16,17.vet
1241 4011 1283 4066 12.

793 4228 962 4309 Psalmis
987 4225 1108 4306 0111.

226 4477 258 4523 v.
277 4460 306 4523 1.
323 4455 467 4544 Εὐλόγει,
490 4456 617 4545 ἡψυχὴ
642 4479 712 4544 μου,
728 4459 781 4524 τὸν
799 4457 927 4545 Κύριον.
1016 4476 1048 4521 ν.
1079 4458 1107 4521 1.
1138 4456 1287 4537 Bortedio,
1325 4457 1436 4522 onim
1464 4472 1544 4537 meo,
1576 4457 1734 4536 Domino,-

178 4559 286 4647 Κύριε,
303 4561 414 4646 Κύριε,
431 4563 448 4627 ὁ
464 4561 544 4640 Θεὸς
568 4561 928 4650 matrimoniales
977 4562 1124 4642 Domine,
1143 4561 1289 4641 Derim,
1315 4562 1407 4628 Deae
1426 4577 1527 4642 αιυυι,
1547 4561 1734 4645 πιαρυρῑια

214 4815 421 4887 Pacn1,v.1.
438 4817 475 4874 In
491 4816 595 4891 primis
610 4815 701 4889 juxte
717 4813 807 4874 fidem
824 4814 930 4890 optimi
973 4820 1006 4871 ta
1018 4811 1162 4886 neglexit
1179 4812 1273 4869 mults
1285 4809 1431 4879 suffurari,
1450 4826 1516 4883 qum
1528 4809 1580 4868 vix
1597 4825 1734 4868 novave-

178 4901 569 4978 conversionisque
586 4903 791 4977 adsipniantnr
809 4902 873 4974 3,4,
886 4902 929 4972 12,
974 4908 1020 4958 ste
1035 4899 1118 4969 texit,
1130 4899 1201 4956 lieet
1213 4897 1395 4972 metaphrasi
1402 4896 1564 4969 indulgeat,
1581 4896 1679 4970 inepte
1690 4895 1734 4953 in·

180 4990 223 5061 14,
245 4991 288 5062 16,
306 4989 385 5047 hand
402 4990 591 5047 temnendum
608 4989 737 5046 emimus
754 4993 930 5044 nommenta·
974 4986 1063 5043 terim
1078 4989 1167 5058 rupto
1182 4985 1267 5056 serie,
1280 5001 1368 5057 qnam
1379 4989 1489 5054 nostra,
1502 4981 1574 5039 lieet
1586 4981 1735 5038 hincinde

178 5075 257 5133 rium
268 5077 300 5132 in
317 5077 545 5151 pulcherrimum
563 5076 599 5132 da
612 5076 676 5132 Deo
688 5080 820 5132 creatore
837 5072 930 5130 canti·
974 5089 1102 5139 eorrasa,
1120 5069 1291 5144 fragmenta
1307 5071 1479 5146 plerumque
1500 5069 1670 5127 restituunt
1689 5067 1734 5124 ct·

179 5179 253 5236 oum,
264 5162 328 5224 sive
337 5180 380 5240 ps.
392 5179 456 5224 υιιι.
463 5163 565 5238 Neque
575 5161 612 5222 de
620 5179 702 5221 more
712 5178 765 5221 suo
774 5160 930 5221 Hereoleo·
974 5157 1068 5220 rislo.
1079 5175 1112 5231 11,
1124 5159 1186 5216 259.
