4006 6090
295 499 359 560 310
971 503 1180 568 ORIGENES

341 639 408 705 Καὶ
422 637 527 706 πόλιν.
544 640 608 707 Τόν
622 641 718 728 θυμόν
730 643 785 707 καί
796 643 854 728 τὴν
865 640 991 727 πικρίαν
1006 643 1042 708 ἀ·
1128 647 1176 710 Et
1191 662 1331 728 Ιννιτσαε.
1365 643 1562 725 Urgendum
1588 650 1832 723 argumentum

296 744 500 830 rearmatur·
523 744 608 810 ἀλλὰ
629 748 715 812 κατὰ
737 755 794 832 τῆς
815 747 850 811 έν
871 742 948 831 ἡμῖν
968 745 1043 830 ἡδυ-
1087 753 1175 812 esset
1190 765 1231 811 ex
1254 747 1429 811 iracundia
1452 753 1486 811 et
1506 748 1750 827 amaritudine3
1773 747 1832 811 sed

292 845 425 928 παθείας
451 848 651 936 χρησόμενος
673 858 738 928 τοῖς
764 851 914 929 τοιούτοις
941 872 1042 936 παρα·
1086 867 1147 932 pro
1170 856 1283 916 nostra
1305 853 1417 932 potius
1447 853 1722 932 aequanimitate,
1739 852 1830 915 hisce

292 949 464 1038 δείγμασιν,
479 954 557 1037 πρός
572 951 709 1030 ἐκείνους
722 954 838 1039 είποιμι
853 953 991 1038 ἄνδρα,
1015 955 1043 1019 εἰ
1086 956 1249 1035 exemplis
1275 955 1436 1019 adversus
1459 973 1516 1020 eoa
1538 960 1681 1035 utentes,
1708 956 1830 1020 dixeri·

293 1058 337 1142 μὴ
354 1056 477 1142 μεγάλη
501 1056 598 1142 ἀρετή
622 1057 688 1122 ἐστι
702 1068 757 1122 τοῦ
781 1057 947 1144 λέγοντος·
963 1057 1042 1142 Ἀρ·
1086 1077 1179 1122 mus:
1200 1061 1316 1122 Nonne
1332 1075 1459 1138 magna
1473 1061 1582 1124 virtus
1599 1061 1701 1124 estin
1717 1076 1756 1122 eo
1772 1059 1831 1141 qni

210 1181 214 1188 ·
293 1180 405 1246 χοντες
420 1158 612 1239 κατεδίωξίιν
633 1183 671 1247 με
686 1161 815 1247 δωρεὰν,
832 1163 886 1226 καί
901 1162 963 1227 όιπδ
979 1171 1041 1228 τῶν
1086 1163 1184 1226 dicit:
1201 1163 1371 1243 Principes
1378 1165 1542 1244 persecuti
1556 1169 1634 1229 murt
1647 1180 1697 1227 me
1711 1163 1828 1246 praru,

293 1263 397 1348 λόγων
420 1285 476 1328 σου
498 1262 670 1330 ἐδειλίασεν
691 1263 713 1349 ἡ
737 1265 851 1350 καρδία
875 1285 952 1351 μους
975 1264 1042 1330 Καί
1084 1266 1270 1332 crataeis
1284 1267 1353 1333 tuis
1373 1268 1484 1331 timuit
1504 1285 1558 1333 cor·
1572 1271 1703 1331 mcum?
1725 1269 1830 1329 Immo

294 1366 432 1453 μάλιστα
456 1376 550 1431 τοῦτο
575 1367 715 1452 λεγέσθω
740 1369 792 1434 ὑπ’
810 1367 974 1449 ἀνθρώπου
997 1369 1042 1445 εἰς
1087 1389 1167 1436 vero
1181 1373 1227 1435 ita
1239 1375 1397 1454 loquatur
1409 1374 1462 1435 vir
1473 1374 1516 1436 ad
1528 1373 1729 1456 martyrium
1737 1388 1834 1434 voca·

295 1471 464 1557 propropter
479 1469 688 1556 κεκλημένου,
704 1471 890 1558 διωχθέντος
906 1473 966 1538 ὑπό
980 1481 1042 1538 τῶν
1091 1481 1157 1558 tus,
1169 1481 1311 1541 vexatus
1324 1476 1367 1539 ab
1378 1475 1480 1556 hujus
1488 1475 1831 1559 saculipriucipibus,

294 1574 458 1660 ἀρχόντων
472 1583 528 1639 τοῦ
544 1576 656 1654 αἰῶνος
677 1576 798 1658 τούτου,
814 1579 869 1641 καί
880 1585 942 1642 τῦν
957 1574 1042 1654 ἒξου-
1090 1584 1125 1642 et
1143 1580 1185 1643 ab
1207 1579 1261 1644 his
1283 1580 1515 1660 potestatibus,
1534 1597 1611 1662 quoe
1629 1597 1763 1643 summa
1777 1593 1833 1658 po-

294 1689 379 1762 σιῦν,
406 1689 467 1746 τῦν
493 1679 770 1767 έγκεχωρισμένων
790 1683 849 1766 τὴν
864 1683 934 1766 περὶ
957 1681 1042 1766 ζωῆς
1087 1685 1306 1748 tiunturvitae
1315 1688 1349 1746 et
1360 1686 1477 1747 mortis
1488 1686 1665 1747 sententia.
1676 1682 1831 1747 Conside-

291 1785 347 1848 καί
361 1781 504 1849 θανάτου
518 1793 581 1849 τῶν
596 1783 767 1868 ἀνθρώπων
781 1783 893 1869 κρίσιν.
909 1784 976 1850 Ἰδε
989 1805 1040 1869 μοι
1085 1804 1123 1850 ra
1135 1787 1219 1850 mihi
1231 1792 1414 1870 martyrem
1428 1789 1551 1867 virum,
1565 1789 1759 1851 intuentem
1774 1805 1830 1849 va·

291 1888 344 1953 τδν
360 1896 587 1973 μαρτυροῦντα,
604 1886 760 1974 βλέποντα
774 1889 815 1953 τὰ
829 1887 958 1954 ποικίλα
978 1897 1040 1955 τῶν
1084 1891 1136 1954 ria
1153 1892 1396 1972 suppliciorum
1419 1891 1657 1970 instrumenta,
1680 1907 1742 1954 nec
1757 1906 1830 1971 pro-

161 1997 163 2004 ’
290 1988 540 2077 βασανιστηρίων
552 1992 682 2078 όργανα,
691 1994 745 2059 καί
759 1994 801 2078 μὴ
815 1992 976 2058 δειλιῦντα
989 1993 1041 2057 ἐπὶ
1084 1999 1200 2078 pterea
1211 1994 1444 2075 trepidantem3
1454 2011 1521 2058 non
1533 1999 1647 2058 tamen
1659 1995 1831 2056 immemo-

289 2094 420 2177 τούτοις,
436 2093 522 2160 ἀλλὰ
536 2095 733 2183 μεμνημένον
744 2107 800 2162 τοῦ
811 2096 972 2182 κριτηρίου
984 2108 1040 2163 τοῦ
1087 2116 1158 2162 rem
1178 2099 1285 2162 divini
1309 2097 1500 2178 tribunalis,
1516 2097 1669 2179 illudque
1682 2095 1832 2160 reformi-

291 2197 385 2281 Θεοῦ,
401 2200 456 2262 καί
478 2199 640 2266 δειλιῦντα
651 2201 765 2285 έκεῖνο,
788 2202 844 2266 καί
859 2200 933 2266 δλον
958 2202 1042 2287 γινό-
1085 2204 1231 2285 dantem,
1255 2207 1430 2282 totumque
1448 2202 1629 2265 attonitum
1645 2203 1681 2264 in
1697 2201 1760 2264 hoc
1775 2219 1832 2264 su·
1935 2189 1940 2194 ’

291 2322 385 2389 μενον
399 2311 457 2388 της
479 2302 775 2395 ἀναζωγραφήσεως
794 2306 891 2371 αότοῦ
910 2307 966 2370 καί
980 2313 1041 2372 τῦν
1086 2325 1190 2390 penno
1209 2308 1411 2389 spectaculo,
1431 2310 1466 2370 et
1491 2306 1526 2368 in
1549 2307 1658 2387 poenis
1675 2321 1752 2386 quae
1771 2305 1832 2367 im-

290 2407 631 2495 &comminuebatur
653 2409 816 2477 κολάσεων
842 2419 886 2498 τῷ
916 2411 1041 2496 ἀρνησι-
1083 2412 1237 2494 pendunt
1248 2411 1390 2491 neganti
1406 2411 1524 2474 Deum.
1540 2411 1721 2490 Propterea
1732 2407 1831 2472 dicit:

291 2510 362 2598 θίιρ.
375 2512 433 2578 Διὰ
443 2513 536 2578 τοῦτό
548 2534 653 2599 φησιν·
661 2513 836 2599 Ἄρχοντες
847 2514 1041 2594 κατεδίωξαν
1081 2517 1252 2598 mamma
1259 2515 1423 2597 persecuti
1436 2518 1515 2578 στοαί
1540 2531 1589 2578 me
1608 2515 1737 2596 ρταῦδτς
1763 2529 1832 2576 non

292 2637 332 2704 με
354 2616 484 2703 δωρεὰν,
500 2619 561 2704 οὐχ
583 2617 624 2697 ὥς
647 2619 778 2705 λῃστὴν,
798 2621 859 2705 οὐχ
874 2619 926 2703 ὡς,
950 2622 1038 2706 φησί,
1083 2621 1135 2684 uti
1150 2621 1405 2698 latronem,non
1421 2617 1504 2698 Jam,
1521 2617 1643 2698 inquit,
1656 2634 1719 2682 ceu
1733 2619 1833 2681 latro-

290 2719 421 2807 ληστην,
437 2723 498 2807 οὐχ
513 2722 554 2801 ὡς
569 2721 678 2808 φονέα,
694 2723 767 2788 οὐδὲ
778 2721 821 2801 ὡς
836 2723 915 2789 ἄλλο
931 2733 1036 2789 τιτῶν
1083 2741 1161 2787 nem
1190 2728 1251 2786 aut
1272 2722 1476 2785 homicidum
1505 2727 1567 2784 aut
1591 2722 1832 2802 qualicumque

291 2824 416 2891 ἀτόπων
431 2827 645 2911 πεποιηκότα·
665 2826 737 2892 ἀλλ’
755 2827 864 2914 ἐπειδὴ
888 2829 925 2893 σὲ
947 2826 1039 2912 σέδω,
1082 2827 1229 2892 facinore
1244 2828 1438 2892 scelestum:
1462 2825 1521 2889 scd
1543 2826 1624 2905 quia
1645 2831 1679 2888 te
1702 2841 1830 2904 vereor,

288 2930 343 2995 τόν
360 2929 441 2997 Θτδν
457 2939 517 2996 τῶν
532 2929 613 2996 όλων
635 2930 834 3017 δημιουργόν,
850 2932 919 2996 ἐπεὶ
933 2929 1041 2996 πεπίσ-
1084 2939 1118 2998 te
1148 2935 1299 2997 omnium
1326 2950 1440 2995 rerum
1463 2932 1676 2995 Conditorem
1707 2933 1833 3010 Deum;

289 3053 389 3098 τευκα
403 3035 448 3111 εἰς
459 3035 494 3098 τό
511 3034 610 3118 όνομα
621 3044 675 3098 τοῦ
688 3034 885 3120 Μονογενοῦς
899 3055 966 3100 σου.
979 3034 1038 3100 Διὰ
1083 3038 1142 3102 sed
1155 3039 1236 3119 quia
1247 3037 1373 3101 credidi
1389 3038 1424 3100 in
1440 3038 1491 3100 tui
1507 3025 1685 3114 Unigeniti
1697 3051 1829 3098 nomen.

289 3146 384 3202 τοῦτο
399 3137 562 3224 διώκομαι,
577 3140 632 3202 καί
647 3137 834 3223 διωκόμενος
849 3138 962 3222 δειλιῦ,
979 3140 1038 3203 οῦκ
1083 3143 1264 3223 Propterea
1279 3142 1547 3221 persecutionem
1566 3140 1687 3220 patior,
1704 3143 1738 3201 et
1759 3155 1834 3218 pus·

289 3240 345 3305 ἀπ’
360 3244 473 3326 αὐτῶν,
502 3241 575 3306 οῦδὲ
602 3241 666 3306 ἀπὸ
691 3250 752 3309 τῶν
778 3241 1043 3328 προσφερομένων
1083 3263 1142 3308 sus
1161 3261 1276 3326 paveo,
1297 3261 1364 3307 non
1384 3243 1456 3323 jam
1479 3244 1521 3308 ab
1545 3244 1629 3322 istis,
1660 3259 1770 3325 neque
1792 3241 1834 3306 ob

290 3345 344 3409 ὑπ’
355 3346 467 3428 ababa,
485 3345 569 3410 όλλόι
581 3345 633 3410 διὰ
650 3347 708 3430 τὴν
722 3348 800 3430 πρός
816 3349 889 3425 τοὺς
902 3349 976 3426 σοὺς
990 3345 1043 3410 λό-
1084 3350 1250 3412 intentata
1265 3349 1307 3412 ab
1323 3347 1403 3428 illis,
1415 3349 1473 3412 sed
1485 3366 1506 3410 a
1516 3348 1641 3410 timore
1657 3363 1758 3428 quern
1774 3349 1835 3408 tua

289 3469 365 3534 γους
377 3447 503 3515 δειλιόιν.
516 3448 695 3535 Ἀσκητέον
705 3451 760 3515 οῦν
771 3451 829 3535 την
841 3447 970 3533 δειλιόιν,
983 3452 1042 3535 τὴν
1085 3453 1188 3516 verba
1199 3455 1381 3516 incutiunt.
1397 3452 1614 3516 Exercendus
1635 3467 1718 3530 ergo
1733 3451 1835 3514 timor

289 3551 353 3617 ἀπὸ
368 3561 430 3618 τῶν
443 3551 546 3639 λόγων
560 3563 615 3618 τοῦ
636 3553 729 3636 Θεοῦ,
745 3553 783 3618 ἵν’
794 3554 985 3640 ἀποστῦμεν
1007 3555 1042 3619 ἀ·
1084 3558 1296 3638 eloquiorum
1312 3558 1384 3637 Dei,
1405 3558 1495 3620 unde
1511 3574 1531 3619 a
1546 3561 1687 3637 peccato
1703 3554 1835 3618 receda-

289 3659 408 3722 πότων
424 3657 670 3744 ἁμαρτημάτων,
685 3660 740 3723 καὶ
762 3658 899 3744 μάλιστα
913 3668 970 3745 τῆς
986 3679 1041 3743 φο·
1083 3679 1169 3741 mus,
1186 3663 1364 3725 maximoe
1385 3659 1598 3724 formidoloso
1613 3660 1739 3723 scelere
1755 3676 1833 3722 eum

289 3758 383 3846 δερᾰς
406 3761 562 3848 ἁμαρτίας
584 3773 640 3827 τοῦ
662 3760 859 3846 ἀρνήσασθαι
880 3765 934 3830 τόν
963 3765 1041 3849 ὑπὲρ
1083 3766 1232 3844 negandi
1248 3767 1307 3847 qui
1330 3782 1389 3847 pro
1405 3764 1501 3828 nobis
1524 3769 1679 3828 mortuus
1695 3767 1754 3828 est.
1774 3765 1836 3827 Vir

289 3865 374 3951 δμιῖιν
390 3866 599 3932 ἀποθανόντα.
623 3865 723 3944 Οῦτος
738 3867 755 3931 ό
771 3877 875 3932 ταῦτα
896 3869 991 3934 εἰπὼν
1006 3867 1041 3932 α·
1082 3870 1140 3932 ille
1152 3869 1235 3932 talia
1250 3869 1360 3949 fando,
1375 3871 1411 3931 in
1437 3868 1650 3933 sermonibus
1664 3867 1726 3932 Dei
1741 3867 1836 3930 exul·

289 3969 499 4056 γαλλιόισεται
513 3971 564 4036 aa
578 3979 643 4048 τοῖς
658 3969 763 4055 λόγοις
778 3981 834 4036 τοῦ
853 3971 946 4039 Θεοῦ.
1083 3973 1179 4036 tabit.

336 4073 590 4161 Ἀγαλλοόσομαι
605 4075 669 4160 ἐγὼ
684 4075 736 4139 eru
750 4077 791 4141 τόι
805 4075 897 4162 λόγια
912 4097 980 4158 σου,
995 4076 1038 4155 ὡς
1124 4075 1282 4140 Εααίίαόο
1304 4092 1358 4158 epo
1381 4093 1480 4158 cuper
1504 4076 1632 4158 eloquia
1654 4080 1721 4156 too,
1749 4078 1837 4142 είοτιί

290 4177 308 4240 δ
329 4176 481 4262 εὑρίσκων
500 4177 603 4243 σκῦλα
619 4177 731 4244 πολλά.
756 4179 861 4257 Ποίοις
877 4178 1038 4267 λόγοις;ῆ
1080 4179 1139 4262 qui
1160 4180 1285 4244 τάοσαίί
1304 4181 1410 4260 molto
1424 4180 1538 4244 mullet.
1563 4181 1746 4262 inquibus
1769 4181 1835 4243 elo-

288 4283 360 4366 περί
375 4283 417 4347 ὢν
439 4281 526 4368 λέγει
540 4282 558 4347 δ
573 4281 721 4360 Παῦλος·
737 4293 859 4367 πρῶτον
874 4285 936 4369 γὰρ
953 4285 1039 4350 ἐπισ-
1081 4285 1171 4366 quiis
1185 4284 1200 4348 P
1216 4285 1287 4347 Nisi
1303 4286 1338 4348 in
1355 4285 1397 4347 iis
1413 4283 1454 4348 de
1470 4285 1594 4366 quibus
1614 4285 1745 4348 Paulus
1764 4285 1832 4346 ait:

287 4384 445 4470 τεόθησαν
460 4388 500 4452 τόι
515 4385 608 4471 λόγια
622 4395 677 4450 τοῦ
693 4384 785 4470 Θεοῦ,
801 4388 872 4471 περί
888 4387 948 4452 τῶν
960 4386 1039 4454 Ἰου-
1083 4409 1100 4449 α
1116 4389 1268 4452 Primum
1293 4389 1334 4454 iis
1349 4388 1477 4452 credita
1492 4393 1573 4453 eunt
1588 4389 1723 4470 eloquia
1733 4407 1764 4467 ν,
1788 4385 1830 4449 de

289 4487 386 4555 δαίων
402 4490 543 4575 φάσκων.
1081 4492 1103 4555 J
1106 4492 1211 4556 udaeis
1234 4492 1376 4556 locutus.

332 4593 397 4659 Καὶ
411 4593 515 4662 πόλιν.
538 4592 648 4673 Ἀξιον
671 4594 810 4678 ζητῆσαι
824 4593 921 4659 διὰτί
942 4594 1038 4680 παρέ-
1122 4598 1169 4661 Et
1188 4597 1315 4660 iterum
1340 4598 1495 4671 Quaerere
1523 4613 1586 4676 par
1617 4600 1680 4676 est,
1703 4595 1835 4676 quade

286 4696 366 4764 λαδι
388 4701 442 4764 τόν
464 4697 667 4783 όγαλλιῦντα
695 4698 746 4763 ἐπὶ
772 4707 836 4775 τοῖς
859 4697 966 4784 λόγοις
993 4706 1038 4785 τῷ
1079 4716 1275 4764 causacum
1298 4701 1358 4781 qui
1381 4700 1417 4762 in
1440 4699 1551 4763 verbis
1575 4701 1719 4778 laetatur,
1749 4715 1829 4761 oum

288 4801 590 4888 septematrus.
604 4801 684 4884 Ἐὰν
701 4802 769 4888 ίδης
791 4800 872 4880 τίνες
895 4803 982 4889 είχον
997 4804 1038 4868 τὰ
1080 4821 1118 4868 eo
1133 4805 1325 4870 conferatur
1340 4805 1400 4886 qui
1423 4805 1531 4886 spolia
1547 4804 1689 4868 invenit.
1712 4804 1747 4867 si
1772 4820 1829 4866 no·

287 4905 380 4993 λόγια
401 4917 456 4972 τοῦ
479 4905 572 4990 Θεοῦ,
588 4909 643 4974 καί
662 4904 865 4992 κατανοήσῃς
881 4904 961 4986 τίνες
984 4917 1038 4974 νῦν
1077 4910 1167 4974 veris
1184 4910 1324 4992 quinam
1342 4909 1526 4974 habuerint
1548 4909 1686 4973 oracula
1705 4907 1778 4989 Dei,
1795 4910 1831 4972 et

287 5013 416 5098 ἔχουσιν
430 5013 521 5093 αὐτό,
544 5012 607 5097 bqr
628 5012 676 5078 ότι
697 5011 867 5088 Ἰουδαίους
889 5010 1038 5096 Χριστια-
1078 5013 1342 5078 consideraveris
1350 5013 1830 5095 quinamcanuncobtineapt,

286 5120 335 5184 νοί
360 5117 604 5204 έσκυλιῦσαμεν,
631 5125 687 5182 τοῦ
713 5116 852 5201 Χριστοῦ
876 5117 1036 5194 εἰπόντος·
1077 5118 1207 5182 videbis
1223 5118 1312 5202 quod
1327 5118 1464 5182 Judaeos
1478 5116 1664 5182 Christiani
1682 5133 1743 5180 nos
1757 5132 1833 5197 spo·

289 5218 488 5312 ‘apoteca
505 5220 561 5312 αφ’
572 5221 657 5312 ὑμῶν
674 5219 696 5311 ἡ
714 5218 857 5310 βασιλεία
871 5229 927 5288 τοῦ
941 5217 1035 5306 Θεοῦ,
1077 5222 1248 5306 liavimus,
1280 5221 1413 5290 cbristo
1443 5222 1577 5286 aiente:
1603 5219 1786 5284 «Tolletur
1812 5237 1833 5281 a
