4044 6104
855 458 1062 526 susumus
1677 453 1744 522 429

190 602 413 692 ἀναχωρήσας,
429 601 529 688 αὐτὴν
541 609 695 672 κατανοεῖ
707 601 766 687 τὴν
777 595 940 684 ἀλήθειαν·
983 599 1139 679 singulos
1162 599 1277 666 modos
1297 617 1402 684 supra
1416 595 1607 667 recensitos.
1625 605 1738 669 Prole·

190 709 238 775 διὸ
260 706 498 792 άντξαπάτητὸς
520 705 615 772 ἐστιν.
639 704 677 771 ‘O
692 705 728 770 te
749 704 784 770 ἐν
805 711 850 790 τῶ
865 720 940 788 προ-
982 705 1036 789 qis
1050 704 1149 770 corio
1168 703 1371 772 ίαὸεννιαοαίυ
1384 704 1424 770 ab
1437 705 1596 790 ααίίίοράε
1610 707 1738 790 linguar

190 811 319 880 κάπτειν
343 810 572 898 ἐπιτυγχάνων,
594 808 707 896 χρῄζει
729 805 943 887 σκεπάζοντος
985 823 1070 875 mom.
1085 809 1259 874 Perfectus
1273 811 1336 891 vir,
1365 827 1407 874 ex
1422 826 1636 892 quocumque
1662 829 1737 894 pro-

193 926 250 983 τοῶ
272 915 357 984 Θεοῶ
386 914 420 981 ἐν
446 924 569 1000 σκηνῇ,
597 911 757 980 τουτέστιν
785 909 943 996 διαφόρων
987 932 1109 994 gressu
1130 919 1237 995 q'uum
1260 913 1420 978 discrevit
1444 915 1633 995 veritatem,
1663 931 1738 978 eam

64 1007 68 1014 ’
191 1022 354 1108 γλωσσῶν,
366 1021 442 1106 drot
456 1019 613 1104 διαφόρων
628 1016 852 1104 ψευδοδοξιῶν·
866 1016 943 1100 πρὸς
987 1019 1157 1100 perspicit,
1169 1017 1431 1083 ideoerrorinon
1451 1022 1503 1082 est
1512 1017 1664 1084 idoneus.
1676 1020 1740 1095 Qui

192 1129 255 1214 γὸιρ
270 1128 324 1191 τὸν
338 1123 458 1190 τέλειον
472 1121 614 1208 λέγεται·
631 1122 801 1188 Kelados
816 1116 942 1210 coriti}
987 1124 1116 1187 veroin
1131 1128 1210 1188 actu
1225 1127 1277 1188 est
1293 1124 1501 1205 proficiendi,
1515 1123 1650 1202 indiget
1671 1125 1741 1189 Deo

193 1229 407 1316 ἀναστήσεται
427 1229 480 1294 ἐπί
499 1230 536 1294 σέ
558 1229 602 1306 εἰς
617 1226 728 1313 κρίσιν,
750 1225 873 1303 πάντας
888 1225 943 1288 ao·
990 1244 1068 1291 eum
1078 1231 1278 1310 protegente
1298 1227 1336 1291 ίκ
1356 1225 1569 1306 ίαὸοννιαεαίο,
1587 1226 1746 1291 videlicet

193 1338 268 1414 τοὺς
281 1332 439 1419 ἡττήσας.
452 1331 522 1410 Πᾶς
532 1333 594 1417 γάρ
609 1330 704 1417 λὸγσς
715 1327 894 1414 ἑτερὸδοξος
909 1325 944 1389 ά·
990 1352 1011 1397 a
1028 1333 1171 1397 diversis
1184 1332 1326 1411 lingula,
1348 1348 1410 1396 seu
1431 1349 1452 1394 a
1465 1335 1631 1397 varietate
1644 1332 1745 1396 falsa

193 1441 345 1523 νίσταται,
360 1435 522 1524 κρίνεσθαι
532 1435 721 1522 βουλόμενος
734 1435 815 1521 μετὸι
825 1440 883 1517 της
895 1432 946 1497 ἐκ·
990 1457 1068 1503 rum
1082 1437 1322 1502 doctrinarum.
1342 1429 1477 1501 Etenim
1493 1437 1535 1502 ad
1557 1437 1744 1518 perfectum

194 1545 425 1629 κλησιαστικης
447 1541 597 1628 γνώμης·
624 1541 744 1618 πάντας
771 1539 807 1604 δὲ
832 1538 946 1613 αὐτοὺς
990 1543 1132 1607 dicitur:
1158 1541 1235 1604 «Et
1256 1543 1367 1605 omnis
1381 1558 1447 1605 vox
1463 1559 1540 1622 quae
1555 1543 1746 1608 elevabitur

197 1645 498 1735 ἡττησειὸτέλειος,
506 1648 546 1712 τὸ
560 1655 617 1732 της
627 1642 802 1729 ἐκκλησίας
814 1648 946 1728 φρονῶν.
992 1665 1095 1730 super
1115 1650 1149 1710 te
1170 1647 1206 1710 in
1225 1644 1404 1726 judicium,
1424 1663 1540 1711 omnes
1555 1648 1632 1711 illos
1646 1665 1746 1730 supe·

992 1753 1094 1817 rabis.
1120 1772 1137 1811 υ
1155 1739 1272 1815 Omnis
1287 1753 1422 1833 quippo
1434 1753 1615 1818 haercticus
1633 1773 1744 1820 sermo

992 1857 1116 1935 surgit,
1130 1857 1305 1939 requirens
1323 1855 1470 1937 judicari
1490 1876 1568 1922 cum
1583 1859 1744 1924 Ecclesiae

992 1963 1175 2028 sententia:
1197 1961 1367 2043 perfectus
1389 1967 1504 2027 autem
1520 1968 1660 2028 cunctos
1684 1982 1742 2028 su·

993 2066 1135 2151 parabit,
1151 2067 1311 2130 Ecclesia
1325 2073 1583 2132 consentaneus.

243 2189 275 2234 v.
292 2171 345 2234 23.
361 2163 447 2254 Ἐγὼ
462 2166 498 2232 u
514 2167 588 2232 είπα
601 2165 636 2232 ἐν
650 2174 689 2252 τῇ
704 2163 853 2231 ἐκστάσει
868 2181 947 2252 μου·
1038 2189 1071 2234 v.
1088 2173 1141 2236 23.
1159 2169 1226 2254 Ερο
1240 2176 1348 2236 cuum
1369 2171 1441 2236 dici
1454 2172 1493 2237 ic
1516 2189 1647 2240 οαοεσαι
1660 2191 1748 2240 oreo:

200 2273 392 2361 ἀπέρὸιμμαι
417 2272 480 2338 άπὸ
502 2269 672 2357 προσώπου
695 2279 757 2335 τῶν
778 2268 950 2356 ὀφθαλμῶν
996 2275 1147 2358 Reiectus
1167 2293 1240 2341 acm
1261 2293 1284 2340 c
1295 2274 1391 2357 socie
1412 2276 1576 2342 οαιίονκαι
1599 2281 1749 2356 mmm

202 2399 270 2460 σου,
286 2377 339 2442 ὸιὸι
360 2385 454 2441 τοῦτο
468 2373 669 2460 εἰσήκουσας,
689 2368 798 2458 detr,
814 2381 872 2457 τῆς
888 2393 952 2459 φω-
990 2382 1162 2462 propera
1175 2377 1384 2459 ccaudictrti,
1399 2380 1546 2460 Domim,
1564 2398 1668 2448 ουσιαι
1678 2396 1751 2447 οτα-

202 2491 261 2569 νης
275 2491 333 2569 της
347 2480 486 2568 ὸεησειίις
509 2501 570 2568 μου
586 2482 619 2547 ἐν
633 2488 677 2567 τῷ
695 2477 886 2566 κεκραγέναι
914 2499 953 2566 με
999 2483 1098 2548 imis
1110 2497 1194 2562 msc,
1212 2480 1290 2548 dttm
1303 2482 1477 2550 clamarem
1491 2483 1535 2550 ad
1548 2489 1589 2550 ίο.

206 2590 284 2674 πρὸς
299 2585 346 2652 σέ.

246 2693 315 2779 Τὴν
328 2693 406 2776 πρὸς
428 2689 511 2758 Θεὸν
525 2690 674 2756 ἔκστασιν
697 2688 741 2766 είς
761 2687 881 2776 ἀγαθὸν
895 2709 953 2754 κα·
1043 2692 1229 2758 Excessum
1251 2691 1294 2756 ad
1320 2693 1431 2757 Deum
1454 2693 1489 2757 in
1516 2693 1683 2775 optimum
1708 2693 1746 2756 ii-

202 2795 353 2882 τέστρεψε
375 2793 475 2876 τέλος,
495 2793 637 2880 εὐλογῶν
658 2795 712 2860 τὸν
735 2792 827 2876 Θεὸν,
844 2789 894 2879 ἐφ’
908 2793 955 2871 οίς
1000 2815 1080 2862 nem
1095 2798 1272 2877 convertit,
1288 2796 1490 2862 benedicens
1512 2799 1632 2879 Deum,
1648 2798 1691 2862 ob
1708 2816 1749 2862 ea

205 2900 359 2986 ἐδοξάσθη
378 2898 420 2965 δι’
427 2898 536 2983 αίιτοῶ,
553 2896 702 2964 σώσαντα
722 2897 817 2963 αὐτὸν
835 2893 875 2961 ίκ
894 2905 957 2964 τῶν
1001 2903 1126 2985 quibus
1141 2919 1202 2984 per
1216 2917 1294 2965 euru
1320 2901 1465 2981 gloriam
1486 2901 1616 2983 habuit,
1643 2919 1752 2984 quum

188 3003 466 3090 πολιορκούντων,
483 3001 525 3080 ῶς
540 3001 579 3066 ἂν
593 3001 684 3067 πόλιν
706 2999 953 3088 τετειχισμένην,
1001 3008 1131 3071 salvam
1156 3005 1238 3069 fecit
1266 3005 1415 3070 animam
1444 3024 1544 3071 suam
1574 3008 1617 3071 ab
1644 3007 1754 3089 impu-

206 3107 441 3195 περιρράξαντα
452 3108 510 3192 τὴν
524 3107 621 3171 αὐτοῦ
632 3103 750 3192 ψυχήν.
760 3143 801 3154 -
811 3103 957 3190 'Everti-
1002 3110 1191 3190 gnantibus
1206 3127 1291 3192 eam,
1319 3114 1353 3175 ct
1367 3113 1466 3194 quusi
1481 3113 1655 3177 civitatem
1681 3130 1756 3175 mu·

205 3232 265 3298 περ
280 3209 489 3278 ἐταπείνωσεν
500 3209 614 3275 ἑαυτὸν
630 3209 664 3276 ἐν
678 3208 883 3296 τῇγενομένῃ
901 3209 953 3274 ἐκ·
1003 3213 1134 3291 uitam,
1165 3213 1437 3278 circumvallavit
1472 3216 1561 3280 hanc
1594 3217 1755 3280 animam.

206 3317 326 3402 στάσει,
342 3315 416 3383 καθ’
426 3315 475 3401 ἣν·
490 3313 655 3400 ἐταράχθη
679 3314 696 3379 ὁ
719 3312 880 3401 ὀφθαλμὸς
901 3311 956 3378 αὖ·
1004 3324 1143 3400 Quando
1159 3321 1297 3404 quidem
1312 3321 1509 3386 humiliavit
1520 3339 1556 3385 se
1572 3322 1608 3386 in
1620 3327 1756 3403 recepto

204 3431 261 3489 τοῦ
278 3422 334 3488 καί
348 3419 370 3505 ἡ
385 3415 520 3507 γαστήρ·
534 3417 673 3483 Mettio
683 3419 756 3504 γὰρ,
772 3417 815 3494 ὡς
830 3417 883 3482 δῑὰ
894 3419 953 3503 τὴν
1004 3431 1063 3495 illo
1079 3445 1229 3507 excessu,
1245 3429 1281 3489 in
1297 3442 1365 3508 quo
1383 3426 1541 3489 turbatus
1557 3430 1608 3490 est
1630 3426 1751 3489 oculus

206 3524 363 3613 ἁμαρτίαν
384 3521 572 3608 ἀπείίίφθαί
589 3531 646 3587 τοῦ
664 3519 833 3606 spectro„
848 3522 958 3586 αὒτθῡ·
1006 3541 1040 3600 et
1053 3539 1173 3598 venter
1187 3551 1271 3596 auus
1288 3531 1437 3615 (jacebat
1451 3532 1553 3612 enim,
1569 3531 1666 3594 velut
1680 3547 1755 3612 pro-

206 3628 311 3697 Ἀλλὸι
326 3632 376 3713 σὸ,
399 3630 487 3714 φησί,
503 3627 589 3692 κατὰ
605 3628 665 3712 τὴν
679 3622 836 3711 λέγουσαν
858 3625 955 3712 ἐπαγ·
1005 3646 1081 3724 pter
1094 3641 1271 3720 peccatum
1287 3633 1433 3716 rejectus
1445 3653 1465 3697 a
1476 3633 1562 3698 facie
1578 3632 1675 3724 ejusiz
1698 3632 1758 3698 sed

206 3731 347 3819 γελλίαν,
370 3733 447 3800 ίνταν
463 3732 611 3816 στραφεὶς
627 3727 787 3814 στενάξῃς,
810 3727 882 3795 τότε
898 3749 958 3794 0⁰³·
1006 3751 1055 3826 tu,
1071 3743 1193 3825 inquit,
1204 3740 1307 3824 juxta
1317 3741 1389 3804 haro
1404 3739 1508 3804 verba
1522 3738 1758 3821 promissionis

203 3837 416 3926 ’θίῦλιταῧτά
429 3831 958 3925 ίίθυλέίθίτθέ·Εἶσίκθυῦαίκτλ·
1007 3855 1091 3914 tuae:
1108 3845 1248 3924 Quando
1261 3845 1454 3923 conversus,
1467 3841 1681 3922 ingemisces,
1694 3842 1759 3906 sal-

1007 3952 1151 4032 vaberis,
1167 3951 1239 4015 lraec
1252 3949 1358 4013 verba
1368 3947 1530 4028 recolens,
1545 3945 1753 4026 medietati,

1008 4057 1144 4124 Durriae
1158 4059 1223 4119 etc.

257 4175 290 4220 v.
307 4155 359 4219 24.
375 4149 585 4238 Ἀγαπίγσατε
596 4152 650 4215 τὸν
662 4147 788 4234 Κύριον,
803 4145 919 4226 πάντες
933 4145 964 4213 οἱ
1052 4181 1084 4225 v,
1099 4159 1153 4225 24,
1167 4157 1306 4241 Diligite
1325 4154 1510 4234 namium,
1529 4170 1636 4218 παρίει
1653 4151 1762 4218 scroti

212 4260 292 4325 ὸσιοι
314 4258 422 4338 αὐτοῦ,
438 4257 487 4321 ὸτι
507 4251 659 4340 ἀληθείας
682 4253 815 4339 ἐκζητεί
834 4252 962 4338 Κύριος,
1007 4267 1088 4350 ojus,
1099 4265 1251 4353 quoniam
1260 4260 1413 4326 veritates
1431 4259 1576 4342 requiret
1585 4258 1754 4337 Dominus,

211 4363 267 4427 καί
289 4358 517 4428 ἀνταποδίδωσι
546 4367 612 4436 τοῖς
637 4368 793 4445 περισσῶς
821 4366 963 4424 ποιοῶσιν
1008 4377 1041 4438 ρρ
1051 4369 1209 4437 retribuet
1220 4363 1420 4432 ρὸριιιᾰπιιεει·
1423 4361 1627 4446 sociantibus
1648 4377 1760 4444 supcr-

215 4463 443 4552 ίιπερηρανίαν.
1009 4477 1106 4542 Mau.

256 4568 313 4650 Ἐξ
327 4571 370 4635 ov
385 4569 479 4647 αὒτόί
501 4569 613 4653 ἔτυχεν
636 4567 830 4652 ‘aliialii’
847 4568 891 4653 lli
908 4565 963 4652 ll&
1054 4580 1133 4642 Post
1154 4574 1320 4640 beneficia
1341 4591 1417 4655 quae
1445 4573 1516 4654 ipse
1546 4571 1682 4654 recepit,
1705 4587 1764 4633 vo-

212 4695 265 4753 νος
280 4673 461 4741 ἀπολαῦσαι
471 4681 529 4758 τίς
540 4673 627 4756 παρὰ
642 4682 697 4737 τοῦ
711 4667 799 4740 θεοῦ
808 4667 966 4756 σωτηρίας
1009 4685 1085 4747 lens
1099 4698 1168 4744 non
1182 4680 1250 4744 frui
1265 4680 1358 4742 solus
1373 4678 1483 4741 salute
1498 4693 1519 4738 a
1533 4677 1603 4740 Dco
1625 4691 1762 4738 conces-

213 4777 412 4866 βουλόμενος,
429 4778 510 4864 μετὰ
524 4774 650 4842 πολλῶν
672 4775 708 4842 δὲ
723 4775 872 4860 σωθῆναί,
889 4796 964 4860 προ·
1011 4805 1060 4867 sa,
1075 4785 1134 4850 sed
1145 4801 1224 4848 cum
1239 4781 1358 4846 multis
1373 4782 1489 4845 salvus
1504 4777 1590 4859 fleri,
1606 4777 1767 4846 omnibus

213 4880 361 4967 τρέπεται
382 4889 448 4957 τοῖς
470 4889 566 4945 πᾶσιν
585 4878 747 4964 ίπιρωνῶν
768 4880 898 4965 ἀγαπῶν
911 4883 966 4947 τὸν
1011 4893 1126 4974 palam
1147 4887 1302 4970 precipit
1327 4884 1472 4963 diligere
1501 4883 1622 4962 Deum,
1652 4898 1764 4962 neque

215 4986 307 5071 Θεὸν,
323 4986 378 5050 καί
401 4984 499 5071 μηδὲν
522 4983 630 5069 ἕτερον
652 4983 849 5072 πράττειν,ῆ
871 4993 911 5072 τῇ
928 4983 964 5050 ἀ·
1012 4994 1107 5059 aliud
1132 5008 1247 5071 agere,
1272 4989 1339 5054 nisi
1362 5006 1399 5054 sc
1422 4989 1512 5071 ipsos
1539 4989 1576 5052 in
1598 4987 1769 5052 charitate

255 5214 284 5256 v.
299 5196 344 5253 23·
356 5193 455 5255 Vatis·
466 5193 509 5250 16.
1047 5216 1076 5256 v.
1089 5195 1132 5254 24
1146 5193 1243 5255 Vatis.
1255 5193 1298 5250 13.
