4020 6098
834 427 877 492 IN
899 427 1086 492 PSALMOS
1673 438 1738 500 243

234 589 266 635 v.
283 571 336 634 21.
353 565 648 654 Ἐξομολογήσομαί
662 588 722 650 σοι,
739 566 786 631 δτι
801 565 937 653 ἐπήκου·
1026 588 1058 632 v.
1074 569 1127 634 21.
1146 569 1319 654 ῦῦπμίίεύῦν·
1340 571 1409 652 titi,
1428 575 1579 655 qnoniam
1599 577 1732 642 coaudi-

193 671 252 751 οάς
268 694 316 760 με,
332 675 387 738 καὶ
402 671 511 758 ἐγένου
528 693 579 758 μοι
594 672 638 749 εἰς
653 670 820 757 σωτηρίαν.
982 674 1029 738 sti
1041 690 1101 752 mc,
1119 677 1151 738 ct
1162 673 1282 755 sactus
1295 695 1329 744 aa
1344 676 1427 742 midi
1444 677 1483 742 ic
1496 679 1642 745 salutem.

234 775 304 863 Ούχ
336 775 445 854 ίιπλιῦς
474 773 643 859 ἐπήκουσε,
674 775 759 839 ἀλλὰ
788 771 939 860 πρότερον
1026 777 1100 840 Non
1122 778 1322 858 simpliciter
1348 781 1532 862 exaudivit,
1555 786 1613 848 sed
1636 788 1732 868 prius

190 880 361 959 παιδεύσας
376 882 430 944 καί
454 875 567 962 βελτίω
583 878 737 964 ποιήσας·
760 880 806 944 διδ
821 880 876 944 καί
891 880 940 944 εύ-
983 881 1149 960 corripuit
1179 886 1213 944 et
1244 885 1417 948 meliorem
1447 886 1571 967 effecit,
1598 895 1734 970 propter

190 993 342 1071 χαριστεῐ,
360 985 420 1070 ούχ
442 983 521 1068 ύπὲρ
544 986 587 1049 ὢν
608 982 763 1070 ἠκούσθη,
779 982 851 1047 ἀλλ’
861 983 939 1066 ὑπὲρ
983 983 1074 1064 quod
1089 984 1197 1049 David
1208 989 1338 1064 gratiae
1350 990 1434 1068 agit,
1446 1007 1514 1054 nou
1537 1009 1597 1072 pro
1620 995 1733 1059 verbio

190 1090 233 1154 ύιν
247 1087 427 1172 ἐπαιδεύθη,
444 1090 499 1152 καί
518 1097 684 1173 πανταχοῦ
700 1087 782 1152 πολὺ
797 1085 872 1171 παρ’
883 1088 939 1150 αύ-
984 1089 1055 1152 suis
1070 1089 1207 1170 auditis,
1222 1089 1281 1154 sed
1294 1092 1383 1173 quod
1396 1093 1594 1158 emendatus
1611 1100 1671 1176 est,
1687 1103 1735 1161 at-

190 1193 234 1278 τῷ
260 1195 376 1278 τὸτῆς
399 1189 598 1279 εὐχαριστίας
620 1191 729 1276 είδος,
743 1192 820 1276 δπερ
843 1192 938 1257 εἰπὼν
984 1208 1051 1272 que
1075 1194 1263 1257 universim
1284 1197 1432 1259 multum
1458 1198 1510 1260 illi
1533 1203 1585 1262 est
1607 1202 1734 1278 gratic-

190 1300 246 1364 καί
259 1297 361 1384 λέγων
375 1299 413 1364 οὐ
428 1297 607 1382 παύσομαι·
629 1305 721 1361 τοῦτο
736 1295 874 1383 μάλιστα
888 1295 939 1362 θυ·
984 1313 1061 1359 rum
1083 1295 1147 1360 hoc
1169 1315 1291 1379 genus,
1307 1317 1391 1381 quas
1407 1300 1519 1364 dicere
1542 1305 1576 1366 et
1597 1303 1731 1386 habere,

191 1399 246 1468 σία
259 1404 315 1468 καί
330 1401 504 1488 προσφορά.
984 1397 1068 1483 [ait],
1085 1418 1153 1464 nou
1165 1403 1327 1467 desinam.
1344 1404 1382 1468 Id
1397 1407 1544 1470 maxime
1561 1412 1612 1472 cst
1625 1409 1737 1474 hostia

985 1507 1019 1566 et
1034 1504 1169 1569 oblatio.

234 1630 266 1676 ν.
283 1611 336 1698 22.
352 1606 448 1676 Λίθον
462 1610 498 1674 δν
513 1606 751 1695 ἀπεδοκίμασαν
773 1605 802 1672 oi
820 1607 941 1673 οἰκοδο
1028 1625 1061 1670 v.
1078 1609 1131 1673 22.
1146 1609 1299 1692 Lepidm
1320 1629 1414 1695 qoem
1434 1614 1684 1695 αςονούοοαινιιιί
1698 1635 1737 1684 c-

192 1721 332 1800 μοῦντις,
355 1715 446 1791 ούτος
468 1705 621 1799 ἐγεννήθη
646 1713 690 1790 είς
712 1711 857 1800 κεφαλὴν
879 1733 940 1799 γω-
983 1709 1160 1796 distractas,
1186 1713 1271 1778 idem
1282 1715 1401 1798 scotus
1422 1725 1472 1784 eet
1495 1720 1533 1784 ic
1554 1727 1651 1806 captet
1674 1740 1732 1790 utt-

190 1816 268 1896 νίας
322 1836 328 1848 ·
984 1816 1070 1899 puli.

234 1919 306 1989 Ὀτι
322 1923 378 2008 μὲν
394 1921 438 1999 είς
461 1920 597 2006 Χριστὸν
612 1923 647 1986 τὸ
668 1919 832 2008 εἰρημένον
847 1916 941 1986 παντί
1028 1920 1081 1984 Ad
1109 1921 1281 1988 Christum
1312 1925 1430 1992 referri
1456 1928 1520 1993 hoc
1545 1933 1733 2012 oraculum,

190 2048 251 2095 που
266 2027 374 2114 δῆλον.
386 2026 426 2091 El
438 2026 474 2091 di
486 2027 540 2112 μὴ,
556 2025 646 2092 δοκεῖ
658 2025 692 2105 ἐξ
704 2027 802 2112 αύτης
816 2026 940 2112 ἠρτήσ-
984 2025 1094 2090 cuivis
1109 2026 1328 2092 manifestum
1351 2035 1411 2095 est.
1433 2033 1492 2096 Sin
1513 2035 1628 2098 minus
1641 2036 1734 2100 vide-

192 2131 242 2199 θαι
258 2141 314 2217 της
330 2127 564 2216 ίστορίας,’ἀλλ’
576 2130 623 2195 δτι
639 2127 739 2216 μίσην
755 2128 937 2214 διακόψασα
984 2131 1042 2192 tur
1056 2129 1099 2192 ab
1114 2131 1188 2211 ipsa
1202 2132 1347 2212 pendere
1370 2134 1522 2218 historia,
1537 2139 1596 2202 sed
1619 2141 1734 2204 media

189 2238 248 2324 την
278 2233 466 2301 ἀκολουθίαν
494 2233 516 2320 ἡ
546 2231 725 2321 προφητεία
754 2233 936 2321 ἐπεισῆλθε,
984 2249 1098 2296 rerum
1121 2233 1307 2316 intercepta
1325 2239 1422 2318 serie,
1446 2226 1658 2323 prophetiam
1680 2246 1730 2308 in·

188 2341 376 2428 θαυμαστδν
402 2338 502 2406 οὐδέν.
530 2337 637 2418 Οὕτως
665 2339 697 2405 αἱ
727 2337 853 2418 πλείους
878 2350 939 2407 τῶν
987 2336 1132 2417 troduci,
1148 2338 1235 2402 nihil
1251 2341 1385 2404 mirum.
1400 2344 1451 2406 lta
1466 2345 1620 2410 inveteri
1635 2347 1736 2412 foede-

188 2444 716 2534 προφητειῦνείσὶνέντῇποιλαιφ.
728 2443 939 2530 Οἰκοδομοῦν-
984 2442 1197 2523 repletaque
1219 2461 1256 2506 se
1279 2443 1405 2508 habent
1426 2449 1597 2513 vaticinia.
1621 2451 1735 2515 AEdifi-

188 2573 245 2630 τας
260 2552 296 2617 δὲ
312 2550 399 2640 [νόει]
415 2550 488 2626 τοὺς
503 2549 713 2627 διδασκάλους
729 2559 789 2616 τῦν
805 2547 936 2615 Ἰουδαί-
983 2549 1098 2610 cautes
1110 2563 1190 2610 vero
1205 2548 1318 2628 accipe
1330 2551 1512 2628 magistros
1523 2554 1545 2616 J
1548 2553 1732 2635 udaeorum,

189 2677 242 2738 ων,
265 2657 313 2720 δτι
326 2651 560 2738 ἀπεδοκίμαζον
579 2653 675 2718 αύτδν
689 2651 851 2738 λέγοντες·
874 2652 937 2718 Σα-
984 2649 1044 2730 qui
1059 2648 1325 2731 reprobaverunt
1346 2670 1435 2733 eum,
1451 2654 1616 2720 dicantes:
1643 2661 1729 2722 «Sa-

190 2757 338 2847 μαρείτης
361 2759 398 2844 τί,
415 2758 470 2823 καί
492 2755 651 2843 δαιμόνιον
673 2741 768 2843 ἔχεις.
791 2755 858 2822 Καὶ
880 2755 940 2822 cdr-
983 2753 1172 2818 maritauus
1187 2771 1233 2835 es,
1249 2759 1283 2818 et
1298 2755 1502 2824 daemonium
1524 2760 1637 2826 habes.
1652 2782 1669 2820 ν
1687 2764 1731 2826 Et

187 2862 253 2930 λιν·
276 2860 378 2939 Ούτος
400 2863 459 2928 οὐκ
481 2860 564 2926 ἐστίν
587 2860 650 2925 ἀπὸ
667 2870 721 2926 τοῦ
737 2858 830 2944 Θεοῦ,
854 2860 939 2926 ἀλλὰ
983 2875 1111 2921 rursus:
1129 2861 1227 2922 «lste
1243 2877 1263 2922 a
1277 2861 1347 2924 Deo
1364 2879 1431 2926 non
1446 2867 1508 2943 ast,
1528 2864 1587 2928 sad
1605 2865 1731 2948 decipit

186 2967 292 3053 πλανᾷ
306 2971 359 3033 τδν
382 2966 489 3053 ύχλον.
505 2963 596 3032 Ἀλλ’
607 2965 690 3051 ὅμως
712 2965 836 3044 ούτοςὸ
858 2964 939 3029 διπο-
982 2961 1115 3043 plebem
1128 2983 1158 3025 ».
1181 2965 1311 3028 Verum
1338 2965 1428 3030 idem
1451 2969 1511 3050 qui
1534 2969 1732 3050 reprobatus

186 3062 394 3159 δοκιμασθείς,
408 3073 499 3147 ούτος
512 3069 614 3154 ἐφίινη
628 3067 764 3154 δόκιμος,
777 3067 819 3146 ὡς
830 3067 937 3154 γενέσ-
983 3071 1044 3146 est,
1060 3067 1132 3149 ipse
1147 3071 1301 3133 ostensus
1325 3075 1376 3134 est
1391 3075 1559 3153 acceptus,
1575 3079 1615 3136 ut
1636 3072 1733 3138 fieret

186 3175 238 3242 θαι
260 3176 404 3262 κεφαλὴν
423 3173 556 3260 γωνίας·
579 3175 615 3239 ού
630 3175 692 3259 γὰρ
708 3181 770 3250 πῦς
785 3170 869 3251 λίθος
892 3174 935 3250 εἰς
981 3175 1085 3252 caput
1106 3173 1239 3250 anguli.
1262 3175 1397 3239 Etenim
1420 3192 1488 3240 non
1511 3179 1624 3259 quivis
1648 3180 1734 3261 lapis

186 3277 302 3367 γωνίαν
323 3278 507 3365 ἐπιτήδειος,
531 3277 601 3344 ἀλλ’
614 3279 631 3343 δ
646 3277 859 3364 δοκιμώτατος
881 3278 937 3344 καί
981 3274 1024 3338 ad
1046 3276 1215 3354 angulum
1238 3282 1338 3359 uptus
1361 3283 1422 3358 cst,
1445 3280 1504 3343 sed
1528 3283 1586 3363 qui
1609 3283 1729 3364 proba·

187 3383 221 3465 ἐξ
236 3381 390 3470 ἑκατέρας
405 3382 542 3467 πλευρᾶς
556 3383 630 3459 τοὺς
646 3379 771 3466 τοίχους
783 3381 936 3467 συνδῆσαι
980 3379 1143 3459 tissimus,
1168 3383 1266 3444 etex
1290 3386 1433 3462 utroque
1455 3384 1562 3447 latera
1589 3385 1631 3449 ad
1657 3405 1730 3449 mu·

185 3487 367 3573 δυνίιμενος.
392 3481 435 3552 Ὃ
471 3483 573 3551 τοίνυν
598 3483 685 3570 λέγει
716 3483 734 3548 δ
760 3483 942 3570 προφήτης,
981 3499 1036 3546 ros
1051 3485 1298 3548 connectendas
1314 3485 1466 3550 idoneus.
1487 3488 1582 3563 Quod
1597 3491 1728 3554 interea

186 3589 354 3673 τουτέστιν,
378 3589 457 3655 δτιδ
477 3588 740 3674 ἀποδοκιμασθείς
761 3590 850 3672 παρὰ
872 3597 935 3654 τῶν
980 3586 1143 3669 propheta
1166 3588 1264 3668 dicit,
1295 3588 1358 3652 hoc
1381 3594 1446 3654 est:
1476 3594 1684 3674 Reprobatus
1706 3613 1728 3658 a

186 3695 358 3778 Ἰουδαίων,
385 3695 441 3760 καί
463 3692 693 3774 ἐξουδενωθείς,
721 3694 812 3770 οῦτος
835 3692 935 3778 ἐφάνη
980 3689 1120 3770 Judaeis,
1137 3694 1172 3754 et
1193 3692 1376 3772 pronihilo
1396 3693 1543 3776 habitus,
1560 3696 1648 3760 idem
1673 3699 1730 3762 ille

185 3797 934 3886 θαυμαστὸςῦστεμημύνονοίκοδομηνύφῆναι,
980 3793 1029 3856 lta
1043 3793 1229 3874 stupendus
1253 3794 1362 3860 factus
1386 3801 1448 3876 est,
1465 3802 1504 3860 ut
1525 3815 1593 3862 nou
1616 3800 1727 3864 solum

187 3905 272 3971 ἀλλὰ
284 3905 436 3988 συνδῆσαι
444 3902 499 3967 δύο
511 3899 647 3989 τοίχους,
655 3903 726 3979 τούς
734 3899 768 3979 ἐξ
777 3898 936 3966 Ἰουδαίων
980 3895 1122 3960 aedificio
1144 3896 1319 3978 cohaereat,
1344 3899 1404 3964 aad
1427 3900 1563 3963 vinculo
1586 3902 1744 3980 colligat*

186 4005 410 4094 καὶἙλλήνων
420 4006 657 4087 πιστεύσαντας,
665 4005 736 4089 περί
744 4004 862 4069 τούτων
870 4002 937 4068 ἔλε-
980 4000 1064 4065 duos
1084 4017 1209 4080 muros,
1228 4018 1285 4066 eos
1304 4002 1363 4083 qui
1383 4002 1599 4067 crediderunt
1614 4023 1655 4068 ex
1669 4008 1730 4069 Ju-

187 4113 292 4200 γεκαὶ
303 4110 413 4188 αὐτός·
428 4109 493 4175 Καὶ
506 4108 590 4175 ἀλλα
602 4106 746 4193 πρύύατα
757 4109 832 4194 ἔχω,
844 4108 867 4173 θ
878 4109 937 4172 ούκ
981 4104 1064 4168 daeis
1075 4109 1110 4168 et
1121 4121 1177 4170 cos
1190 4122 1232 4168 ex
1244 4105 1387 4170 Graecis:
1400 4107 1441 4170 dc
1453 4107 1545 4172 hisce
1557 4109 1647 4172 enim
1660 4111 1731 4192 ipse

188 4221 273 4284 ἔστιν
288 4216 326 4283 ἐκ
347 4225 406 4301 της
420 4215 521 4299 αύλης
537 4213 666 4298 ταύτης,
685 4212 820 4278 κάκεῖνά
835 4233 874 4297 με
889 4211 940 4277 δεῖ
980 4207 1084 4271 dixit:
1104 4209 1228 4280 «Alias
1247 4226 1326 4274 oves
1342 4210 1460 4290 habeo,
1476 4229 1551 4293 quae
1567 4229 1634 4276 non
1649 4217 1731 4277 sunt
1791 4223 1795 4234 '

188 4321 330 4410 ἀγαγεῖν.
347 4359 388 4369 -
404 4316 506 4384 Γωνία
520 4319 586 4402 ἐστὶ
602 4315 791 4382 διδασκαλία
802 4323 857 4380 τοῦ
870 4313 936 4382 Σω
981 4313 1094 4377 exhoc
1110 4314 1201 4393 ovili,
1210 4319 1244 4377 et
1252 4332 1308 4378 aas
1323 4320 1454 4396 oportet
1462 4333 1516 4379 me
1531 4316 1728 4381 adducere.»

187 4437 283 4514 τῆρος
297 4422 387 4511 ἡμῶν
402 4423 510 4509 Ἰησοῦ
526 4421 675 4506 Χριστοῦ,
689 4421 729 4484 τὰ
743 4419 776 4485 ίν
792 4420 935 4504 οὐρανοῖς
981 4453 1022 4465 -
1031 4419 1189 4497 ungulus
1202 4423 1253 4482 est
1264 4419 1415 4483 doctriua
1427 4422 1610 4486 salvatoris
1623 4425 1728 4488 nostri

188 4533 244 4597 καί
266 4529 317 4596 ἐπί
334 4537 395 4615 γῆς
417 4527 640 4613 εἰρηνεύοντος.
663 4523 704 4591 ‘H
727 4526 851 4610 συναφὴ
874 4531 935 4589 τῦν
979 4525 1063 4587 Jesu
1078 4523 1212 4603 Christi,
1227 4525 1288 4605 qui
1303 4524 1339 4588 in
1355 4541 1436 4605 pace
1452 4527 1599 4590 calestia
1616 4531 1650 4590 et
1664 4531 1729 4592 ter·

187 4634 243 4700 δύο
258 4643 379 4721 γωνιῶν
399 4633 487 4718 παρὰ
501 4640 557 4696 τοῦ
579 4627 764 4714 Σωτῆροςὴ
782 4625 936 4714 μαρτυρία
981 4645 1064 4690 rena
1089 4629 1288 4709 composuit.
1312 4630 1482 4694 Junctura
1504 4631 1648 4695 duorum
1670 4651 1730 4698 au·

224 4891 252 4933 ν.
263 4872 307 4928 21.
319 4871 387 4928 Vct
399 4869 426 4940 l,
437 4870 463 4938 δ,
476 4868 519 4924 12.
532 4865 605 4922 Inde
617 4864 722 4939 incipit
733 4863 937 4938 Chrysostomi
980 4865 1062 4932 gunt
1070 4857 1170 4916 Etiam
1177 4857 1282 4915 ultima
1292 4866 1432 4918 revocant
1442 4862 1548 4920 iisdem
1563 4864 1662 4922 verbis
1678 4883 1728 4939 pa·

188 4953 377 5035 paraphrasis
389 4954 467 5030 apud
479 4950 741 5010 Moutalalconium
758 4966 851 5021 acque
861 4947 899 5004 ad
907 4967 936 5006 v.
980 4946 1081 5018 giuam
1092 4945 1145 5000 226
1157 4961 1261 5002 vorans
1273 4945 1371 5002 finem

187 5048 232 5117 23,
244 5044 384 5102 continua
393 5041 511 5115 quidam
520 5045 551 5096 ct
560 5037 644 5111 quasi
654 5055 691 5093 cx
701 5053 751 5092 ora
760 5053 858 5107 aureo,
867 5035 937 5093 dnm
1015 5049 1043 5088 ν.
1056 5033 1099 5086 22.
1112 5032 1179 5089 Vct.
1190 5032 1217 5086 4.
1227 5031 1248 5088 J
1249 5049 1314 5088 ocu.
1325 5049 1391 5105 τιτι,
1401 5035 1452 5106 48;
1465 5053 1494 5108 x,
1505 5037 1547 5094 16.
1558 5036 1628 5096 Luc.
1639 5055 1730 5112 xxm,

188 5132 300 5207 pariter
320 5135 422 5187 nocua
443 5125 605 5204 placidiori,
618 5123 671 5181 sed
683 5123 767 5180 firmo
785 5123 860 5198 pede
871 5141 936 5198 par-
981 5121 1006 5178 5.
1018 5119 1125 5177 Mareu.
1140 5134 1184 5177 111.
1198 5119 1241 5174 17.
