4020 6098
271 466 337 529 252
937 465 1148 530 ORIGENES

313 602 353 671 Τί
363 603 596 692 καλῆὴτάξις,
611 601 811 670 πολιτευτέον
821 604 895 689 γὰρ,
906 604 962 668 καί
972 605 1014 668 τὰ
1103 603 1246 669 Pulcher
1269 604 1350 670 ordo
1373 606 1449 689 quis
1471 607 1550 672 est?
1571 608 1752 672 Iustitucre
1777 620 1818 671 et

266 707 324 794 ἔθῆ
339 707 567 793 τιατορθωτέον,
582 697 654 793 πρὶν
668 709 758 794 ῆιιειν
773 709 825 774 ἐπὶ
835 710 894 793 τῆν
907 705 1013 786 ἐξὲτα-
1059 709 1130 772 nim
1145 710 1224 772 vita
1239 726 1349 787 genus
1370 715 1510 792 oportet,
1527 715 1561 774 et
1580 728 1689 776 mores
1712 713 1807 792 prius

267 835 316 879 σιν
332 823 394 878 τῶν
409 812 503 880 θείων
519 812 642 899 λογίων.
659 813 753 879 Κατὰ
767 814 830 897 γὰρ
845 812 952 897 ψυχὴν
967 812 1016 878 δεῖ
1059 811 1217 892 dirigere,
1233 831 1335 894 quam
1350 813 1508 878 accedere
1524 815 1566 878 ad
1590 817 1706 881 divina
1736 833 1808 879 ora-

265 917 540 1002 dispensacione
564 916 717 1002 μαρτύρια
731 927 787 981 τοῦ
810 916 904 984 Θεοῦ.
920 912 1013 980 Σττεί-
1058 917 1137 978 cula
1162 917 1392 981 scrutandum.
1420 920 1552 984 Intuitu
1576 922 1668 984 enim
1684 921 1819 983 animae·

267 1043 343 1108 ρατε
357 1022 430 1107 γὰρ,
446 1023 541 1106 φησίν
556 1021 574 1086 ὁ
589 1019 764 1106 προφήτης,
781 1019 903 1097 ἑαυτοῖς
916 1019 960 1096 είς
971 1019 1014 1083 δι·
1060 1019 1298 1098 investiganda
1308 1023 1458 1085 suntDei
1470 1025 1673 1088 testimonie.
1685 1026 1808 1088 «Semi-

264 1127 447 1212 καιοσιίνῆν,
463 1125 505 1204 ὡς
520 1125 698 1210 τρυγῆσῆτε
720 1113 764 1203 Ιείς
778 1127 900 1209 τιαρττὸν
918 1123 1012 1208 ζωῆς,
1059 1127 1138 1187 nate
1158 1127 1286 1206 utique,
1310 1126 1359 1188 ait
1379 1127 1551 1207 propheta,
1578 1129 1745 1192 vobismet
1772 1128 1808 1190 in

265 1222 422 1315 ιρωτίσατε
452 1228 583 1306 ἑαυτοὺς
613 1229 657 1306 είς
687 1237 752 1314 φῶς
781 1226 934 1313 γνώσεως.
967 1225 1014 1293 Ob
1054 1226 1234 1310 J'ustitiam,
1250 1233 1290 1292 ut
1305 1230 1339 1291 in
1365 1229 1514 1294 fructum
1541 1231 1621 1295 vitae
1647 1233 1805 1310 metatis;

268 1343 392 1419 πρῶτον
414 1331 581 1420 φωτίσατε,
607 1333 692 1398 ἀλλὰ
716 1341 839 1418 πρῶτον
866 1330 1013 1418 σττείρατε
1059 1332 1250 1396 illuminate
1272 1337 1403 1397 vosmet
1422 1336 1458 1398 in
1478 1337 1595 1398 lumen
1612 1337 1804 1400 scientiae.»

268 1439 313 1516 τίς
340 1438 550 1524 δικαιοσύνην,
577 1438 634 1504 εἴθ’
649 1441 730 1504 οὕτω
756 1439 811 1503 τιοί
837 1432 1022 1522 τρυγῆσατε’
1058 1439 1132 1500 Non
1146 1438 1254 1518 primo
1277 1439 1350 1502 loco
1379 1439 1632 1520 «illuminata»
1655 1440 1713 1504 sed
1739 1441 1809 1523 pri·

268 1546 391 1628 καρτὸν
406 1543 500 1629 ζωῆς,
516 1544 632 1628 ῆοῦτω
643 1531 799 1628 φωτίσατε
812 1541 935 1619 ἑαυτοῖς
949 1549 1014 1626 φῶς
1059 1543 1264 1621 ιηυιιιξυοτίίο
1279 1543 1315 1605 iu
1326 1541 1507 1624 justitiam
1522 1544 1571 1608 sic
1586 1549 1702 1626 postea
1716 1544 1810 1609 colli-

269 1646 424 1735 γνώσεως.
442 1645 482 1713 Τί
494 1649 556 1734 γὰρ
571 1649 608 1712 οὐ
624 1645 837 1734 συμὸίιλλεται
848 1655 891 1733 τῷ
903 1667 1015 1732 φωτισ-
1059 1648 1132 1727 gite
1146 1647 1294 1711 fructum
1309 1649 1398 1729 vitae,
1423 1653 1457 1712 et
1478 1649 1541 1713 boc
1559 1650 1658 1713 modo
1679 1651 1805 1714 illumi·

180 1779 183 1786 ¹
270 1759 335 1838 pp:
350 1750 372 1836 ἡ
388 1752 501 1839 ἑντολῆ
517 1749 635 1837 Κυρίου
647 1751 819 1839 τηλαυγὴς,
835 1748 1015 1837 φωτίζουσα
1059 1759 1138 1816 nate
1153 1771 1212 1817 vos
1226 1754 1302 1818 luce
1317 1755 1477 1819 scientiar.
1500 1755 1543 1818 Ut
1557 1754 1640 1835 quid
1655 1757 1747 1819 enim
1768 1755 1802 1818 id

268 1856 458 1945 ὀφθαλμούς.
516 1901 518 1908 .
1059 1873 1127 1921 non
1154 1858 1369 1938 componitur
1394 1875 1472 1920 cum
1499 1858 1653 1922 lumine?
1687 1861 1825 1922 «Prae-v

1060 1964 1196 2041 ceptum
1233 1962 1372 2026 Domini
1409 1961 1572 2042 lucidum,
1608 1963 1808 2027 illuminans

1062 2066 1223 2128 oculos.»

313 2167 360 2234 Οὔ
379 2190 428 2233 πω
444 2190 482 2254 γε
497 2167 605 2255 στίχος
625 2166 725 2254 ἑστίν;
749 2167 789 2234 Οἱ
802 2170 864 2255 γὰρ
880 2166 953 2254 παρ’
964 2164 1016 2233 ‘E-
1103 2171 1177 2246 Age
1193 2169 1333 2232 ubinam
1347 2187 1466 2233 versus
1482 2171 1555 2234 est?
1568 2187 1687 2234 versus
1705 2187 1805 2253 porro

269 2269 387 2356 6ραίσις
402 2273 514 2359 στίχοι,
531 2275 573 2352 ὡς
589 2273 679 2361 ἔλεγέ
693 2295 749 2355 τις,
765 2271 913 2360 ἔμμετρυί
928 2275 1015 2355 τίσιν,
1060 2273 1150 2354 apud
1162 2273 1330 2352 Hebraeos,
1342 2278 1382 2336 ut
1398 2272 1534 2354 quidam
1548 2274 1676 2352 retulit,
1691 2274 1809 2336 metri-

228 2439 230 2446 .
269 2374 299 2438 ol
314 2373 473 2462 ἑξαμέτρῳ
497 2379 563 2463 μὲν,
579 2377 600 2462 ἡ
617 2377 708 2463 ἐντῷ
730 2375 1017 2463 Δευτερονομίιρῲ·
1060 2379 1196 2456 cieunt,
1222 2377 1282 2440 alii
1308 2377 1514 2456 Hexametri,
1540 2379 1641 2457 quale
1668 2377 1704 2440 iu
1730 2395 1808 2440 can-

270 2477 323 2566 δῆ·
338 2480 371 2545 ἑν
385 2479 537 2566 τριμέτρῳ
554 2480 589 2543 δὲ
599 2482 655 2544 καί
664 2478 874 2566 τετραμέτρῳ,
891 2479 919 2544 cl
935 2480 1016 2564 ψαλ-
1060 2485 1166 2546 ticum
1182 2482 1453 2560 Deuteronomio,
1469 2481 1529 2543 alii
1544 2481 1690 2542 trimetri
1704 2483 1737 2543 et
1763 2484 1824 2543 te·

271 2580 388 2669 μοί.οί
407 2581 510 2668 στίχοι
532 2583 631 2648 οὔναί
652 2584 728 2668 παρ’
738 2577 893 2666 Ἑόραίοις
916 2581 1017 2669 ἕτεροί
1059 2588 1223 2665 tremetri,
1239 2587 1298 2667 qui
1313 2586 1435 2667 psalmi
1454 2589 1544 2648 sunt.
1561 2586 1672 2663 Igitur
1687 2603 1806 2648 versus

190 2727 193 2736 τ
269 2687 346 2753 είσιν
368 2689 455 2771 παρὰ
477 2690 550 2764 τοὺς
572 2684 743 2774 παρῆμτν.
767 2687 845 2753 Ἐὰν
870 2685 1016 2774 θέλωμεν
1061 2690 1279 2753 Hebraeorum
1295 2706 1363 2752 non
1390 2689 1490 2752 iidem
1509 2693 1589 2752 sunt
1604 2693 1706 2770 atque
1722 2688 1812 2770 apud

267 2793 378 2860 ἐνθάδε
393 2803 531 2879 τηρῆσαι
545 2795 617 2870 τοὺς
630 2794 765 2879 στίχους,
777 2802 932 2880 ποιῶμεν·
947 2791 1017 2858 Μα-
1061 2811 1132 2858 nos.
1156 2794 1294 2870 Quodsi
1318 2793 1464 2856 velimus
1487 2791 1666 2855 observare
1681 2809 1811 2871 versus,

267 2897 371 2981 τιάριοι
387 2897 416 2961 οἱ
431 2899 555 2983 ἄμωμοι
570 2898 603 2962 ἐν
623 2896 696 2982 ὁδῷ,
713 2897 742 2961 αἱ
757 2897 961 2983 πορευόμενοι
982 2898 1017 2962 ὲν
1061 2903 1266 2962 statuamus:
1282 2898 1379 2962 Beati
1400 2897 1602 2962 immaculati
1617 2897 1655 2960 ιἰι
1669 2897 1734 2975 cio,
1753 2895 1811 2977 qui

267 3000 352 3087 νόμῳ
364 2999 492 3086 Κυρίου.
500 3000 565 3066 Καί
574 3004 670 3079 οὕτως
682 3000 854 3088 ἀρχώμεθα
865 2999 1013 3085 δευτέρου
1061 3003 1227 3068 ambulant
1241 3004 1278 3066 ιἰι
1293 3002 1360 3084 ίιρτ
1371 3002 1513 3081 Domini,
1526 3005 1560 3064 et
1571 3003 1620 3065 sic
1635 3000 1809 3064 ordiamur

267 3116 324 3171 τοῦ
346 3106 428 3193 ἑξῆς.
443 3105 562 3172 Ἰστέον
580 3105 681 3174 τοίνυν
697 3108 744 3171 ὅτι
759 3107 787 3170 οἱ
799 3104 969 3194 Ἓλληνες,
986 3103 1016 3170 οἱ
1062 3125 1083 3170 a
1104 3105 1251 3170 secundo
1275 3107 1442 3187 deinceps.
1460 3107 1600 3169 lnterim
1622 3105 1825 3183 sciendum,

311 3322 502 3383 Aueuosros
516 3319 592 3382 ιἰιυ.
606 3320 637 3382 2.
650 3320 757 3393 Quam
768 3317 910 3401 pulcher
921 3316 1014 3382 ordol
1062 3318 1146 3400 quit,
1161 3317 1203 3381 ad
1218 3316 1367 3380 fructum
1390 3319 1479 3396 vitae,
1495 3320 1529 3380 et
1550 3316 1600 3380 sic
1615 3315 1807 3379 illuminate

267 3425 370 3488 quam
391 3409 513 3489 ,plenus
539 3409 700 3473 doctriua:
723 3412 757 3471 et
778 3409 914 3486 gratiael
943 3409 1016 3470 Non
1061 3409 1177 3470 lumen
1192 3407 1460 3484 cognitionis...»
1486 3405 1549 3468 Sed
1572 3405 1649 3485 quis
1672 3408 1724 3467 est
1745 3403 1825 3466 im··

266 3498 437 3579 priusque·
458 3501 647 3564 scrutantur
666 3496 752 3558 dixit
775 3495 901 3579 (potuit
923 3497 1015 3559 enim
1062 3495 1273 3559 maculatus?
1292 3497 1365 3572 Non
1381 3497 1500 3575 utique
1514 3495 1573 3574 qui
1590 3495 1625 3556 iu
1649 3509 1819 3574 quacum.

266 3587 446 3649 convenire
461 3586 647 3650 secundum
663 3583 834 3668 litteram),
845 3584 904 3648 sed
920 3585 1016 3666 prius
1064 3602 1130 3666 que
1146 3585 1203 3647 via
1218 3583 1380 3662 ambulat,
1395 3583 1453 3646 sed
1469 3583 1528 3663 qui
1544 3582 1724 3644 inchristo
1740 3598 1809 3643 am·

267 3673 351 3739 beati
372 3675 575 3741 ιἰαιιιιιοιιίοίί
589 3675 627 3738 ia
647 3676 712 3738 cio.
729 3675 815 3737 Ante
832 3675 922 3736 enim
945 3674 1017 3734 vita
1061 3673 1167 3736 bulat.
1184 3675 1258 3754 lpse
1270 3674 1361 3735 enim
1377 3673 1479 3736 dixit:
1491 3693 1507 3730 ι
1520 3671 1594 3749 Ego
1610 3687 1685 3734 sum
1697 3671 1806 3732 via...»

267 3781 369 3845 quam
386 3759 538 3827 doctrina
553 3763 735 3845 quarende
755 3767 815 3825 est.
831 3763 909 3825 Vita
925 3763 1016 3825 enim
1061 3764 1135 3824 Non
1170 3763 1316 3827 declinet
1342 3763 1377 3824 in
1404 3761 1575 3824 dexteram
1599 3763 1659 3822 aut
1685 3760 1807 3836 levam,

267 3851 355 3916 bona
371 3853 473 3915 etiam
489 3855 563 3917 sine
575 3853 728 3916 doctrina
740 3851 843 3913 habet
857 3852 1016 3929 gratiam,
1062 3867 1129 3914 non
1145 3852 1278 3928 titubet,
1302 3867 1370 3914 uon
1394 3850 1538 3926 resistat,
1559 3865 1623 3911 ucn
1644 3850 1808 3928 expectet,

268 3941 420 4004 doctrina
435 3943 508 4005 sine
524 3943 596 4005 vita
619 3941 852 4020 integritatem
869 3957 936 4002 non
958 3938 1017 4001 ha
1041 3945 1043 3952 ‘
1061 3938 1120 4003 sed
1136 3940 1287 4003 ambulet
1302 3940 1476 4020 superiora
1493 3936 1706 4014 obliviscens,
1723 3941 1756 3998 et
1770 3952 1812 3997 ea

268 4029 357 4094 bet...
380 4029 526 4110 Ideoque
549 4031 598 4093 ait
612 4031 793 4111 scriptum:
820 4029 1016 4092 «seminate
1062 4046 1139 4109 quae
1154 4032 1234 4092 suut
1255 4030 1425 4090 anteriora
1448 4030 1625 4106 appetens:
1642 4025 1685 4086 ad
1709 4024 1810 4087 desti·

266 4123 329 4183 etc.
344 4121 417 4182 Non
441 4120 536 4199 prius
561 4119 827 4196 «illuminate»
852 4117 912 4180 sed
937 4132 1017 4180 «ee-
1063 4122 1181 4180 natum
1197 4115 1536 4198 sequaturbravium,
1553 4113 1689 4177 festinet
1701 4127 1821 4193 usque,

267 4208 434 4286 minate,›>
452 4224 514 4270 nec
529 4209 639 4271 solum
658 4207 849 4269 «seminate
864 4206 959 4286 prius
974 4202 1017 4267 ad
1063 4203 1234 4269 adfinem.
1447 4200 1450 4209 '

262 4295 477 4376 justitiam»,
502 4295 560 4359 sed
578 4297 681 4359 ctiam
704 4293 951 4374 «vindemiate,
967 4296 1018 4357 in·

266 4483 328 4540 rior
338 4483 459 4541 refricat
471 4483 645 4540 ventilatam
663 4481 751 4539 hodie
770 4483 962 4556 quaestionem
980 4479 1017 4537 de
1060 4489 1277 4559 pentametrum
1288 4481 1439 4554 finiatur,
1453 4481 1561 4537 Hercle
1575 4483 1699 4554 praestet
1714 4477 1812 4550 ipsum

266 4571 369 4648 metris
380 4569 535 4626 hebraicis.
554 4570 630 4626 Eum
641 4588 712 4627 vero
731 4589 818 4644 quem
835 4569 968 4643 respexit
979 4569 1018 4626 Ο·
1061 4569 1163 4625 audire
1175 4568 1334 4625 Hebraeum
1342 4569 1568 4640 Archaeolognm
1578 4567 1609 4622 in
1619 4565 1707 4620 Arch.
1717 4564 1768 4621 lib.
1779 4581 1811 4621 11.

266 4656 384 4729 rigenes
402 4657 624 4728 innominatum,
642 4655 965 4730 pseudo-Hieronymus
985 4655 1017 4712 in
1061 4673 1086 4710 c.
1100 4657 1142 4726 16,
1155 4674 1183 4712 n.
1195 4657 1221 4727 4,
1234 4654 1271 4712 de
1283 4655 1404 4712 Oantico
1417 4655 1527 4710 Exodi:
1546 4657 1599 4708 Καί
1615 4657 1728 4722 Μωυσῆς
1740 4653 1826 4722 ᾠδὴν

267 4743 389 4800 exordio
399 4743 533 4816 ejusdem
544 4745 650 4817 psalmi
661 4744 747 4800 nobis
760 4743 887 4815 detegit:
907 4743 1018 4800 “Joee-
1061 4743 1099 4810 τίς
1111 4745 1156 4796 τὸν
1170 4745 1236 4799 Θτὸν
1248 4748 1379 4813 ἑγτιιίιμιὸν
1390 4762 1421 4799 τι
1430 4749 1477 4798 τιαῑ
1494 4745 1627 4811 εὐμενείας
1644 4744 1810 4809 εὐχαριστίαν

266 4829 343 4903 phua
361 4836 459 4886 eutem
470 4829 562 4887 refert
579 4830 611 4886 in
627 4830 711 4886 libris
729 4833 922 4899 ἀρχαιολογίας
939 4829 1018 4884 hunc
1061 4831 1233 4898 τιιριὲχουοαν
1245 4832 1274 4885 ἑν
1284 4833 1418 4900 ἑξαμίτριμ
1428 4834 1496 4898 adep
1509 4832 1661 4896 συντίθησιν.
1675 4827 1751 4882 Tum
1760 4825 1812 4882 lib.

267 4917 413 4989 psalmum
425 4923 456 4972 et
467 4916 690 4974 Deuteronomii
700 4915 846 4972 canticum
855 4933 913 4972 uno
922 4921 1017 4972 metro
1063 4931 1116 4986 vn,
1132 4932 1156 4970 ο.
1175 4916 1217 4984 ta,
1236 4913 1272 4970 de
1290 4914 1412 4988 psalmis
1429 4913 1595 4972 Devidicis:
1611 4916 1691 4986 ’ῼίίις
1709 4919 1747 4981 τίς
1762 4915 1810 4967 τὸν

268 5018 334 5058 esse
346 5003 548 5078 compositum,
563 5009 594 5060 et
608 5008 695 5076 putat
713 5002 875 5075 elegiacum
890 5008 1019 5058 metr-um
1062 5004 1129 5057 Θιὸν
1142 5007 1189 5056 :ecl
1206 5005 1301 5071 ίμνους
1318 5005 1485 5068 menatem,
1504 5005 1590 5070 μίτρα
1608 5003 1729 5069 ποικίλῳ,
1747 5003 1810 5066 τοὺς

268 5088 300 5143 in
311 5095 436 5162 utroque
447 5106 535 5163 posse
544 5088 733 5164 deprehendi,
742 5087 855 5145 scilicet
863 5089 944 5162 prior
953 5106 1019 5147 ver·
1062 5093 1108 5160 μὲν
1119 5093 1279 5159 τριμὲτρους,
1290 5092 1352 5156 τοὺς
1364 5091 1393 5143 er
1405 5091 1598 5156 τιινταμὲτρους
1607 5090 1738 5156 ἑπσίῆσιν.
1748 5084 1810 5144 He·

269 5191 384 5232 sussex
397 5175 521 5250 pedibus
530 5181 654 5247 constet,
668 5175 792 5233 inferior
806 5193 865 5232 nno
880 5176 977 5232 minus
986 5177 1018 5232 in
1063 5193 1142 5237 verc-
1154 5180 1176 5232 t.
1190 5193 1211 5236 ι.
1223 5193 1252 5249 p,
1266 5175 1326 5244 151,
1338 5175 1401 5230 401.
1413 5171 1487 5230 Edd.
1500 5176 1596 5242 μίτρου
1603 5174 1737 5228 ποικίλου.
