4020 6098
810 468 853 532 IN
877 469 1062 532 PSALMOS

790 710 960 790 Psalmos
984 710 1124 794 XCV„

225 927 258 975 v.
273 910 301 974 1.
312 907 432 997 Ἰᾼσατε
446 915 490 993 τῷ
504 905 610 992 Κυρίῳ
622 905 710 992 ᾄσμα
721 903 838 971 καινάν.
860 910 928 974 Vct.
1018 924 1050 970 ν.
1069 908 1097 970 1.
1117 905 1248 972 ocante
1262 907 1398 972 Domino
1419 908 1579 974 οαιιύὶαιωι
1593 923 1719 972 mom.

182 1013 257 1097 θθί,
272 1012 304 1077 2.

225 1117 300 1196 Τοῖς
315 1114 501 1193 ἀποστόλοις
516 1117 551 1181 τὸ
567 1114 700 1202 Πνεῦμα
718 1113 931 1200 παρακελεύε-
1017 1114 1185 1194 Apostolis
1207 1099 1361 1196 praecipit
1382 1115 1528 1196 Spiritus
1550 1116 1721 1180 canticum

181 1243 235 1286 ται
248 1223 284 1286 τὸ
299 1223 407 1287 καινὸν
423 1220 521 1307 άσμα,
544 1218 683 1287 τουτέστι
698 1221 758 1306 τὴν
779 1218 850 1286 νέσν
866 1219 931 1284 δια·
974 1234 1111 1298 novum,
1138 1217 1243 1281 idest
1265 1235 1391 1281 novum
1417 1218 1527 1283 ioedus
1554 1220 1724 1301 explicare

181 1323 286 1410 θήκην
307 1323 486 1411 ἐξηγεῖσθαι
506 1334 571 1403 τοῖς
593 1324 656 1389 ἀνά
677 1333 783 1390 πᾶσαν
805 1325 864 1410 την
885 1324 929 1388 οἰ·
974 1321 1131 1385 omnibus
1157 1339 1218 1403 per
1244 1323 1439 1386 universnm
1461 1328 1588 1388 terram
1614 1325 1726 1403 genti·

182 1426 341 1515 κουμένην
356 1429 485 1495 ἐθνεσιν.
667 1438 670 1444 “
975 1426 1050 1489 bus.
1770 1425 1772 1428 ’

227 1551 259 1597 ν.
269 1534 300 1597 θ.
310 1531 500 1617 Σαλευθήτω
512 1532 576 1597 ἀπὸ
585 1531 754 1618 προσώπου
763 1531 859 1596 αὐτοῦ
871 1537 931 1596 τά·
1019 1548 1051 1593 ν.
1069 1532 1098 1593 9.
1119 1530 1355 1596 conuocato
1376 1527 1505 1611 ajacis
1526 1530 1598 1611 ejus
1619 1531 1724 1598 omnio

183 1656 228 1700 σα
241 1633 263 1719 ἡ
278 1645 332 1722 γῆ.
977 1639 1076 1701 terro.

227 1738 403 1806 Σαλεύεται
424 1740 513 1826 ψυχὴ
537 1739 601 1804 ἀπὸ
622 1737 768 1825 γνύσειος
790 1738 873 1806 Θεοῦ
888 1740 932 1815 είς
1021 1739 1395 1820 commutaremus,
1408 1739 1722 1822 quaeacognitione

183 1841 337 1909 πολύθεον
362 1843 487 1930 πλάνην
514 1843 718 1910 ἐκπίπτουσα.
742 1882 783 1893 -
806 1840 933 1928 Ἐθεμε·
977 1847 1038 1924 Dei
1054 1845 1180 1910 excidit
1202 1847 1238 1908 in
1253 1845 1478 1926 plurimorum
1500 1848 1648 1909 Deorum
1664 1843 1724 1908 fal·

183 1944 278 2010 λίυσε
292 1947 355 2032 γάρ
377 1947 428 2012 ἐπὶ
442 1949 502 2033 τὴν
523 1947 641 2032 πέτραν
663 1950 723 2034 τὴν
744 1943 931 2031 ἐκκλησίαν,
976 1951 1107 2014 luciam.
1133 1983 1171 1996 —
1196 1950 1332 2013 Etenim
1358 1948 1515 2014 fundavit
1538 1966 1642 2030 snper
1666 1948 1723 2014 fir-

181 2052 238 2116 κἀί
251 2051 348 2116 πύλαι
362 2051 440 2136 άδου
456 2052 493 2116 ού
508 2051 731 2138 κατισχύρυσιν
747 2051 856 2135 αὐτῆς.
974 2070 1065 2116 mam
1081 2059 1210 2134 petram
1223 2054 1420 2134 Ecclesiam,
1439 2057 1496 2117 «ct
1507 2058 1611 2135 porta
1622 2052 1724 2117 inseri

974 2173 1042 2220 non
1058 2156 1292 2238 praevslebunt
1305 2156 1468 2221 adversus
1482 2174 1570 2222 eam.
1584 2177 1602 2218 υ

227 2281 259 2326 ν.
279 2263 398 2342 10,11.
418 2257 530 2346 Κρινεῖ
541 2260 638 2338 λαούς
653 2261 687 2326 ἐν
702 2258 854 2344 εὐθύτητι.
870 2258 932 2326 Εύ-
1017 2280 1049 2324 v.
1069 2263 1119 2342 lo,
1145 2263 1195 2325 ll.
1215 2261 1382 2328 Ιιιάίιαύίί
1400 2261 1539 2344 populos
1559 2263 1598 2326 ιἰι
1622 2279 1726 2329 ταινι-

183 2364 673 2452 ρραινέσθωσανοίούρανοίκαὶ
689 2363 930 2450 ἀγαλλιάσθυιὴ
973 2365 1085 2430 ctum.
1108 2367 1271 2430 Moatra
1300 2365 1382 2445 οαίί,
1407 2369 1440 2431 et
1467 2367 1589 2431 εανιίίσί
1613 2371 1725 2448 terra,-

181 2479 240 2558 γη·
263 2467 446 2554 σαλευθήτω
464 2467 485 2554 ἡ
510 2469 663 2536 θάλασσα
684 2470 790 2534 καὶτὸ
805 2465 931 2554 πλὴρυι-
975 2477 1206 2537 commoratur
1220 2487 1319 2551 more,
1337 2474 1370 2535 et
1376 2469 1546 2553 plenitudo
1560 2472 1642 2553 ejua

182 2594 228 2660 να
242 2574 351 2659 einr·
1235 2607 1238 2612 ·

225 2675 511 2763 Εὐρραινάσθωσαν
532 2676 561 2743 σί
584 2678 719 2763 οὐρανοί,
735 2674 877 2743 τουτέστι
900 2676 930 2743 οἱ
1015 2681 1180 2744 Lanatam
1193 2678 1274 2758 ooli,
1293 2683 1376 2761 puta
1393 2678 1584 2742 habitantes
1605 2679 1641 2744 in
1657 2697 1722 2742 οω-

179 2791 400 2859 κατοικοῦντες
422 2781 537 2859 ἐντοῖς
559 2783 714 2866 ούρανοῐς·
729 2781 781 2848 ἐπὶ
803 2781 866 2865 γάρ
889 2791 929 2867 τῇ
972 2784 1032 2848 lis:
1056 2802 1136 2847 nam
1162 2785 1199 2847 in
1224 2784 1431 2848 correctione
1453 2782 1544 2847 orbis
1566 2783 1719 2846 coelestes

178 2884 372 2970 κατορθώσει
386 2895 443 2972 της
454 2883 650 2971 οἰκουμένης,
664 2885 696 2949 αἱ
718 2884 860 2969 οὐράνιαι
878 2884 930 2950 δυ·
973 2892 1157 2978 potestates
1173 2886 1345 2951 dicebant:
1365 2889 1512 2952 «Gloria
1528 2889 1564 2952 in
1580 2889 1723 2952 excelsis

179 2987 286 3076 νάμεις
300 2988 425 3077 ἐλεγον·
447 2989 531 3069 Δόξα
545 2990 579 3056 ἐν
601 2986 742 3074 ὑψίστοις
764 2988 847 3075 Θεῷ.
863 2988 928 3057 Θά-
974 2995 1088 3056 Deo.»
1114 2995 1208 3057 Mare
1234 2993 1270 3056 in
1292 2991 1386 3057 hisce
1408 2993 1521 3057 verbis
1550 2991 1724 3071 significat

179 3092 285 3158 λασσα
299 3093 335 3159 ἐν
355 3092 476 3171 τούτοις
498 3102 560 3159 τῦν
582 3092 677 3158 ἐθνῶν
700 3091 847 3178 σημαίνει
868 3095 927 3179 τὴν
975 3098 1231 3163 multitudinem
1270 3098 1438 3178 gentium,
1472 3114 1548 3178 quae
1585 3095 1723 3179 quidem

179 3197 311 3282 πληθὺν,
328 3198 397 3283 ητις
411 3199 466 3262 καί
482 3197 663 3278 ἐσαλεύετο,
678 3195 821 3262 τουτέστι
836 3198 879 3276 εἰς
894 3199 930 3262 τὸ
976 3201 1260 3281 commovebatur,
1276 3219 1336 3264 sen
1361 3202 1396 3264 in
1414 3200 1619 3283 excipienda
1641 3217 1725 3283 μεω-

180 3302 389 3382 ύπσδέξασθαι
403 3305 440 3368 τὸ
455 3301 613 3389 κήρυγμα,
626 3301 823 3368 σεσάλευται
840 3299 878 3367 ‘0
894 3302 930 3367 δὲ
975 3305 1145 3369 dicatione
1157 3323 1321 3369 concussa
1333 3305 1408 3368 fuit.
1417 3308 1461 3368 At
1472 3304 1679 3368 Theodotion
1691 3310 1726 3370 et

181 3405 356 3474 Θεοδοτίιυν
371 3409 427 3472 καί
442 3407 459 3472 δ
475 3405 648 3492 Σύμμαχος
663 3407 779 3482 οὕτως·
794 3403 931 3491 Ἠχήσει
975 3409 1199 3492 Symmachus
1213 3411 1263 3474 sic
1286 3411 1568 3491 interpretantur:
1584 3413 1724 3476 Ιάωονια·

178 3509 369 3596 ἡθάλασσα
379 3509 753 3596 συμπληρύματιαύτης·
770 3512 927 3596 άπαςγύιρ
973 3515 1021 3578 bit
1041 3529 1131 3578 νιιῦνα
1156 3513 1420 3594 inpleturum
1444 3513 1525 3594 αρ’τιε.
1558 3515 1725 3578 Universa

178 3624 240 3682 τῦν
262 3613 433 3699 ἀνθρώπων
449 3615 466 3679 δ
482 3613 546 3702 βίος
566 3614 656 3700 triv
678 3613 856 3681 θαλαττίαν
880 3637 929 3701 μι-
975 3619 1067 3681 enim
1078 3617 1255 3680 hominum
1270 3617 1352 3695 vita,
1365 3633 1440 3697 quae
1455 3617 1637 3696 procellam
1653 3634 1722 3680 ma-

180 3721 332 3807 μούμενος
346 3719 460 3805 ζάλην,
476 3729 537 3784 τῦν
548 3718 644 3786 θείων
656 3719 868 3804 κηρυγμάτων
880 3719 929 3786 δέ·
977 3723 1024 3786 ris
1040 3723 1203 3800 imitatur,
1224 3721 1368 3800 accipiet
1386 3719 1580 3783 divinorum
1602 3737 1726 3801 praeco-

179 3823 265 3904 ξεται
278 3825 337 3910 τὴν
351 3821 453 3909 ηχην·
468 3821 616 3908 προλέγει
630 3823 667 3888 δέ
681 3825 736 3887 καὶ
750 3824 807 3902 τάς
818 3844 927 3910 γεγεν·
974 3829 1114 3891 niorum
1129 3828 1290 3890 sonitum.
1307 3824 1464 3888 Praedioit
1477 3828 1592 3915 eutem
1608 3826 1726 3906 quales

179 3926 317 4014 νημένας
338 3935 400 3992 τῦν
422 3923 561 3992 ἀπίστων
586 3924 815 4002 ἐπαναστάσεις
841 3929 927 3992 κατά
978 3930 1163 3996 acciderint
1177 3929 1367 3993 infidelium
1382 3931 1551 3993 tumultus
1562 3928 1724 3994 adversus

181 4041 242 4097 τῦν
253 4031 401 4116 κηρύκων
411 4038 469 4116 της
480 4027 691 4114 άληθείας,ύς
702 4030 757 4094 καὶ
769 4028 802 4094 ἐν
815 4027 933 4115 ίτέροις
978 4037 1131 4100 veritatis
1143 4051 1323 4117 praecones,
1335 4035 1424 4100 sicut
1438 4035 1477 4097 in
1492 4035 1622 4099 caeteris
1636 4037 1726 4120 psal·

180 4136 318 4223 ψαλμοῖς
332 4133 551 4220 ἀπεδείξαμεν.
815 4187 819 4194 .
977 4139 1043 4205 mis
1057 4137 1374 4204 demonstravimus.

223 4260 256 4304 ν.
274 4241 325 4305 12.
340 4237 518 4323 Χαρίσεται
531 4239 572 4303 τά
586 4236 680 4302 πεδία
695 4239 750 4302 καί
765 4235 869 4304 πάντα
887 4239 929 4304 τά
1020 4264 1052 4308 ν.
1070 4245 1121 4309 12.
1148 4241 1335 4310 (inridebunt
1349 4243 1463 4323 compi,
1482 4245 1514 4308 et
1534 4243 1641 4308 mucio
1655 4258 1724 4324 que

180 4342 215 4409 ἐν
229 4344 345 4426 αὐτοῖς,
361 4341 432 4408 τότε
448 4340 696 4428 ἀγαλλιάσονται
709 4342 814 4408 πάντα
826 4343 867 4406 τά
879 4341 929 4421 ξύ·
974 4348 1014 4412 io
1034 4349 1082 4414 etr
1102 4350 1190 4427 σιωιί,
1216 4351 1285 4412 itm
1307 4345 1724 4430 sacramentorumque

182 4446 224 4513 λα
238 4457 294 4513 τοῦ
309 4447 440 4533 δρυμοῦ.
930 4517 934 4526 ,
972 4454 1079 4536 sylem

224 4549 419 4637 Χαρίσεσθαι
439 4549 476 4616 δὲ
497 4551 538 4615 τά
562 4547 656 4616 πεδία
674 4548 761 4636 λέγει
781 4552 835 4615 τὸν
851 4550 929 4637 δμα-
1018 4557 1174 4622 Gaudere
1190 4571 1325 4636 campos
1341 4555 1398 4635 ait,
1410 4571 1472 4618 seu
1486 4554 1593 4618 vitam
1610 4554 1645 4617 in
1657 4553 1725 4617 vir-

180 4659 236 4725 λὸν
250 4658 286 4724 ἐν
306 4657 404 4742 ἀρετῇ
428 4655 510 4743 βίον·
531 4654 625 4720 πεδία
640 4655 675 4720 δέ
697 4653 793 4742 λέγει,
809 4657 852 4721 ύν
874 4656 930 4721 καί
973 4667 1046 4726 tute
1064 4665 1242 4743 aquatam.
1266 4661 1407 4740 Campos
1429 4662 1544 4722 autem
1567 4656 1659 4737 dicit,
1682 4657 1725 4723 dc

180 4761 314 4840 Ἡσαΐας
328 4761 437 4837 ἐντοῖς
453 4758 540 4838 ἰδίοις
554 4757 659 4844 λύγοις
676 4759 764 4844 άλλιμ
779 4759 929 4847 μίμνηται
973 4767 1098 4848 quibus
1120 4765 1226 4828 isaias
1241 4764 1277 4826 in
1294 4763 1365 4827 suis
1381 4763 1523 4826 canticis
1544 4763 1611 4826 alio
1626 4762 1726 4825 remi·

182 4863 296 4950 τρύπιρ,
312 4861 571 4950 ἀναπληροῦσθαι
583 4863 639 4948 μὲν
649 4862 788 4930 κελεύων
798 4865 855 4943 τάς
870 4864 930 4951 τρά-
972 4865 1232 4948 ιιὶεοὶιυτιιιούυ,
1237 4865 1362 4947 jubens
1370 4867 1504 4948 impleri
1516 4867 1633 4950 valles,
1644 4866 1725 4931 sub-

215 5044 265 5100 Ps.
279 5059 350 5104 xcv.
363 5061 391 5100 v.
405 5043 429 5098 1.
442 5042 510 5101 θεά
523 5043 548 5114 ύ,
562 5044 604 5100 16.
1008 5062 1037 5103 v.
1050 5045 1093 5101 11.
1103 5044 1170 5103 Vnt.
1184 5041 1726 5118 lali,16.Luc.11,1tFic1d.u,255.

217 5147 245 5188 v.
259 5131 285 5185 9.
297 5129 364 5188 Vct.
378 5131 404 5199 5,
417 5129 460 5186 12.
472 5129 578 5188 Matth.
591 5135 681 5262 ff,
695 5131 737 5188 18.
1010 5128 1412 5200 v.1u.1id.codd.ls.xr,a.
