3966 6108
827 448 870 510 IN
893 449 1079 514 Psntuos

777 735 949 814 Paolmua
973 734 1111 816 XCII.

214 1017 247 1064 v.
266 1000 295 1063 1.
310 995 407 1076 Αἶνος
422 996 506 1084 ῷδής
520 1003 563 1082 τῷ
578 994 685 1062 Δαυίδ.
703 1001 771 1066 Vol.
788 1003 861 1081 684,
878 1003 909 1064 2.
1011 1019 1043 1064 v.
1062 1002 1090 1064 1.
1107 1003 1197 1066 Luna
1211 1001 1331 1068 coatiai
1344 999 1477 1066 Daoidi.

212 1098 443 1187 Ἀνεπίγραφος
472 1100 549 1185 παρ’
575 1099 742 1186 Ἑδραιοις,
773 1105 832 1190 τήν
858 1111 921 1170 τῷν
1010 1104 1089 1169 sine
1101 1105 1203 1168 titulo
1215 1105 1305 1186 apud
1317 1105 1486 1184 Hebraeos,
1498 1106 1649 1186 psalmus
1659 1123 1717 1168 va-

169 1204 339 1292 ἀνθρώπων
352 1204 695 1292 μετσὸολήνὸψσλμὸς
706 1206 918 1291 προθεσπίζει·
963 1207 1127 1272 tioinatur
1154 1207 1331 1273 hominum
1361 1211 1595 1274 mutationem.
1624 1210 1716 1274 Deua

168 1308 282 1386 eaeor
296 1311 358 1395 γὰρ
382 1310 537 1394 ἄτρεπτος
551 1311 607 1374 καὶ
627 1309 842 1390 ἀναλλοίωτος
858 1312 917 1396 ἀεὶ,
963 1311 1056 1374 enim
1071 1312 1295 1378 immutabilis
1317 1318 1370 1378 est
1382 1330 1525 1404 semper,
1545 1314 1580 1376 in
1607 1315 1715 1377 alium

166 1410 315 1486 ὡσαύτως
337 1414 499 1478 καὶκατὰ
520 1415 557 1479 τὸ
579 1415 656 1478 αὐτὸ
678 1415 780 1501 ἔχων·
802 1417 917 1501 οὐγὰρ
962 1418 1113 1480 converti
1129 1417 1403 1498 nesoiua,utpote
1426 1433 1463 1480 se
1479 1416 1596 1482 eodem
1618 1419 1717 1483 modo

165 1517 292 1602 anapia
316 1515 483 1602 βασιλεύει,
499 1527 553 1583 νῦν
576 1517 611 1582 δὲ
627 1517 789 1604 βασιλείαν
811 1521 871 1585 oia
886 1522 918 1586 ἔ·
961 1519 1099 1585 habene.
1116 1520 1215 1586 Haud
1238 1522 1330 1585 enim
1344 1521 1443 1584 modo
1467 1527 1599 1601 regnat,
1614 1521 1715 1586 modo

164 1641 234 1707 χει·
250 1619 335 1686 ἀλλὰ
349 1621 442 1706 φύσει
456 1619 513 1708 μέν
536 1620 603 1686 ἐστι
618 1620 777 1708 βασιλεὺς,
794 1625 852 1690 οὐκ
867 1624 917 1690 ἀεὶ
961 1641 1068 1704 regno
1090 1609 1263 1708 privatum
1289 1626 1348 1690 aed
1364 1629 1487 1690 natura
1513 1631 1649 1709 renent,
1677 1628 1715 1693 id

165 1726 200 1791 δὲ
215 1725 311 1812 δῆλον
333 1736 427 1792 τοῦτο
449 1734 514 1804 τοῖς
530 1725 703 1812 ἀνθρώποις
726 1727 915 1814 γεγένηται·
959 1730 1040 1794 lieet
1055 1747 1123 1794 non
1138 1747 1273 1812 semper
1287 1729 1482 1796 hominibus
1498 1729 1559 1794 fiat
1574 1731 1716 1795 manife-

164 1831 216 1896 ἐπὶ
229 1830 378 1896 πλεῖστον
391 1832 453 1916 γὰρ
468 1831 594 1917 χρόνον,
618 1829 648 1896 οἱ
669 1831 797 1909 πλείους
820 1833 916 1898 αὐτὸν
959 1837 1061 1897 atum.
1093 1835 1220 1898 Potiori
1249 1835 1341 1898 enim
1370 1839 1531 1916 tempore,
1558 1836 1713 1917 plerique

164 1932 389 2020 ἀγνοήσαντες,
405 1936 464 2020 τήν
478 1943 523 2022 τῷ
538 1933 609 2021 Θεῷ
625 1934 851 2021 προσήκουσαν
860 1935 917 2004 da·
960 1953 1039 2001 eum
1051 1937 1260 2019 ignorantes,
1276 1939 1408 2002 cultum
1419 1939 1490 2002 Deo
1502 1939 1656 2004 debitum
1667 1939 1715 2004 si-

136 2039 139 2046 '
164 2041 298 2124 ραπείαν
321 2047 387 2118 τοῖς
409 2037 548 2116 εἰδώλοις
571 2037 812 2125 προσήνεγκαν·
836 2042 917 2127 μετὰ
959 2042 1121 2106 mulnario
1137 2041 1344 2121 obtulerunt,
1360 2042 1419 2106 sed
1433 2045 1511 2124 post
1521 2047 1713 2124 susceptam

164 2144 200 2210 δὲ
214 2147 273 2232 τήν
295 2154 351 2210 τοῦ
374 2143 456 2211 Θεοῦ
472 2145 526 2210 τισὶ
549 2152 692 2229 σωτήρος
713 2142 803 2230 ήμῷν
826 2144 915 2212 ἐντιν-
959 2147 1064 2208 aDeo
1081 2149 1115 2210 et
1126 2146 1302 2210 'Salvatore
1318 2149 1432 2210 nostro
1453 2145 1711 2226 humanitatem,

164 2246 334 2333 θρὼπηοιν,
354 2249 446 2332 δίκην
462 2248 573 2333 φοιτὰς,
590 2247 634 2325 εἰς
656 2248 786 2314 ἅπασαν
800 2249 858 2335 τήν
872 2249 916 2314 οἰ·
960 2249 1050 2312 sieut
1067 2250 1139 2328 lux,
1155 2250 1355 2314 universum
1378 2249 1494 2314 orbem
1509 2250 1571 2314 Dei
1586 2251 1713 2314 revela·

165 2349 746 2438 ιιοιιμένήνήθεογνιισίοιδιίδροιμιν.
961 2353 1009 2416 tio
1024 2353 1232 2434 peragravit.
1747 2397 1749 2400 .

208 2454 275 2522 Καὶ
297 2455 364 2542 μετ’
379 2455 482 2541 ὀλίγα.
506 2452 637 2542 Ἐπειδή
660 2457 723 2543 γὰρ
745 2455 782 2520 τὸ
805 2453 915 2534 πάθος.
1004 2459 1050 2522 at
1062 2461 1140 2539 post
1154 2474 1273 2540 paeana.
1293 2458 1344 2540 Os.
1360 2457 1418 2524 ool.
1437 2458 1521 2522 1185
1537 2459 1568 2524 B
1582 2457 1649 2524 edd.

196 2677 247 2733 Pa.
259 2675 461 2738 xomlixVat
473 2675 516 2732 11.
528 2675 618 2732 ndito
630 2674 758 2733 Eusebio
768 2674 855 2734 ,deest
867 2691 915 2731 ar·
957 2675 1074 2748 vulgati
1082 2676 1285 2734 oommentnrii
1295 2676 1408 2733 atholia
1416 2675 1535 2748 transit,
1545 2676 1598 2734 ead
1608 2681 1640 2733 et
1648 2677 1712 2750 plu·

161 2770 333 2835 gementum
354 2768 496 2835 nostrum,
520 2760 600 2836 qnod
618 2763 721 2820 statim
737 2763 777 2819 ad
800 2762 915 2820 sineere
958 2780 993 2820 ra
1004 2761 1200 2837 inopportune
1213 2763 1323 2820 omissa
1333 2767 1471 2820 testatur.

757 3015 930 3094 Paolmua
953 3009 1103 3094 XOTV.

209 3301 241 3346 v.
260 3282 289 3346 1.
305 3278 400 3360 Αἶνος
416 3281 500 3368 ἰμδής
519 3289 563 3368 τῷ
578 3280 685 3346 neum.
707 3285 775 3348 Vat.
792 3283 866 3362 685,
882 3283 913 3346 2.
1003 3299 1036 3343 ν.
1055 3281 1084 3343 l.
1099 3281 1323 3346 laureantia
1338 3281 1468 3346 Dooidi.

208 3382 313 3466 Αἶνος,
329 3383 376 3449 ὅτι
391 3385 473 3450 αἰνεῖ
486 3387 541 3450 τὸν
556 3382 657 3453 Θεόν·
679 3385 757 3471 ῷδή,
772 3385 820 3448 ὅτι
835 3385 915 3469 μετὰ
1002 3385 1101 3465 Laus,
1132 3386 1215 3466 quia
1237 3387 1346 3450 Deum
1369 3386 1502 3467 laudat;
1525 3388 1707 3468 cautinum,

163 3483 285 3570 μέλους.
300 3485 337 3553 ‘0
354 3486 458 3573 μέντοι
479 3486 605 3574 deripit
620 3490 693 3567 τοὺς
717 3489 774 3574 μὲν
788 3487 912 3552 πιστεὺ-
958 3489 1040 3568 quia
1055 3504 1133 3550 oum
1146 3487 1301 3551 melodia.
1318 3491 1452 3553 Interea
1465 3490 1617 3570 psalmus
1631 3507 1712 3554 eon-

164 3610 281 3668 σαντας
303 3589 367 3677 ήδη
392 3600 435 3678 τῷ
457 3590 585 3679 Χριστῷ
608 3591 765 3678 συγκαλεῖ
784 3595 862 3675 πρὸς
878 3590 912 3655 ἀ·
956 3595 1055 3654 vocat
1069 3591 1207 3672 quidem
1229 3593 1265 3655 in
1289 3594 1550 3657 exsultationem
1575 3596 1707 3677 eosqui

161 3692 343 3779 γαλλίασιν·
357 3694 468 3772 τοῐςδὲ
481 3693 575 3780 μήπω
587 3693 913 3761 πεττιστευιιόσινἸου-
952 3695 1025 3775 J’am
1051 3694 1267 3758 erediderunt
1289 3696 1438 3776 ebriam,
1465 3697 1513 3760 eis
1541 3715 1622 3761 vero
1648 3699 1709 3779 qui

162 3797 261 3876 δαίοις
276 3795 489 3885 συμδουλεύει,
502 3799 561 3878 ἕως
576 3801 685 3884 καιρὸν
697 3800 806 3885 ἔχουσι
818 3819 914 3884 μετοι-
956 3797 1108 3862 nondum
1124 3797 1350 3879 crediderunt,
1373 3799 1503 3864 Judaeis
1525 3800 1645 3864 suadet
1671 3806 1712 3864 ut

161 3903 257 3984 νοίοις,
265 3901 460 3990 ἐπιστρέψαι,
468 3906 524 3969 καὶ
535 3912 724 3990 προσπεσεῖν
735 3904 831 3990 αὐτῷ·
843 3924 913 3968 συν-
957 3903 1121 3985 quamdiu
1136 3903 1322 3986 poenitendi
1343 3909 1478 3986 tempus
1493 3904 1629 3986 habent,
1657 3924 1708 3971 re·

161 4006 266 4073 τάττει
277 4008 378 4074 δὲκαὶ
391 4008 510 4088 τούτοις
525 4008 684 4086 κάκείνοις
699 4007 812 4074 ἑαυτὸν
824 4008 841 4072 ὁ
853 4006 913 4072 Aa·
956 4012 1143 4088 vertantur,
1156 4014 1190 4071 et
1201 4008 1426 4090 procumbant
1435 4026 1548 4072 eoram
1563 4011 1631 4074 illo.
1645 4013 1710 4075 Ho-

160 4112 219 4195 υὶδ,
235 4119 300 4190 τοῖς
313 4113 368 4199 μὲν
384 4111 426 4191 ὡς
445 4114 573 4191 οἰκείοις
589 4113 652 4178 ἀπὸ
667 4120 725 4197 τῆς
740 4110 910 4192 εὐσεὸεἰας,
956 4131 1033 4177 rum
1049 4129 1129 4175 vero
1146 4118 1180 4178 et
1196 4113 1333 4177 illorum
1350 4114 1385 4177 in
1400 4115 1474 4178 loon
1489 4114 1579 4178 sistit
1594 4131 1629 4178 se
1646 4117 1711 4179 Da-

160 4223 226 4294 τοῖς
241 4214 275 4279 δὲ
290 4213 332 4293 ὡς
355 4215 442 4294 ἰδίοις
465 4217 599 4283 ἀπὸτοῦ
621 4215 741 4304 γένους.
765 4215 860 4283 Κατὰ
875 4217 911 4280 τὸ
955 4215 1023 4298 vid,
1046 4217 1198 4298 priorum
1220 4214 1358 4299 quidem
1376 4215 1454 4296 jnre
1478 4218 1624 4298 pietatis,
1647 4236 1708 4300 po-

160 4316 335 4386 ἀκόλουθον
350 4319 384 4384 δὲ
400 4320 418 4386 ὁ
433 4320 562 4405 ψάλλων
582 4323 701 4404 πρόεισι
718 4322 828 4407 μηδενὶ
850 4328 910 4386 τῶν
954 4321 1136 4385 steriorum
1152 4337 1233 4384 vero
1249 4320 1292 4384 ob
1307 4337 1486 4384 commune
1503 4338 1624 4400 genua.
1641 4322 1709 4386 Du·

160 4433 317 4507 μουσικῷν
329 4423 586 4512 σογνεχρημένος
598 4425 750 4510 ὁργάνων,
763 4423 847 4489 ἀλλὰ
858 4423 911 4489 διὰ
953 4431 1050 4490 oente
1065 4433 1180 4488 autem
1192 4426 1289 4505 serie,
1304 4425 1599 4507 psaltesprooadit,
1611 4427 1707 4490 nullo

159 4535 217 4611 τῷς
232 4525 313 4605 ἰδίοις
333 4536 439 4613 ιριινής
454 4529 507 4593 τὸν
527 4531 669 4614 εὔφημον
685 4531 772 4595 αἶνον
786 4529 839 4595 διὰ
854 4537 911 4614 τής
957 4549 1039 4595 usus
1066 4531 1196 4594 musico
1222 4530 1459 4609 instrumento,
1485 4528 1545 4593 sed
1571 4530 1707 4611 propria

159 4630 244 4717 ῷδής
266 4629 420 4711 ἀνατιθεὶς
441 4640 486 4718 τῷ
509 4631 599 4720 Θεῷ·
621 4635 699 4719 φησι
722 4634 801 4719 γάρ·
825 4635 911 4712 ιιῐνος
955 4651 1037 4698 voce
1048 4633 1199 4698 faustum
1210 4635 1321 4698 laudis
1334 4634 1500 4718 hymnum
1513 4635 1548 4698 in
1560 4635 1624 4698 hoo
1634 4653 1706 4699 oar·

192 4835 242 4892 Po.
252 4851 336 4895 xciv.
346 4835 454 4891 Totum
470 4843 677 4908 argumentum
687 4854 725 4893 ex
739 4837 911 4895 Laurentia·
955 4841 1097 4911 perpetuo
1110 4853 1257 4910 anonymo
1268 4836 1401 4894 donavit.
1413 4837 1507 4894 Immo
1519 4837 1649 4896 insolens
1662 4844 1709 4895 eat

157 4939 196 4978 no
209 4923 357 4996 recipitur,
365 4927 518 4995 totumque
531 4941 597 4979 oum
606 4922 705 4980 indole
715 4909 835 4981 Eusebii
842 4943 912 4999 qua·
956 4923 988 4979 in
1001 4921 1129 4978 Euaebio
1146 4922 1174 4977 ia
1191 4921 1297 4996 planus
1310 4927 1341 4978 et
1358 4922 1525 4978 lutulentus
1542 4940 1647 4994 sermo,
1665 4923 1709 4980 ia·

158 5007 234 5080 drat,
247 5026 342 5081 neque
359 5008 390 5065 in
409 5009 496 5065 editis
509 5008 669 5082 quidquam
679 5010 786 5067 horum
798 5029 913 5086 eompa-
958 5010 1013 5066 erle
1026 5007 1065 5064 ad
1077 5008 1259 5081 antiquiores
1270 5007 1451 5066 referendus.
1468 5009 1614 5067 Uitimum
1631 5009 1708 5066 exai-

157 5102 213 5167 ret,
225 5095 284 5152 niai
294 5095 372 5170 quod
382 5095 585 5153 Theodoretna
594 5101 710 5170 partem
722 5098 857 5170 prooemii
869 5098 914 5155 hi·
957 5095 1037 5152 diaee
1049 5095 1184 5152 foliolum
1196 5113 1234 5152 ex
1242 5095 1316 5152 meia
1329 5095 1446 5152 aohedia
1453 5096 1547 5168 doleo,
1557 5114 1624 5154 oum
1632 5097 1708 5156 hana

157 5183 297 5240 storieam
319 5182 463 5256 attigerit.
485 5182 569 5240 Idem
589 5200 660 5242 vero
678 5181 836 5242 Gorderina
860 5203 913 5244 auo
957 5183 1244 5262 grandiloqueutiam
1256 5183 1358 5241 audire
1370 5183 1555 5258 nonpigeat.
