<?xml version="1.0" encoding="UTF-8"?>
<!DOCTYPE html PUBLIC "-//W3C//DTD XHTML 1.0 Transitional//EN"
    "http://www.w3.org/TR/xhtml1/DTD/xhtml1-transitional.dtd">
<html xmlns="http://www.w3.org/1999/xhtml" xml:lang="en" lang="en">
 <head>
  <title>
</title>
<meta http-equiv="Content-Type" content="text/html;charset=utf-8" />
  <meta name='ocr-system' content='tesseract 3.04.00' />
  <meta name='ocr-capabilities' content='ocr_page ocr_carea ocr_par ocr_line ocrx_word'/>
</head>
<body>
  <div class='ocr_page' id='page_1' title='image "./lta-11000/analectasacrasp00pitrgoog/analectasacrasp00pitrgoog_0175.png"; bbox 0 0 4036 6090; ppageno 0'>
   <div class='ocr_carea' id='block_1_1' title="bbox 311 441 1190 511">
    <p class='ocr_par' dir='ltr' id='par_1_1' title="bbox 311 441 1190 511">
     <span class='ocr_line' id='line_1_1' title="bbox 311 441 1190 511; baseline -0.005 -2"><span class='ocrx_word' id='word_1_1' title='bbox 311 449 372 511; x_wconf 89' lang='grc'><strong>164</strong></span> <span class='ocrx_word' id='word_1_2' title='bbox 980 441 1190 506; x_wconf 83' lang='lat' dir='ltr'><strong>ORIGENES</strong></span> 
     </span>
    </p>
   </div>
   <div class='ocr_carea' id='block_1_2' title="bbox 230 576 1894 4937">
    <p class='ocr_par' dir='ltr' id='par_1_2' title="bbox 230 576 1856 883">
     <span class='ocr_line' id='line_1_2' title="bbox 311 576 1855 669; baseline -0.003 -20"><span class='ocrx_word' id='word_1_3' title='bbox 311 583 405 668; x_wconf 77' lang='grc' dir='ltr'><strong>κείνω</strong></span> <span class='ocrx_word' id='word_1_4' title='bbox 420 586 498 669; x_wconf 84' lang='grc' dir='ltr'><strong>πρὸς</strong></span> <span class='ocrx_word' id='word_1_5' title='bbox 513 583 549 651; x_wconf 87' lang='grc' dir='ltr'><strong>θν</strong></span> <span class='ocrx_word' id='word_1_6' title='bbox 565 583 582 648; x_wconf 86' lang='grc' dir='ltr'><strong>θ</strong></span> <span class='ocrx_word' id='word_1_7' title='bbox 597 581 705 668; x_wconf 79' lang='grc' dir='ltr'><strong>λόγος·</strong></span> <span class='ocrx_word' id='word_1_8' title='bbox 721 581 738 648; x_wconf 77' lang='grc' dir='ltr'><strong>ὁ</strong></span> <span class='ocrx_word' id='word_1_9' title='bbox 753 581 789 646; x_wconf 80' lang='grc' dir='ltr'><strong>δὲ</strong></span> <span class='ocrx_word' id='word_1_10' title='bbox 803 579 884 657; x_wconf 83' lang='grc' dir='ltr'><strong>Θεὸς</strong></span> <span class='ocrx_word' id='word_1_11' title='bbox 899 577 933 644; x_wconf 80' lang='grc' dir='ltr'><strong>ἐν</strong></span> <span class='ocrx_word' id='word_1_12' title='bbox 949 576 1057 663; x_wconf 78' lang='grc' dir='ltr'><strong>ὁράσει</strong></span> <span class='ocrx_word' id='word_1_13' title='bbox 1101 582 1242 646; x_wconf 85' lang='lat' dir='ltr'><strong>auribus</strong></span> <span class='ocrx_word' id='word_1_14' title='bbox 1258 581 1331 663; x_wconf 86' lang='lat' dir='ltr'><strong>ejne</strong></span> <span class='ocrx_word' id='word_1_15' title='bbox 1353 583 1506 664; x_wconf 85' lang='lat' dir='ltr'><strong>loquitur</strong></span> <span class='ocrx_word' id='word_1_16' title='bbox 1517 582 1561 646; x_wconf 80' lang='lat' dir='ltr'><strong>ed</strong></span> <span class='ocrx_word' id='word_1_17' title='bbox 1572 599 1672 663; x_wconf 87' lang='lat' dir='ltr'><strong>quem</strong></span> <span class='ocrx_word' id='word_1_18' title='bbox 1684 597 1794 644; x_wconf 83' lang='lat' dir='ltr'><strong>sermo</strong></span> <span class='ocrx_word' id='word_1_19' title='bbox 1805 579 1855 662; x_wconf 83' lang='lat' dir='ltr'><strong>fit3</strong></span> 
     </span>
     <span class='ocr_line' id='line_1_3' title="bbox 310 681 1853 771; baseline -0.001 -18"><span class='ocrx_word' id='word_1_20' title='bbox 310 695 377 766; x_wconf 91' lang='grc' dir='ltr'><strong>τοῖς</strong></span> <span class='ocrx_word' id='word_1_21' title='bbox 392 685 469 765; x_wconf 84' lang='grc' dir='ltr'><strong>υἱοῖς</strong></span> <span class='ocrx_word' id='word_1_22' title='bbox 482 696 548 765; x_wconf 82' lang='grc' dir='ltr'><strong>τοῖς</strong></span> <span class='ocrx_word' id='word_1_23' title='bbox 563 686 678 752; x_wconf 77' lang='grc' dir='ltr'><strong>ἑαυτοῦ</strong></span> <span class='ocrx_word' id='word_1_24' title='bbox 692 685 798 752; x_wconf 85' lang='grc' dir='ltr'><strong>λαλεῖ·</strong></span> <span class='ocrx_word' id='word_1_25' title='bbox 812 686 860 750; x_wconf 85' lang='grc' dir='ltr'><strong>διὸ</strong></span> <span class='ocrx_word' id='word_1_26' title='bbox 875 691 938 760; x_wconf 79' lang='grc' dir='ltr'><strong>πᾶς</strong></span> <span class='ocrx_word' id='word_1_27' title='bbox 952 683 969 747; x_wconf 84' lang='grc' dir='ltr'><strong>ὁ</strong></span> <span class='ocrx_word' id='word_1_28' title='bbox 981 681 1059 760; x_wconf 84' lang='grc' dir='ltr'><strong>λαὸς</strong></span> <span class='ocrx_word' id='word_1_29' title='bbox 1101 686 1160 750; x_wconf 87' lang='lat' dir='ltr'><strong>sed</strong></span> <span class='ocrx_word' id='word_1_30' title='bbox 1175 688 1266 751; x_wconf 85' lang='lat' dir='ltr'><strong>Deus</strong></span> <span class='ocrx_word' id='word_1_31' title='bbox 1288 689 1326 752; x_wconf 80' lang='lat' dir='ltr'><strong>in</strong></span> <span class='ocrx_word' id='word_1_32' title='bbox 1346 687 1470 754; x_wconf 66' lang='lat' dir='ltr'><strong>titione</strong></span> <span class='ocrx_word' id='word_1_33' title='bbox 1492 687 1638 771; x_wconf 75' lang='lat' dir='ltr'><strong>quuitur</strong></span> <span class='ocrx_word' id='word_1_34' title='bbox 1659 685 1740 751; x_wconf 85' lang='lat' dir='ltr'><strong>filiis</strong></span> <span class='ocrx_word' id='word_1_35' title='bbox 1764 688 1853 752; x_wconf 82' lang='lat' dir='ltr'><strong>suis:</strong></span> 
     </span>
     <span class='ocr_line' id='line_1_4' title="bbox 230 779 1856 883; baseline -0.002 -26"><span class='ocrx_word' id='word_1_36' title='bbox 230 871 233 883; x_wconf 20' lang='grc' dir='ltr'><strong>Α</strong></span> <span class='ocrx_word' id='word_1_37' title='bbox 314 790 400 876; x_wconf 77' lang='grc' dir='ltr'><strong>ἑώρα</strong></span> <span class='ocrx_word' id='word_1_38' title='bbox 415 792 474 877; x_wconf 86' lang='grc' dir='ltr'><strong>τήν</strong></span> <span class='ocrx_word' id='word_1_39' title='bbox 497 788 622 876; x_wconf 80' lang='grc' dir='ltr'><strong>φωνήν·</strong></span> <span class='ocrx_word' id='word_1_40' title='bbox 637 789 756 856; x_wconf 75' lang='grc' dir='ltr'>τίθεται</span> <span class='ocrx_word' id='word_1_41' title='bbox 777 790 832 855; x_wconf 83' lang='grc' dir='ltr'><strong>οὖν</strong></span> <span class='ocrx_word' id='word_1_42' title='bbox 847 788 865 854; x_wconf 85' lang='grc' dir='ltr'><strong>ὁ</strong></span> <span class='ocrx_word' id='word_1_43' title='bbox 880 786 960 865; x_wconf 83' lang='grc' dir='ltr'><strong>Θεὸς</strong></span> <span class='ocrx_word' id='word_1_44' title='bbox 983 785 1058 873; x_wconf 84' lang='grc' dir='ltr'><strong>βοή·</strong></span> <span class='ocrx_word' id='word_1_45' title='bbox 1101 779 1228 854; x_wconf 82' lang='lat' dir='ltr'><strong>idcireo</strong></span> <span class='ocrx_word' id='word_1_46' title='bbox 1244 791 1353 854; x_wconf 85' lang='lat' dir='ltr'><strong>omnis</strong></span> <span class='ocrx_word' id='word_1_47' title='bbox 1367 793 1514 873; x_wconf 87' lang='lat' dir='ltr'><strong>populus</strong></span> <span class='ocrx_word' id='word_1_48' title='bbox 1537 790 1626 854; x_wconf 89' lang='lat' dir='ltr'><strong>vidit</strong></span> <span class='ocrx_word' id='word_1_49' title='bbox 1647 807 1774 854; x_wconf 87' lang='lat' dir='ltr'><strong>vocem.</strong></span> <span class='ocrx_word' id='word_1_50' title='bbox 1795 793 1856 854; x_wconf 90' lang='lat' dir='ltr'><strong>Po-</strong></span> 
     </span>
    </p>

    <p class='ocr_par' dir='ltr' id='par_1_3' title="bbox 310 889 1857 1605">
     <span class='ocr_line' id='line_1_5' title="bbox 311 889 1853 979; baseline -0.003 -17"><span class='ocrx_word' id='word_1_51' title='bbox 311 895 397 962; x_wconf 88' lang='grc' dir='ltr'><strong>θειαν</strong></span> <span class='ocrx_word' id='word_1_52' title='bbox 419 895 631 977; x_wconf 68' lang='lat' dir='ltr'><strong>triturante,</strong></span> <span class='ocrx_word' id='word_1_53' title='bbox 656 893 776 978; x_wconf 75' lang='grc' dir='ltr'><strong>μᾶλλον</strong></span> <span class='ocrx_word' id='word_1_54' title='bbox 791 894 813 979; x_wconf 84' lang='grc' dir='ltr'><strong>ή</strong></span> <span class='ocrx_word' id='word_1_55' title='bbox 830 891 905 977; x_wconf 83' lang='grc' dir='ltr'><strong>[ἐπὶ]</strong></span> <span class='ocrx_word' id='word_1_56' title='bbox 929 889 1058 976; x_wconf 80' lang='grc' dir='ltr'><strong>ἀσθενῆ,</strong></span> <span class='ocrx_word' id='word_1_57' title='bbox 1100 893 1154 956; x_wconf 91' lang='lat' dir='ltr'><strong>nit</strong></span> <span class='ocrx_word' id='word_1_58' title='bbox 1168 911 1251 972; x_wconf 83' lang='lat' dir='ltr'><strong>ergo</strong></span> <span class='ocrx_word' id='word_1_59' title='bbox 1265 893 1465 975; x_wconf 73' lang='lat' dir='ltr'><strong>adjntontnm</strong></span> <span class='ocrx_word' id='word_1_60' title='bbox 1479 911 1577 976; x_wconf 76' lang='lat' dir='ltr'><strong>rupen·</strong></span> <span class='ocrx_word' id='word_1_61' title='bbox 1591 898 1763 976; x_wconf 70' lang='lat' dir='ltr'><strong>ponerem,</strong></span> <span class='ocrx_word' id='word_1_62' title='bbox 1782 913 1853 958; x_wconf 86' lang='lat' dir='ltr'><strong>ma-</strong></span> 
     </span>
     <span class='ocr_line' id='line_1_6' title="bbox 310 992 1854 1082; baseline 0.001 -20"><span class='ocrx_word' id='word_1_63' title='bbox 310 999 357 1064; x_wconf 81' lang='grc' dir='ltr'><strong>ὅτι</strong></span> <span class='ocrx_word' id='word_1_64' title='bbox 372 1000 438 1082; x_wconf 81' lang='grc' dir='ltr'><strong>καῖ,</strong></span> <span class='ocrx_word' id='word_1_65' title='bbox 455 999 543 1076; x_wconf 81' lang='grc' dir='ltr'><strong>εἴτις</strong></span> <span class='ocrx_word' id='word_1_66' title='bbox 558 996 677 1074; x_wconf 83' lang='grc' dir='ltr'><strong>τέλειος</strong></span> <span class='ocrx_word' id='word_1_67' title='bbox 693 998 768 1082; x_wconf 73' lang='grc' dir='ltr'><strong>[εἴη]</strong></span> <span class='ocrx_word' id='word_1_68' title='bbox 785 995 836 1061; x_wconf 78' lang='grc' dir='ltr'><strong>ἐπὶ</strong></span> <span class='ocrx_word' id='word_1_69' title='bbox 849 994 927 1072; x_wconf 84' lang='grc' dir='ltr'><strong>υἱοῖς</strong></span> <span class='ocrx_word' id='word_1_70' title='bbox 942 992 1059 1078; x_wconf 79' lang='grc' dir='ltr'><strong>ἀνθρώ·</strong></span> <span class='ocrx_word' id='word_1_71' title='bbox 1101 998 1157 1075; x_wconf 80' lang='lat' dir='ltr'><strong>gis</strong></span> <span class='ocrx_word' id='word_1_72' title='bbox 1172 1015 1274 1079; x_wconf 83' lang='lat' dir='ltr'><strong>quam</strong></span> <span class='ocrx_word' id='word_1_73' title='bbox 1290 1016 1392 1080; x_wconf 85' lang='lat' dir='ltr'><strong>super</strong></span> <span class='ocrx_word' id='word_1_74' title='bbox 1407 999 1568 1079; x_wconf 87' lang='lat' dir='ltr'><strong>debilem,</strong></span> <span class='ocrx_word' id='word_1_75' title='bbox 1585 999 1710 1080; x_wconf 77' lang='lat' dir='ltr'><strong>quiesi</strong></span> <span class='ocrx_word' id='word_1_76' title='bbox 1725 999 1802 1080; x_wconf 86' lang='lat' dir='ltr'><strong>quis</strong></span> <span class='ocrx_word' id='word_1_77' title='bbox 1818 999 1854 1063; x_wconf 91' lang='lat' dir='ltr'><strong>in</strong></span> 
     </span>
     <span class='ocr_line' id='line_1_7' title="bbox 311 1099 1856 1189; baseline -0.001 -21"><span class='ocrx_word' id='word_1_78' title='bbox 311 1124 381 1170; x_wconf 87' lang='grc' dir='ltr'><strong>πων</strong></span> <span class='ocrx_word' id='word_1_79' title='bbox 396 1113 454 1189; x_wconf 71' lang='grc' dir='ltr'><strong>τῆς</strong></span> <span class='ocrx_word' id='word_1_80' title='bbox 478 1103 541 1168; x_wconf 84' lang='grc' dir='ltr'><strong>ἀπὸ</strong></span> <span class='ocrx_word' id='word_1_81' title='bbox 564 1110 621 1167; x_wconf 84' lang='grc' dir='ltr'><strong>τοῦ</strong></span> <span class='ocrx_word' id='word_1_82' title='bbox 636 1101 720 1169; x_wconf 84' lang='grc' dir='ltr'><strong>Θεοῦ</strong></span> <span class='ocrx_word' id='word_1_83' title='bbox 743 1100 864 1187; x_wconf 76' lang='grc' dir='ltr'><strong>σοφίας,</strong></span> <span class='ocrx_word' id='word_1_84' title='bbox 880 1102 981 1182; x_wconf 79' lang='grc' dir='ltr'><strong>οὗτος,</strong></span> <span class='ocrx_word' id='word_1_85' title='bbox 1004 1099 1060 1162; x_wconf 82' lang='grc' dir='ltr'><strong>καὶ</strong></span> <span class='ocrx_word' id='word_1_86' title='bbox 1101 1102 1182 1166; x_wconf 88' lang='lat' dir='ltr'><strong>filiis</strong></span> <span class='ocrx_word' id='word_1_87' title='bbox 1197 1102 1373 1166; x_wconf 91' lang='lat' dir='ltr'><strong>hominum</strong></span> <span class='ocrx_word' id='word_1_88' title='bbox 1391 1101 1561 1187; x_wconf 84' lang='lat' dir='ltr'><strong>perfectus</strong></span> <span class='ocrx_word' id='word_1_89' title='bbox 1574 1108 1626 1168; x_wconf 87' lang='lat' dir='ltr'><strong>est</strong></span> <span class='ocrx_word' id='word_1_90' title='bbox 1640 1103 1676 1166; x_wconf 93' lang='lat' dir='ltr'><strong>in</strong></span> <span class='ocrx_word' id='word_1_91' title='bbox 1688 1104 1856 1186; x_wconf 80' lang='lat' dir='ltr'><strong>sapientia</strong></span> 
     </span>
     <span class='ocr_line' id='line_1_8' title="bbox 311 1201 1856 1292; baseline 0.001 -22"><span class='ocrx_word' id='word_1_92' title='bbox 311 1205 472 1292; x_wconf 85' lang='grc' dir='ltr'><strong>δυνάμεως</strong></span> <span class='ocrx_word' id='word_1_93' title='bbox 488 1206 640 1290; x_wconf 78' lang='grc' dir='ltr'><strong>ἀπούσης,</strong></span> <span class='ocrx_word' id='word_1_94' title='bbox 658 1206 702 1284; x_wconf 87' lang='grc' dir='ltr'><strong>εἰς</strong></span> <span class='ocrx_word' id='word_1_95' title='bbox 717 1205 808 1270; x_wconf 77' lang='grc' dir='ltr'><strong>οὐδὲν</strong></span> <span class='ocrx_word' id='word_1_96' title='bbox 825 1201 1059 1290; x_wconf 71' lang='grc' dir='ltr'><strong>λογισθήσεται.</strong></span> <span class='ocrx_word' id='word_1_97' title='bbox 1102 1208 1174 1287; x_wconf 89' lang='lat' dir='ltr'><strong>Dei,</strong></span> <span class='ocrx_word' id='word_1_98' title='bbox 1190 1207 1290 1288; x_wconf 92' lang='lat' dir='ltr'><strong>idem,</strong></span> <span class='ocrx_word' id='word_1_99' title='bbox 1306 1207 1484 1271; x_wconf 83' lang='lat' dir='ltr'><strong>recedente</strong></span> <span class='ocrx_word' id='word_1_100' title='bbox 1506 1206 1580 1286; x_wconf 78' lang='lat' dir='ltr'><strong>eJus</strong></span> <span class='ocrx_word' id='word_1_101' title='bbox 1594 1209 1732 1289; x_wconf 86' lang='lat' dir='ltr'><strong>virtute,</strong></span> <span class='ocrx_word' id='word_1_102' title='bbox 1748 1209 1791 1273; x_wconf 83' lang='lat' dir='ltr'><strong>ad</strong></span> <span class='ocrx_word' id='word_1_103' title='bbox 1804 1210 1856 1272; x_wconf 90' lang='lat' dir='ltr'><strong>ni-</strong></span> 
     </span>
     <span class='ocr_line' id='line_1_9' title="bbox 310 1304 1857 1398; baseline 0 -22"><span class='ocrx_word' id='word_1_104' title='bbox 310 1309 377 1398; x_wconf 66' lang='lat' dir='ltr'><strong>Kar</strong></span> <span class='ocrx_word' id='word_1_105' title='bbox 392 1310 497 1376; x_wconf 79' lang='grc' dir='ltr'><strong>πάλιν·</strong></span> <span class='ocrx_word' id='word_1_106' title='bbox 512 1309 590 1388; x_wconf 77' lang='grc' dir='ltr'><strong>Ἐὰν</strong></span> <span class='ocrx_word' id='word_1_107' title='bbox 602 1313 646 1396; x_wconf 84' lang='grc' dir='ltr'><strong>μὴ</strong></span> <span class='ocrx_word' id='word_1_108' title='bbox 661 1309 781 1394; x_wconf 85' lang='grc' dir='ltr'><strong>Κύριος</strong></span> <span class='ocrx_word' id='word_1_109' title='bbox 793 1306 987 1395; x_wconf 80' lang='grc' dir='ltr'><strong>οἰκοδομήσῃ</strong></span> <span class='ocrx_word' id='word_1_110' title='bbox 1003 1304 1059 1370; x_wconf 80' lang='grc' dir='ltr'><strong>πθ-</strong></span> <span class='ocrx_word' id='word_1_111' title='bbox 1101 1312 1211 1376; x_wconf 90' lang='lat' dir='ltr'><strong>hilum</strong></span> <span class='ocrx_word' id='word_1_112' title='bbox 1226 1313 1412 1392; x_wconf 79' lang='lat' dir='ltr'><strong>redigetur.</strong></span> <span class='ocrx_word' id='word_1_113' title='bbox 1435 1313 1479 1376; x_wconf 86' lang='lat' dir='ltr'><strong>Et</strong></span> <span class='ocrx_word' id='word_1_114' title='bbox 1501 1314 1647 1376; x_wconf 89' lang='lat' dir='ltr'><strong>iterum:</strong></span> <span class='ocrx_word' id='word_1_115' title='bbox 1674 1314 1776 1378; x_wconf 82' lang='lat' dir='ltr'><strong>«Nisi</strong></span> <span class='ocrx_word' id='word_1_116' title='bbox 1792 1313 1857 1378; x_wconf 89' lang='lat' dir='ltr'><strong>Do·</strong></span> 
     </span>
     <span class='ocr_line' id='line_1_10' title="bbox 310 1413 1857 1502; baseline 0.001 -22"><span class='ocrx_word' id='word_1_117' title='bbox 310 1413 368 1497; x_wconf 89' lang='grc' dir='ltr'><strong>λιν,</strong></span> <span class='ocrx_word' id='word_1_118' title='bbox 384 1415 428 1492; x_wconf 83' lang='grc' dir='ltr'><strong>εἰς</strong></span> <span class='ocrx_word' id='word_1_119' title='bbox 439 1414 575 1502; x_wconf 79' lang='grc' dir='ltr'><strong>μάταιον</strong></span> <span class='ocrx_word' id='word_1_120' title='bbox 589 1415 771 1481; x_wconf 81' lang='grc' dir='ltr'><strong>ἐπιπονοῦσι</strong></span> <span class='ocrx_word' id='word_1_121' title='bbox 783 1413 812 1478; x_wconf 79' lang='grc' dir='ltr'><strong>οἱ</strong></span> <span class='ocrx_word' id='word_1_122' title='bbox 822 1413 1060 1498; x_wconf 83' lang='grc' dir='ltr'><strong>οἰκοδομοῦντες</strong></span> <span class='ocrx_word' id='word_1_123' title='bbox 1102 1417 1216 1480; x_wconf 85' lang='lat' dir='ltr'><strong>minus</strong></span> <span class='ocrx_word' id='word_1_124' title='bbox 1228 1415 1446 1482; x_wconf 75' lang='lat' dir='ltr'><strong>edificaverit</strong></span> <span class='ocrx_word' id='word_1_125' title='bbox 1458 1417 1606 1498; x_wconf 88' lang='lat' dir='ltr'><strong>domum,</strong></span> <span class='ocrx_word' id='word_1_126' title='bbox 1622 1419 1659 1482; x_wconf 92' lang='lat' dir='ltr'><strong>in</strong></span> <span class='ocrx_word' id='word_1_127' title='bbox 1669 1435 1797 1482; x_wconf 81' lang='lat' dir='ltr'><strong>venum</strong></span> <span class='ocrx_word' id='word_1_128' title='bbox 1809 1419 1857 1481; x_wconf 80' lang='lat' dir='ltr'><strong>la·</strong></span> 
     </span>
     <span class='ocr_line' id='line_1_11' title="bbox 311 1507 1700 1605; baseline -0.002 -21"><span class='ocrx_word' id='word_1_129' title='bbox 311 1517 422 1605; x_wconf 80' lang='grc' dir='ltr'><strong>αὐτήν.</strong></span> <span class='ocrx_word' id='word_1_130' title='bbox 1101 1507 1308 1584; x_wconf 81' lang='lat' dir='ltr'><strong>boruverunt</strong></span> <span class='ocrx_word' id='word_1_131' title='bbox 1323 1521 1383 1603; x_wconf 91' lang='lat' dir='ltr'><strong>qui</strong></span> <span class='ocrx_word' id='word_1_132' title='bbox 1400 1520 1569 1586; x_wconf 76' lang='lat' dir='ltr'><strong>{edificent</strong></span> <span class='ocrx_word' id='word_1_133' title='bbox 1583 1539 1700 1586; x_wconf 81' lang='lat' dir='ltr'><strong>eam.»</strong></span> 
     </span>
    </p>

    <p class='ocr_par' dir='ltr' id='par_1_4' title="bbox 308 1621 1857 1897">
     <span class='ocr_line' id='line_1_12' title="bbox 354 1621 1857 1710; baseline 0.002 -22"><span class='ocrx_word' id='word_1_134' title='bbox 354 1645 386 1690; x_wconf 91' lang='lat' dir='ltr'><strong>v.</strong></span> <span class='ocrx_word' id='word_1_135' title='bbox 402 1627 455 1690; x_wconf 84' lang='lat'><strong>23.</strong></span> <span class='ocrx_word' id='word_1_136' title='bbox 469 1622 539 1690; x_wconf 83' lang='grc' dir='ltr'><strong>Οὐκ</strong></span> <span class='ocrx_word' id='word_1_137' title='bbox 550 1621 708 1710; x_wconf 79' lang='grc' dir='ltr'><strong>ὠφελήσει</strong></span> <span class='ocrx_word' id='word_1_138' title='bbox 722 1621 835 1710; x_wconf 81' lang='grc' dir='ltr'><strong>ἐχθρὸς</strong></span> <span class='ocrx_word' id='word_1_139' title='bbox 850 1621 884 1687; x_wconf 77' lang='grc' dir='ltr'><strong>ἐν</strong></span> <span class='ocrx_word' id='word_1_140' title='bbox 895 1621 989 1705; x_wconf 78' lang='grc' dir='ltr'><strong>αὐτῷ,</strong></span> <span class='ocrx_word' id='word_1_141' title='bbox 1004 1621 1060 1684; x_wconf 77' lang='grc' dir='ltr'><strong>καὶ</strong></span> <span class='ocrx_word' id='word_1_142' title='bbox 1145 1641 1177 1688; x_wconf 83' lang='grc' dir='ltr'><strong>ν.</strong></span> <span class='ocrx_word' id='word_1_143' title='bbox 1192 1625 1245 1688; x_wconf 90' lang='grc'><strong>22.</strong></span> <span class='ocrx_word' id='word_1_144' title='bbox 1260 1625 1359 1690; x_wconf 80' lang='lat' dir='ltr'><strong>Ntnn</strong></span> <span class='ocrx_word' id='word_1_145' title='bbox 1372 1625 1523 1708; x_wconf 72' lang='lat' dir='ltr'><strong>prpfieiet</strong></span> <span class='ocrx_word' id='word_1_146' title='bbox 1540 1625 1695 1694; x_wconf 63' lang='lat' dir='ltr'><strong>inimicent</strong></span> <span class='ocrx_word' id='word_1_147' title='bbox 1708 1625 1747 1690; x_wconf 87' lang='lat' dir='ltr'><strong>in</strong></span> <span class='ocrx_word' id='word_1_148' title='bbox 1760 1641 1805 1705; x_wconf 80' lang='lat' dir='ltr'><strong>eu,</strong></span> <span class='ocrx_word' id='word_1_149' title='bbox 1824 1629 1857 1691; x_wconf 77' lang='lat' dir='ltr'><strong>et</strong></span> 
     </span>
     <span class='ocr_line' id='line_1_13' title="bbox 309 1725 1802 1820; baseline -0.002 -25"><span class='ocrx_word' id='word_1_150' title='bbox 309 1727 375 1807; x_wconf 84' lang='grc' dir='ltr'><strong>υἱὸς</strong></span> <span class='ocrx_word' id='word_1_151' title='bbox 389 1727 523 1820; x_wconf 79' lang='grc' dir='ltr'><strong>ᾀνομίας</strong></span> <span class='ocrx_word' id='word_1_152' title='bbox 534 1729 571 1794; x_wconf 85' lang='grc' dir='ltr'><strong>σθ</strong></span> <span class='ocrx_word' id='word_1_153' title='bbox 585 1727 760 1814; x_wconf 75' lang='grc' dir='ltr'><strong>προσθήσει</strong></span> <span class='ocrx_word' id='word_1_154' title='bbox 774 1735 830 1793; x_wconf 86' lang='grc' dir='ltr'><strong>τοῦ</strong></span> <span class='ocrx_word' id='word_1_155' title='bbox 845 1735 991 1792; x_wconf 82' lang='grc' dir='ltr'><strong>κακῶσαι</strong></span> <span class='ocrx_word' id='word_1_156' title='bbox 1006 1725 1060 1790; x_wconf 76' lang='grc' dir='ltr'><strong>αθ</strong></span> <span class='ocrx_word' id='word_1_157' title='bbox 1091 1726 1194 1810; x_wconf 77' lang='lat' dir='ltr'><strong>filine</strong></span> <span class='ocrx_word' id='word_1_158' title='bbox 1207 1727 1397 1810; x_wconf 75' lang='lat' dir='ltr'><strong>iniqnitatis</strong></span> <span class='ocrx_word' id='word_1_159' title='bbox 1415 1745 1480 1794; x_wconf 82' lang='lat' dir='ltr'><strong>non</strong></span> <span class='ocrx_word' id='word_1_160' title='bbox 1493 1734 1628 1811; x_wconf 77' lang='lat' dir='ltr'><strong>apponet</strong></span> <span class='ocrx_word' id='word_1_161' title='bbox 1639 1745 1749 1795; x_wconf 80' lang='lat' dir='ltr'><strong>nocere</strong></span> <span class='ocrx_word' id='word_1_162' title='bbox 1762 1729 1802 1794; x_wconf 79' lang='lat' dir='ltr'><strong>ei.</strong></span> 
     </span>
     <span class='ocr_line' id='line_1_14' title="bbox 308 1830 374 1897; baseline 0.03 -2"><span class='ocrx_word' id='word_1_163' title='bbox 308 1830 374 1897; x_wconf 81' lang='grc' dir='ltr'><strong>τόν.</strong></span> 
     </span>
    </p>

    <p class='ocr_par' dir='ltr' id='par_1_5' title="bbox 308 1931 1855 2964">
     <span class='ocr_line' id='line_1_15' title="bbox 358 1931 1853 2024; baseline -0.003 -22"><span class='ocrx_word' id='word_1_164' title='bbox 358 1935 398 2002; x_wconf 82' lang='lat' dir='ltr'><strong>Et</strong></span> <span class='ocrx_word' id='word_1_165' title='bbox 409 1936 485 2004; x_wconf 79' lang='grc' dir='ltr'><strong>ὅταν</strong></span> <span class='ocrx_word' id='word_1_166' title='bbox 497 1935 817 2024; x_wconf 81' lang='grc' dir='ltr'><strong>ἁμαρτάνωμεν,τοὺς</strong></span> <span class='ocrx_word' id='word_1_167' title='bbox 827 1934 960 2023; x_wconf 80' lang='grc' dir='ltr'><strong>ἐχθροὺς</strong></span> <span class='ocrx_word' id='word_1_168' title='bbox 970 1931 1061 2020; x_wconf 83' lang='grc' dir='ltr'><strong>ήμῶν</strong></span> <span class='ocrx_word' id='word_1_169' title='bbox 1146 1937 1181 2000; x_wconf 82' lang='lat' dir='ltr'><strong>Si</strong></span> <span class='ocrx_word' id='word_1_170' title='bbox 1201 1935 1350 2001; x_wconf 82' lang='lat' dir='ltr'><strong>inimicis</strong></span> <span class='ocrx_word' id='word_1_171' title='bbox 1379 1936 1503 2000; x_wconf 88' lang='lat' dir='ltr'><strong>nostris</strong></span> <span class='ocrx_word' id='word_1_172' title='bbox 1529 1953 1635 2017; x_wconf 92' lang='lat' dir='ltr'><strong>quum</strong></span> <span class='ocrx_word' id='word_1_173' title='bbox 1664 1953 1853 2018; x_wconf 72' lang='lat' dir='ltr'><strong>peccamus,</strong></span> 
     </span>
     <span class='ocr_line' id='line_1_16' title="bbox 312 2039 1855 2128; baseline -0.003 -23"><span class='ocrx_word' id='word_1_174' title='bbox 312 2040 506 2128; x_wconf 81' lang='grc' dir='ltr'><strong>ὢφελοῠμεν,</strong></span> <span class='ocrx_word' id='word_1_175' title='bbox 522 2042 539 2106; x_wconf 85' lang='grc' dir='ltr'><strong>ὁ</strong></span> <span class='ocrx_word' id='word_1_176' title='bbox 555 2041 693 2126; x_wconf 82' lang='grc' dir='ltr'><strong>Χριστὸς</strong></span> <span class='ocrx_word' id='word_1_177' title='bbox 707 2042 742 2108; x_wconf 82' lang='grc' dir='ltr'><strong>δὲ</strong></span> <span class='ocrx_word' id='word_1_178' title='bbox 758 2043 817 2128; x_wconf 80' lang='grc' dir='ltr'><strong>οὐχ</strong></span> <span class='ocrx_word' id='word_1_179' title='bbox 839 2041 991 2127; x_wconf 89' lang='grc' dir='ltr'><strong>ήμαρτον,</strong></span> <span class='ocrx_word' id='word_1_180' title='bbox 1008 2039 1060 2104; x_wconf 77' lang='grc' dir='ltr'><strong>διὰ</strong></span> <span class='ocrx_word' id='word_1_181' title='bbox 1101 2040 1307 2124; x_wconf 81' lang='lat' dir='ltr'><strong>proficimus,</strong></span> <span class='ocrx_word' id='word_1_182' title='bbox 1322 2058 1403 2104; x_wconf 83' lang='lat' dir='ltr'><strong>sene</strong></span> <span class='ocrx_word' id='word_1_183' title='bbox 1432 2041 1595 2119; x_wconf 83' lang='lat' dir='ltr'><strong>Christus,</strong></span> <span class='ocrx_word' id='word_1_184' title='bbox 1614 2039 1674 2120; x_wconf 90' lang='lat' dir='ltr'><strong>qui</strong></span> <span class='ocrx_word' id='word_1_185' title='bbox 1688 2057 1757 2102; x_wconf 92' lang='lat' dir='ltr'><strong>non</strong></span> <span class='ocrx_word' id='word_1_186' title='bbox 1780 2057 1855 2120; x_wconf 82' lang='lat' dir='ltr'><strong>pee-</strong></span> 
     </span>
     <span class='ocr_line' id='line_1_17' title="bbox 312 2141 1853 2232; baseline -0.003 -22"><span class='ocrx_word' id='word_1_187' title='bbox 312 2155 405 2210; x_wconf 84' lang='grc' dir='ltr'><strong>τοῦτο</strong></span> <span class='ocrx_word' id='word_1_188' title='bbox 417 2146 481 2230; x_wconf 80' lang='grc' dir='ltr'><strong>ἄρα</strong></span> <span class='ocrx_word' id='word_1_189' title='bbox 491 2147 564 2223; x_wconf 88' lang='grc' dir='ltr'><strong>τοὺς</strong></span> <span class='ocrx_word' id='word_1_190' title='bbox 575 2145 708 2232; x_wconf 82' lang='grc' dir='ltr'><strong>ἐχθροὺς</strong></span> <span class='ocrx_word' id='word_1_191' title='bbox 720 2148 817 2211; x_wconf 85' lang='grc' dir='ltr'><strong>αὐτοῦ</strong></span> <span class='ocrx_word' id='word_1_192' title='bbox 830 2146 890 2210; x_wconf 80' lang='grc' dir='ltr'><strong>οὐκ</strong></span> <span class='ocrx_word' id='word_1_193' title='bbox 901 2141 1061 2229; x_wconf 78' lang='grc' dir='ltr'><strong>ὠφελήσει</strong></span> <span class='ocrx_word' id='word_1_194' title='bbox 1102 2146 1202 2224; x_wconf 82' lang='lat' dir='ltr'><strong>eavit,</strong></span> <span class='ocrx_word' id='word_1_195' title='bbox 1230 2143 1304 2207; x_wconf 86' lang='lat' dir='ltr'><strong>ideo</strong></span> <span class='ocrx_word' id='word_1_196' title='bbox 1326 2145 1462 2207; x_wconf 92' lang='lat' dir='ltr'><strong>nullum</strong></span> <span class='ocrx_word' id='word_1_197' title='bbox 1489 2145 1637 2208; x_wconf 79' lang='lat' dir='ltr'><strong>inimicis</strong></span> <span class='ocrx_word' id='word_1_198' title='bbox 1664 2143 1853 2225; x_wconf 83' lang='lat' dir='ltr'><strong>profectum</strong></span> 
     </span>
     <span class='ocr_line' id='line_1_18' title="bbox 312 2246 1854 2336; baseline -0.001 -23"><span class='ocrx_word' id='word_1_199' title='bbox 312 2249 413 2333; x_wconf 77' lang='grc' dir='ltr'><strong>οὐδὲν,</strong></span> <span class='ocrx_word' id='word_1_200' title='bbox 427 2249 455 2314; x_wconf 84' lang='grc' dir='ltr'><strong>εἰ</strong></span> <span class='ocrx_word' id='word_1_201' title='bbox 465 2250 520 2314; x_wconf 77' lang='grc' dir='ltr'><strong>καῖ</strong></span> <span class='ocrx_word' id='word_1_202' title='bbox 531 2249 688 2336; x_wconf 82' lang='grc' dir='ltr'><strong>εἰρήκασι·</strong></span> <span class='ocrx_word' id='word_1_203' title='bbox 703 2249 809 2331; x_wconf 83' lang='grc' dir='ltr'><strong>Δεῦτε,</strong></span> <span class='ocrx_word' id='word_1_204' title='bbox 825 2247 1060 2334; x_wconf 63' lang='grc' dir='ltr'><strong>ἀποκτείνωμεν</strong></span> <span class='ocrx_word' id='word_1_205' title='bbox 1101 2249 1265 2330; x_wconf 85' lang='lat' dir='ltr'><strong>permisit,</strong></span> <span class='ocrx_word' id='word_1_206' title='bbox 1282 2248 1345 2310; x_wconf 78' lang='lat' dir='ltr'><strong>etsi</strong></span> <span class='ocrx_word' id='word_1_207' title='bbox 1361 2246 1526 2310; x_wconf 84' lang='lat' dir='ltr'><strong>dixerint:</strong></span> <span class='ocrx_word' id='word_1_208' title='bbox 1551 2249 1709 2328; x_wconf 81' lang='lat' dir='ltr'><strong>«Venite,</strong></span> <span class='ocrx_word' id='word_1_209' title='bbox 1725 2248 1854 2313; x_wconf 79' lang='lat' dir='ltr'><strong>oecide-</strong></span> 
     </span>
     <span class='ocr_line' id='line_1_19' title="bbox 309 2351 1854 2440; baseline -0.002 -22"><span class='ocrx_word' id='word_1_210' title='bbox 309 2353 485 2435; x_wconf 66' lang='lat' dir='ltr'><strong>attentent</strong></span> <span class='ocrx_word' id='word_1_211' title='bbox 507 2355 634 2440; x_wconf 80' lang='grc' dir='ltr'><strong>σχῶμεν</strong></span> <span class='ocrx_word' id='word_1_212' title='bbox 657 2352 751 2418; x_wconf 72' lang='grc' dir='ltr'><strong>αὐτοὶ·</strong></span> <span class='ocrx_word' id='word_1_213' title='bbox 767 2351 981 2438; x_wconf 82' lang='grc' dir='ltr'><strong>νληρονομῖαν</strong></span> <span class='ocrx_word' id='word_1_214' title='bbox 1003 2353 1059 2416; x_wconf 82' lang='grc' dir='ltr'><strong>αὐ·</strong></span> <span class='ocrx_word' id='word_1_215' title='bbox 1102 2369 1179 2414; x_wconf 84' lang='lat' dir='ltr'><strong>mus</strong></span> <span class='ocrx_word' id='word_1_216' title='bbox 1199 2367 1288 2430; x_wconf 88' lang='lat' dir='ltr'><strong>eum,</strong></span> <span class='ocrx_word' id='word_1_217' title='bbox 1304 2353 1339 2413; x_wconf 89' lang='lat' dir='ltr'><strong>et</strong></span> <span class='ocrx_word' id='word_1_218' title='bbox 1353 2351 1450 2415; x_wconf 82' lang='lat' dir='ltr'><strong>nobis</strong></span> <span class='ocrx_word' id='word_1_219' title='bbox 1465 2353 1681 2433; x_wconf 81' lang='lat' dir='ltr'><strong>acquiramus</strong></span> <span class='ocrx_word' id='word_1_220' title='bbox 1702 2351 1854 2416; x_wconf 81' lang='lat' dir='ltr'><strong>haeredi-</strong></span> 
     </span>
     <span class='ocr_line' id='line_1_20' title="bbox 308 2453 1853 2542; baseline -0.003 -20"><span class='ocrx_word' id='word_1_221' title='bbox 308 2465 375 2522; x_wconf 84' lang='grc' dir='ltr'><strong>τοῦ.</strong></span> <span class='ocrx_word' id='word_1_222' title='bbox 390 2454 482 2522; x_wconf 87' lang='grc' dir='ltr'><strong>Ἀλλ’</strong></span> <span class='ocrx_word' id='word_1_223' title='bbox 495 2457 536 2540; x_wconf 90' lang='grc' dir='ltr'><strong>ήν</strong></span> <span class='ocrx_word' id='word_1_224' title='bbox 551 2455 726 2542; x_wconf 82' lang='grc' dir='ltr'><strong>ἀνανόητος</strong></span> <span class='ocrx_word' id='word_1_225' title='bbox 747 2453 769 2540; x_wconf 89' lang='grc' dir='ltr'><strong>ή</strong></span> <span class='ocrx_word' id='word_1_226' title='bbox 784 2467 841 2522; x_wconf 82' lang='grc' dir='ltr'><strong>τοῦ</strong></span> <span class='ocrx_word' id='word_1_227' title='bbox 860 2455 990 2522; x_wconf 84' lang='grc' dir='ltr'><strong>Σατανᾶ</strong></span> <span class='ocrx_word' id='word_1_228' title='bbox 1004 2455 1060 2518; x_wconf 81' lang='grc' dir='ltr'><strong>καὶ</strong></span> <span class='ocrx_word' id='word_1_229' title='bbox 1101 2459 1206 2519; x_wconf 80' lang='lat' dir='ltr'><strong>tutem</strong></span> <span class='ocrx_word' id='word_1_230' title='bbox 1222 2453 1336 2535; x_wconf 81' lang='lat' dir='ltr'><strong>ejus.»</strong></span> <span class='ocrx_word' id='word_1_231' title='bbox 1354 2457 1480 2520; x_wconf 85' lang='lat' dir='ltr'><strong>Verum</strong></span> <span class='ocrx_word' id='word_1_232' title='bbox 1497 2457 1655 2520; x_wconf 85' lang='lat' dir='ltr'><strong>insanum</strong></span> <span class='ocrx_word' id='word_1_233' title='bbox 1671 2459 1744 2520; x_wconf 87' lang='lat' dir='ltr'><strong>erut</strong></span> <span class='ocrx_word' id='word_1_234' title='bbox 1759 2458 1853 2521; x_wconf 79' lang='lat' dir='ltr'><strong>Sete-</strong></span> 
     </span>
     <span class='ocr_line' id='line_1_21' title="bbox 309 2557 1853 2649; baseline -0.001 -25"><span class='ocrx_word' id='word_1_235' title='bbox 309 2569 370 2626; x_wconf 81' lang='grc' dir='ltr'><strong>τῶν</strong></span> <span class='ocrx_word' id='word_1_236' title='bbox 385 2558 545 2649; x_wconf 80' lang='grc' dir='ltr'><strong>Ἰουδαίων</strong></span> <span class='ocrx_word' id='word_1_237' title='bbox 560 2559 680 2647; x_wconf 80' lang='grc' dir='ltr'><strong>σκέψις,</strong></span> <span class='ocrx_word' id='word_1_238' title='bbox 697 2562 752 2626; x_wconf 79' lang='grc' dir='ltr'><strong>καλ</strong></span> <span class='ocrx_word' id='word_1_239' title='bbox 767 2562 811 2638; x_wconf 81' lang='grc' dir='ltr'><strong>εἰς</strong></span> <span class='ocrx_word' id='word_1_240' title='bbox 828 2561 991 2646; x_wconf 80' lang='grc' dir='ltr'><strong>ἄπρακτον</strong></span> <span class='ocrx_word' id='word_1_241' title='bbox 1006 2561 1058 2626; x_wconf 79' lang='grc' dir='ltr'><strong>ἐκ·</strong></span> <span class='ocrx_word' id='word_1_242' title='bbox 1101 2577 1154 2623; x_wconf 84' lang='lat' dir='ltr'><strong>nae</strong></span> <span class='ocrx_word' id='word_1_243' title='bbox 1176 2564 1210 2623; x_wconf 89' lang='lat' dir='ltr'><strong>et</strong></span> <span class='ocrx_word' id='word_1_244' title='bbox 1231 2557 1429 2624; x_wconf 83' lang='lat' dir='ltr'><strong>Judaeorum</strong></span> <span class='ocrx_word' id='word_1_245' title='bbox 1451 2561 1642 2640; x_wconf 82' lang='lat' dir='ltr'><strong>consilium,</strong></span> <span class='ocrx_word' id='word_1_246' title='bbox 1666 2565 1701 2623; x_wconf 91' lang='lat' dir='ltr'><strong>et</strong></span> <span class='ocrx_word' id='word_1_247' title='bbox 1722 2561 1759 2625; x_wconf 92' lang='lat' dir='ltr'><strong>in</strong></span> <span class='ocrx_word' id='word_1_248' title='bbox 1778 2561 1853 2624; x_wconf 88' lang='lat' dir='ltr'><strong>irri-</strong></span> 
     </span>
     <span class='ocr_line' id='line_1_22' title="bbox 309 2661 1850 2750; baseline 0 -23"><span class='ocrx_word' id='word_1_249' title='bbox 309 2661 444 2748; x_wconf 82' lang='grc' dir='ltr'><strong>θὲθτμιεν</strong></span> <span class='ocrx_word' id='word_1_250' title='bbox 459 2665 565 2742; x_wconf 82' lang='grc' dir='ltr'><strong>αὐτοῖς</strong></span> <span class='ocrx_word' id='word_1_251' title='bbox 579 2666 615 2729; x_wconf 87' lang='grc' dir='ltr'><strong>τὸ</strong></span> <span class='ocrx_word' id='word_1_252' title='bbox 637 2663 832 2750; x_wconf 78' lang='grc' dir='ltr'><strong>ἐγχείρημα·</strong></span> <span class='ocrx_word' id='word_1_253' title='bbox 848 2663 980 2750; x_wconf 80' lang='grc' dir='ltr'><strong>ἀνεβιιῖιν</strong></span> <span class='ocrx_word' id='word_1_254' title='bbox 995 2667 1058 2750; x_wconf 77' lang='grc' dir='ltr'><strong>γὰρ</strong></span> <span class='ocrx_word' id='word_1_255' title='bbox 1101 2668 1175 2727; x_wconf 90' lang='lat' dir='ltr'><strong>tum</strong></span> <span class='ocrx_word' id='word_1_256' title='bbox 1191 2663 1313 2728; x_wconf 82' lang='lat' dir='ltr'><strong>cecidit</strong></span> <span class='ocrx_word' id='word_1_257' title='bbox 1327 2664 1397 2727; x_wconf 88' lang='lat' dir='ltr'><strong>illis</strong></span> <span class='ocrx_word' id='word_1_258' title='bbox 1412 2665 1551 2727; x_wconf 88' lang='lat' dir='ltr'><strong>molitio.</strong></span> <span class='ocrx_word' id='word_1_259' title='bbox 1565 2664 1747 2729; x_wconf 83' lang='lat' dir='ltr'><strong>Redivivus</strong></span> <span class='ocrx_word' id='word_1_260' title='bbox 1759 2664 1850 2730; x_wconf 85' lang='lat' dir='ltr'><strong>enim</strong></span> 
     </span>
     <span class='ocr_line' id='line_1_23' title="bbox 309 2765 1851 2855; baseline 0 -23"><span class='ocrx_word' id='word_1_261' title='bbox 309 2768 327 2832; x_wconf 84' lang='grc' dir='ltr'>ὁ</span> <span class='ocrx_word' id='word_1_262' title='bbox 343 2770 448 2855; x_wconf 81' lang='grc' dir='ltr'><strong>σωτήρ</strong></span> <span class='ocrx_word' id='word_1_263' title='bbox 471 2766 647 2854; x_wconf 85' lang='grc' dir='ltr'><strong>τριήμερος,</strong></span> <span class='ocrx_word' id='word_1_264' title='bbox 670 2765 818 2854; x_wconf 89' lang='grc' dir='ltr'><strong>πατήσας</strong></span> <span class='ocrx_word' id='word_1_265' title='bbox 835 2771 890 2833; x_wconf 84' lang='grc' dir='ltr'><strong>τὸν</strong></span> <span class='ocrx_word' id='word_1_266' title='bbox 904 2767 1057 2850; x_wconf 80' lang='grc' dir='ltr'><strong>θάνατον,</strong></span> <span class='ocrx_word' id='word_1_267' title='bbox 1101 2768 1255 2832; x_wconf 82' lang='lat' dir='ltr'><strong>Christus</strong></span> <span class='ocrx_word' id='word_1_268' title='bbox 1266 2771 1341 2849; x_wconf 88' lang='lat' dir='ltr'><strong>post</strong></span> <span class='ocrx_word' id='word_1_269' title='bbox 1352 2772 1420 2831; x_wconf 85' lang='lat' dir='ltr'><strong>tres</strong></span> <span class='ocrx_word' id='word_1_270' title='bbox 1432 2767 1721 2848; x_wconf 82' lang='lat' dir='ltr'><strong>dies,eonculcata</strong></span> <span class='ocrx_word' id='word_1_271' title='bbox 1733 2773 1851 2851; x_wconf 88' lang='lat' dir='ltr'><strong>morte,</strong></span> 
     </span>
     <span class='ocr_line' id='line_1_24' title="bbox 310 2870 1575 2964; baseline -0.003 -26"><span class='ocrx_word' id='word_1_272' title='bbox 310 2875 366 2938; x_wconf 79' lang='grc' dir='ltr'><strong>καὶ</strong></span> <span class='ocrx_word' id='word_1_273' title='bbox 380 2873 569 2939; x_wconf 76' lang='grc' dir='ltr'><strong>ἐσκύλευσεν</strong></span> <span class='ocrx_word' id='word_1_274' title='bbox 583 2875 637 2939; x_wconf 76' lang='grc' dir='ltr'><strong>τὸν</strong></span> <span class='ocrx_word' id='word_1_275' title='bbox 652 2873 736 2964; x_wconf 55' lang='lat' dir='ltr'><strong>den„</strong></span> <span class='ocrx_word' id='word_1_276' title='bbox 1102 2873 1204 2935; x_wconf 85' lang='lat' dir='ltr'><strong>etiem</strong></span> <span class='ocrx_word' id='word_1_277' title='bbox 1219 2872 1379 2952; x_wconf 83' lang='lat' dir='ltr'><strong>spoliavit</strong></span> <span class='ocrx_word' id='word_1_278' title='bbox 1392 2870 1575 2935; x_wconf 82' lang='lat' dir='ltr'><strong>infernum.</strong></span> 
     </span>
    </p>

    <p class='ocr_par' dir='ltr' id='par_1_6' title="bbox 261 2974 1855 3248">
     <span class='ocr_line' id='line_1_25' title="bbox 351 2974 1855 3064; baseline -0.001 -22"><span class='ocrx_word' id='word_1_279' title='bbox 351 2999 383 3043; x_wconf 90' lang='grc' dir='ltr'><strong>ν.</strong></span> <span class='ocrx_word' id='word_1_280' title='bbox 400 2980 453 3044; x_wconf 88' lang='grc'><strong>25.</strong></span> <span class='ocrx_word' id='word_1_281' title='bbox 470 2975 535 3042; x_wconf 81' lang='grc' dir='ltr'><strong>Καὶ</strong></span> <span class='ocrx_word' id='word_1_282' title='bbox 557 2979 592 3041; x_wconf 84' lang='grc' dir='ltr'><strong>τὸ</strong></span> <span class='ocrx_word' id='word_1_283' title='bbox 612 2977 700 3054; x_wconf 82' lang='grc' dir='ltr'><strong>ἔλεός</strong></span> <span class='ocrx_word' id='word_1_284' title='bbox 717 2998 776 3063; x_wconf 90' lang='grc' dir='ltr'><strong>μου</strong></span> <span class='ocrx_word' id='word_1_285' title='bbox 800 2977 868 3064; x_wconf 88' lang='grc' dir='ltr'><strong>μετ’</strong></span> <span class='ocrx_word' id='word_1_286' title='bbox 879 2978 986 3061; x_wconf 81' lang='grc' dir='ltr'><strong>αὐτοῦ,</strong></span> <span class='ocrx_word' id='word_1_287' title='bbox 1002 2977 1058 3042; x_wconf 77' lang='lat' dir='ltr'><strong>ned</strong></span> <span class='ocrx_word' id='word_1_288' title='bbox 1144 2995 1176 3039; x_wconf 92' lang='lat' dir='ltr'><strong>v.</strong></span> <span class='ocrx_word' id='word_1_289' title='bbox 1192 2978 1245 3040; x_wconf 89' lang='grc'><strong>25.</strong></span> <span class='ocrx_word' id='word_1_290' title='bbox 1272 2974 1316 3040; x_wconf 76' lang='lat' dir='ltr'><strong>Et</strong></span> <span class='ocrx_word' id='word_1_291' title='bbox 1328 2975 1550 3041; x_wconf 62' lang='lat' dir='ltr'><strong>misericordie</strong></span> <span class='ocrx_word' id='word_1_292' title='bbox 1563 2991 1634 3041; x_wconf 74' lang='lat' dir='ltr'><strong>rnen</strong></span> <span class='ocrx_word' id='word_1_293' title='bbox 1645 2991 1715 3042; x_wconf 77' lang='lat' dir='ltr'><strong>cnnn</strong></span> <span class='ocrx_word' id='word_1_294' title='bbox 1728 2975 1808 3058; x_wconf 78' lang='grc' dir='ltr'><strong>ι’ρεο,</strong></span> <span class='ocrx_word' id='word_1_295' title='bbox 1823 2979 1855 3041; x_wconf 76' lang='lat' dir='ltr'><strong>et</strong></span> 
     </span>
     <span class='ocr_line' id='line_1_26' title="bbox 261 3079 1584 3167; baseline -0.002 -21"><span class='ocrx_word' id='word_1_296' title='bbox 261 3157 264 3165; x_wconf 33' lang='grc'><strong>,</strong></span> <span class='ocrx_word' id='word_1_297' title='bbox 308 3081 342 3146; x_wconf 80' lang='grc' dir='ltr'><strong>ἐν</strong></span> <span class='ocrx_word' id='word_1_298' title='bbox 366 3089 411 3166; x_wconf 82' lang='grc' dir='ltr'><strong>τῷ</strong></span> <span class='ocrx_word' id='word_1_299' title='bbox 437 3079 567 3167; x_wconf 77' lang='grc' dir='ltr'><strong>ὀνόματί</strong></span> <span class='ocrx_word' id='word_1_300' title='bbox 588 3102 647 3166; x_wconf 88' lang='grc' dir='ltr'><strong>μου</strong></span> <span class='ocrx_word' id='word_1_301' title='bbox 671 3079 871 3166; x_wconf 83' lang='grc' dir='ltr'><strong>ὑψωθήσεται</strong></span> <span class='ocrx_word' id='word_1_302' title='bbox 896 3084 932 3146; x_wconf 84' lang='grc' dir='ltr'><strong>τὸ</strong></span> <span class='ocrx_word' id='word_1_303' title='bbox 959 3079 1058 3167; x_wconf 79' lang='grc' dir='ltr'><strong>κέρας</strong></span> <span class='ocrx_word' id='word_1_304' title='bbox 1099 3081 1275 3146; x_wconf 73' lang='lat' dir='ltr'><strong>innomine</strong></span> <span class='ocrx_word' id='word_1_305' title='bbox 1299 3096 1366 3146; x_wconf 81' lang='lat' dir='ltr'><strong>meo</strong></span> <span class='ocrx_word' id='word_1_306' title='bbox 1378 3079 1584 3146; x_wconf 67' lang='lat' dir='ltr'><strong>exaltantur.</strong></span> 
     </span>
     <span class='ocr_line' id='line_1_27' title="bbox 308 3184 415 3248; baseline 0.019 -2"><span class='ocrx_word' id='word_1_307' title='bbox 308 3184 415 3248; x_wconf 85' lang='grc' dir='ltr'><strong>αὐτοῦ.</strong></span> 
     </span>
    </p>

    <p class='ocr_par' dir='ltr' id='par_1_7' title="bbox 306 3285 1853 3477">
     <span class='ocr_line' id='line_1_28' title="bbox 351 3285 1853 3373; baseline 0.001 -20"><span class='ocrx_word' id='word_1_308' title='bbox 351 3286 396 3353; x_wconf 82' lang='grc' dir='ltr'><strong>Τὸ</strong></span> <span class='ocrx_word' id='word_1_309' title='bbox 419 3285 507 3364; x_wconf 79' lang='grc' dir='ltr'><strong>ἔλεός</strong></span> <span class='ocrx_word' id='word_1_310' title='bbox 530 3307 590 3372; x_wconf 87' lang='grc' dir='ltr'><strong>μου</strong></span> <span class='ocrx_word' id='word_1_311' title='bbox 614 3286 681 3373; x_wconf 81' lang='grc' dir='ltr'><strong>μετ’</strong></span> <span class='ocrx_word' id='word_1_312' title='bbox 699 3288 805 3373; x_wconf 78' lang='grc' dir='ltr'><strong>αὐτοῦ,</strong></span> <span class='ocrx_word' id='word_1_313' title='bbox 829 3290 881 3354; x_wconf 87' lang='grc' dir='ltr'><strong>ῖνα</strong></span> <span class='ocrx_word' id='word_1_314' title='bbox 910 3291 996 3355; x_wconf 80' lang='grc' dir='ltr'><strong>κατὰ</strong></span> <span class='ocrx_word' id='word_1_315' title='bbox 1021 3293 1057 3355; x_wconf 83' lang='grc' dir='ltr'><strong>τὸ</strong></span> <span class='ocrx_word' id='word_1_316' title='bbox 1143 3289 1374 3357; x_wconf 68' lang='grc' dir='ltr'><strong>Μὶιειῖοοαθιλι</strong></span> <span class='ocrx_word' id='word_1_317' title='bbox 1394 3307 1465 3356; x_wconf 83' lang='lat' dir='ltr'><strong>nen</strong></span> <span class='ocrx_word' id='word_1_318' title='bbox 1488 3307 1560 3357; x_wconf 79' lang='lat' dir='ltr'><strong>cnm</strong></span> <span class='ocrx_word' id='word_1_319' title='bbox 1573 3290 1653 3371; x_wconf 77' lang='lat' dir='ltr'><strong>ipso,</strong></span> <span class='ocrx_word' id='word_1_320' title='bbox 1680 3293 1720 3352; x_wconf 88' lang='lat' dir='ltr'><strong>ut</strong></span> <span class='ocrx_word' id='word_1_321' title='bbox 1734 3307 1853 3355; x_wconf 84' lang='lat' dir='ltr'><strong>secun·</strong></span> 
     </span>
     <span class='ocr_line' id='line_1_29' title="bbox 306 3389 1756 3477; baseline 0.001 -21"><span class='ocrx_word' id='word_1_322' title='bbox 306 3389 431 3476; x_wconf 76' lang='grc' dir='ltr'><strong>θέλεμά</strong></span> <span class='ocrx_word' id='word_1_323' title='bbox 446 3411 505 3477; x_wconf 90' lang='grc' dir='ltr'><strong>μου</strong></span> <span class='ocrx_word' id='word_1_324' title='bbox 520 3391 606 3476; x_wconf 79' lang='grc' dir='ltr'><strong>ἐλεή.</strong></span> <span class='ocrx_word' id='word_1_325' title='bbox 1099 3393 1180 3456; x_wconf 91' lang='lat' dir='ltr'><strong>dum</strong></span> <span class='ocrx_word' id='word_1_326' title='bbox 1196 3391 1406 3459; x_wconf 79' lang='lat' dir='ltr'><strong>voluntatem</strong></span> <span class='ocrx_word' id='word_1_327' title='bbox 1421 3412 1532 3458; x_wconf 81' lang='lat' dir='ltr'><strong>meam</strong></span> <span class='ocrx_word' id='word_1_328' title='bbox 1546 3396 1756 3458; x_wconf 84' lang='lat' dir='ltr'><strong>misereatur.</strong></span> 
     </span>
    </p>

    <p class='ocr_par' dir='ltr' id='par_1_8' title="bbox 297 3493 1846 3687">
     <span class='ocr_line' id='line_1_30' title="bbox 297 3493 1846 3585; baseline 0.004 -26"><span class='ocrx_word' id='word_1_329' title='bbox 297 3567 300 3572; x_wconf 53' lang='grc'><strong>,</strong></span> <span class='ocrx_word' id='word_1_330' title='bbox 350 3516 382 3560; x_wconf 90' lang='lat' dir='ltr'><strong>v.</strong></span> <span class='ocrx_word' id='word_1_331' title='bbox 403 3497 456 3560; x_wconf 92' lang='grc' dir='ltr'><strong>2θ.</strong></span> <span class='ocrx_word' id='word_1_332' title='bbox 479 3493 545 3560; x_wconf 89' lang='grc' dir='ltr'><strong>Καὶ</strong></span> <span class='ocrx_word' id='word_1_333' title='bbox 567 3493 712 3581; x_wconf 80' lang='grc' dir='ltr'><strong>θήσομαι</strong></span> <span class='ocrx_word' id='word_1_334' title='bbox 734 3495 768 3561; x_wconf 75' lang='grc' dir='ltr'><strong>ἐν</strong></span> <span class='ocrx_word' id='word_1_335' title='bbox 789 3495 941 3582; x_wconf 78' lang='grc' dir='ltr'><strong>θαλάσσῃ</strong></span> <span class='ocrx_word' id='word_1_336' title='bbox 964 3508 1058 3585; x_wconf 85' lang='grc' dir='ltr'><strong>χεῖρα</strong></span> <span class='ocrx_word' id='word_1_337' title='bbox 1144 3518 1175 3562; x_wconf 91' lang='lat' dir='ltr'><strong>v.</strong></span> <span class='ocrx_word' id='word_1_338' title='bbox 1191 3499 1244 3563; x_wconf 90' lang='grc'><strong>26.</strong></span> <span class='ocrx_word' id='word_1_339' title='bbox 1259 3501 1305 3564; x_wconf 75' lang='lat' dir='ltr'><strong>nt</strong></span> <span class='ocrx_word' id='word_1_340' title='bbox 1318 3517 1440 3582; x_wconf 79' lang='lat' dir='ltr'><strong>ponunt</strong></span> <span class='ocrx_word' id='word_1_341' title='bbox 1454 3500 1492 3564; x_wconf 86' lang='lat' dir='ltr'><strong>in</strong></span> <span class='ocrx_word' id='word_1_342' title='bbox 1505 3499 1593 3564; x_wconf 76' lang='lat' dir='ltr'><strong>ntnrn&#39;</strong></span> <span class='ocrx_word' id='word_1_343' title='bbox 1613 3514 1746 3565; x_wconf 83' lang='lat' dir='ltr'><strong>mnnnm</strong></span> <span class='ocrx_word' id='word_1_344' title='bbox 1764 3499 1846 3580; x_wconf 76' lang='lat' dir='ltr'><strong>ejus,</strong></span> 
     </span>
     <span class='ocr_line' id='line_1_31' title="bbox 309 3599 1654 3687; baseline 0.001 -24"><span class='ocrx_word' id='word_1_345' title='bbox 309 3601 417 3681; x_wconf 84' lang='grc' dir='ltr'><strong>αὐτοῦ,</strong></span> <span class='ocrx_word' id='word_1_346' title='bbox 433 3600 488 3664; x_wconf 83' lang='grc' dir='ltr'><strong>καὶ</strong></span> <span class='ocrx_word' id='word_1_347' title='bbox 503 3600 537 3664; x_wconf 81' lang='grc' dir='ltr'><strong>ἐν</strong></span> <span class='ocrx_word' id='word_1_348' title='bbox 552 3609 703 3685; x_wconf 86' lang='grc' dir='ltr'><strong>ποταμοῖς</strong></span> <span class='ocrx_word' id='word_1_349' title='bbox 718 3599 821 3680; x_wconf 79' lang='grc' dir='ltr'><strong>δεξιὰν</strong></span> <span class='ocrx_word' id='word_1_350' title='bbox 836 3602 942 3667; x_wconf 79' lang='grc' dir='ltr'><strong>αὐτοῦ.</strong></span> <span class='ocrx_word' id='word_1_351' title='bbox 1098 3607 1130 3668; x_wconf 82' lang='lat' dir='ltr'><strong>et</strong></span> <span class='ocrx_word' id='word_1_352' title='bbox 1142 3601 1382 3687; x_wconf 77' lang='lat' dir='ltr'><strong>instentinitns</strong></span> <span class='ocrx_word' id='word_1_353' title='bbox 1395 3603 1559 3668; x_wconf 70' lang='lat' dir='ltr'><strong>dexteram</strong></span> <span class='ocrx_word' id='word_1_354' title='bbox 1573 3603 1654 3683; x_wconf 73' lang='lat' dir='ltr'><strong>ejne.</strong></span> 
     </span>
    </p>

    <p class='ocr_par' dir='ltr' id='par_1_9' title="bbox 302 3703 1894 4937">
     <span class='ocr_line' id='line_1_32' title="bbox 349 3703 1851 3793; baseline 0.001 -25"><span class='ocrx_word' id='word_1_355' title='bbox 349 3703 445 3769; x_wconf 81' lang='grc' dir='ltr'><strong>Δώσω</strong></span> <span class='ocrx_word' id='word_1_356' title='bbox 457 3704 492 3768; x_wconf 77' lang='grc' dir='ltr'><strong>δὲ</strong></span> <span class='ocrx_word' id='word_1_357' title='bbox 503 3703 589 3790; x_wconf 74' lang='grc' dir='ltr'><strong>αὐτῷ</strong></span> <span class='ocrx_word' id='word_1_358' title='bbox 599 3706 684 3770; x_wconf 80' lang='grc' dir='ltr'><strong>κατὰ</strong></span> <span class='ocrx_word' id='word_1_359' title='bbox 690 3703 862 3771; x_wconf 83' lang='grc' dir='ltr'><strong>θάλασσαν</strong></span> <span class='ocrx_word' id='word_1_360' title='bbox 873 3707 929 3770; x_wconf 82' lang='grc' dir='ltr'><strong>καὶ</strong></span> <span class='ocrx_word' id='word_1_361' title='bbox 941 3706 1012 3771; x_wconf 88' lang='grc' dir='ltr'><strong>κατ’</strong></span> <span class='ocrx_word' id='word_1_362' title='bbox 1020 3708 1057 3793; x_wconf 86' lang='grc' dir='ltr'><strong>ή-</strong></span> <span class='ocrx_word' id='word_1_363' title='bbox 1143 3707 1236 3771; x_wconf 86' lang='lat' dir='ltr'>Dabo</span> <span class='ocrx_word' id='word_1_364' title='bbox 1250 3707 1303 3770; x_wconf 90' lang='lat' dir='ltr'><strong>illi</strong></span> <span class='ocrx_word' id='word_1_365' title='bbox 1318 3707 1421 3770; x_wconf 89' lang='lat' dir='ltr'><strong>robur</strong></span> <span class='ocrx_word' id='word_1_366' title='bbox 1435 3711 1553 3771; x_wconf 85' lang='lat' dir='ltr'><strong>eontra</strong></span> <span class='ocrx_word' id='word_1_367' title='bbox 1568 3723 1660 3768; x_wconf 82' lang='lat' dir='ltr'><strong>mare</strong></span> <span class='ocrx_word' id='word_1_368' title='bbox 1678 3709 1712 3769; x_wconf 90' lang='lat' dir='ltr'><strong>et</strong></span> <span class='ocrx_word' id='word_1_369' title='bbox 1725 3711 1851 3770; x_wconf 80' lang='lat' dir='ltr'><strong>terrem</strong></span> 
     </span>
     <span class='ocr_line' id='line_1_33' title="bbox 305 3808 1849 3896; baseline 0 -24"><span class='ocrx_word' id='word_1_370' title='bbox 305 3828 413 3893; x_wconf 87' lang='grc' dir='ltr'><strong>πειρον</strong></span> <span class='ocrx_word' id='word_1_371' title='bbox 435 3808 568 3893; x_wconf 79' lang='grc' dir='ltr'><strong>κράτος·</strong></span> <span class='ocrx_word' id='word_1_372' title='bbox 593 3808 646 3874; x_wconf 82' lang='grc' dir='ltr'><strong>δια</strong></span> <span class='ocrx_word' id='word_1_373' title='bbox 667 3810 730 3894; x_wconf 78' lang='grc' dir='ltr'><strong>γὰρ</strong></span> <span class='ocrx_word' id='word_1_374' title='bbox 745 3819 806 3876; x_wconf 85' lang='grc' dir='ltr'><strong>των</strong></span> <span class='ocrx_word' id='word_1_375' title='bbox 827 3819 977 3895; x_wconf 82' lang='grc' dir='ltr'><strong>ποταμῶν</strong></span> <span class='ocrx_word' id='word_1_376' title='bbox 998 3812 1057 3896; x_wconf 80' lang='grc' dir='ltr'><strong>τήν</strong></span> <span class='ocrx_word' id='word_1_377' title='bbox 1099 3810 1238 3890; x_wconf 70' lang='grc' dir='ltr'><strong>πείθοιο,</strong></span> <span class='ocrx_word' id='word_1_378' title='bbox 1247 3811 1329 3891; x_wconf 84' lang='lat' dir='ltr'><strong>quia</strong></span> <span class='ocrx_word' id='word_1_379' title='bbox 1337 3809 1535 3875; x_wconf 81' lang='lat' dir='ltr'><strong>fluminibus</strong></span> <span class='ocrx_word' id='word_1_380' title='bbox 1544 3810 1673 3874; x_wconf 83' lang='lat' dir='ltr'><strong>aridam</strong></span> <span class='ocrx_word' id='word_1_381' title='bbox 1686 3811 1849 3890; x_wconf 79' lang='lat' dir='ltr'><strong>signavit.</strong></span> 
     </span>
     <span class='ocr_line' id='line_1_34' title="bbox 305 3907 1861 3999; baseline 0.001 -23"><span class='ocrx_word' id='word_1_382' title='bbox 305 3915 436 3998; x_wconf 85' lang='grc' dir='ltr'><strong>ήπειρον</strong></span> <span class='ocrx_word' id='word_1_383' title='bbox 458 3911 694 3997; x_wconf 82' lang='grc' dir='ltr'><strong>παρεδήλωσεν.</strong></span> <span class='ocrx_word' id='word_1_384' title='bbox 712 3951 753 3961; x_wconf 92' lang='lat'><em>-</em></span> <span class='ocrx_word' id='word_1_385' title='bbox 770 3907 815 3978; x_wconf 91' lang='grc' dir='ltr'><strong><em>Ἢ</em></strong></span> <span class='ocrx_word' id='word_1_386' title='bbox 838 3915 909 3999; x_wconf 84' lang='grc' dir='ltr'><strong>περὶ</strong></span> <span class='ocrx_word' id='word_1_387' title='bbox 927 3923 982 3979; x_wconf 85' lang='grc' dir='ltr'><strong>τοῦ</strong></span> <span class='ocrx_word' id='word_1_388' title='bbox 997 3913 1058 3978; x_wconf 76' lang='lat' dir='ltr'><strong>En</strong></span> <span class='ocrx_word' id='word_1_389' title='bbox 1102 3949 1140 3959; x_wconf 93' lang='lat'>-</span> <span class='ocrx_word' id='word_1_390' title='bbox 1156 3915 1219 3978; x_wconf 87' lang='lat' dir='ltr'><strong>Vel</strong></span> <span class='ocrx_word' id='word_1_391' title='bbox 1238 3914 1278 3978; x_wconf 91' lang='lat' dir='ltr'><strong>de</strong></span> <span class='ocrx_word' id='word_1_392' title='bbox 1295 3915 1468 3995; x_wconf 80' lang='lat' dir='ltr'><strong>Euphrate</strong></span> <span class='ocrx_word' id='word_1_393' title='bbox 1484 3915 1645 3995; x_wconf 90' lang='lat' dir='ltr'><strong>loquitur.</strong></span> <span class='ocrx_word' id='word_1_394' title='bbox 1670 3917 1736 3979; x_wconf 83' lang='lat' dir='ltr'><strong>Eas</strong></span> <span class='ocrx_word' id='word_1_395' title='bbox 1759 3916 1861 3992; x_wconf 36' lang='lat' dir='ltr'><strong>enim,</strong></span> 
     </span>
     <span class='ocr_line' id='line_1_35' title="bbox 306 4015 1853 4103; baseline 0.001 -23"><span class='ocrx_word' id='word_1_396' title='bbox 306 4016 427 4101; x_wconf 81' lang='grc' dir='ltr'><strong>φράτου</strong></span> <span class='ocrx_word' id='word_1_397' title='bbox 449 4015 537 4101; x_wconf 78' lang='grc' dir='ltr'><strong>λέγει</strong></span> <span class='ocrx_word' id='word_1_398' title='bbox 561 4027 716 4102; x_wconf 81' lang='grc' dir='ltr'><strong>ποταμοῦ.</strong></span> <span class='ocrx_word' id='word_1_399' title='bbox 741 4017 852 4083; x_wconf 84' lang='grc' dir='ltr'><strong>Ταῦτα</strong></span> <span class='ocrx_word' id='word_1_400' title='bbox 880 4019 942 4103; x_wconf 75' lang='grc' dir='ltr'><strong>γὰρ</strong></span> <span class='ocrx_word' id='word_1_401' title='bbox 972 4021 1057 4084; x_wconf 81' lang='grc' dir='ltr'><strong>κατὰ</strong></span> <span class='ocrx_word' id='word_1_402' title='bbox 1099 4018 1135 4080; x_wconf 92' lang='lat' dir='ltr'><strong>in</strong></span> <span class='ocrx_word' id='word_1_403' title='bbox 1162 4018 1306 4082; x_wconf 84' lang='lat' dir='ltr'><strong>decursu</strong></span> <span class='ocrx_word' id='word_1_404' title='bbox 1333 4021 1524 4098; x_wconf 88' lang='lat' dir='ltr'><strong>temporum</strong></span> <span class='ocrx_word' id='word_1_405' title='bbox 1552 4019 1714 4082; x_wconf 82' lang='lat' dir='ltr'><strong>Israelitae</strong></span> <span class='ocrx_word' id='word_1_406' title='bbox 1740 4019 1853 4082; x_wconf 83' lang='lat' dir='ltr'><strong>varias</strong></span> 
     </span>
     <span class='ocr_line' id='line_1_36' title="bbox 304 4117 1852 4208; baseline 0.001 -24"><span class='ocrx_word' id='word_1_407' title='bbox 304 4121 433 4203; x_wconf 82' lang='grc' dir='ltr'><strong>καιροὺς</strong></span> <span class='ocrx_word' id='word_1_408' title='bbox 449 4117 614 4204; x_wconf 79' lang='grc' dir='ltr'><strong>φαίνονται</strong></span> <span class='ocrx_word' id='word_1_409' title='bbox 634 4119 820 4205; x_wconf 83' lang='grc' dir='ltr'><strong>οἰκήσαντες</strong></span> <span class='ocrx_word' id='word_1_410' title='bbox 841 4121 976 4208; x_wconf 80' lang='grc' dir='ltr'><strong>τὰμέρη</strong></span> <span class='ocrx_word' id='word_1_411' title='bbox 993 4123 1058 4188; x_wconf 87' lang='grc' dir='ltr'><strong>δια-</strong></span> <span class='ocrx_word' id='word_1_412' title='bbox 1099 4122 1189 4186; x_wconf 86' lang='lat' dir='ltr'><strong>orbis</strong></span> <span class='ocrx_word' id='word_1_413' title='bbox 1203 4126 1316 4203; x_wconf 84' lang='lat' dir='ltr'><strong>partes</strong></span> <span class='ocrx_word' id='word_1_414' title='bbox 1332 4121 1583 4186; x_wconf 81' lang='lat' dir='ltr'><strong>inhabitavisee</strong></span> <span class='ocrx_word' id='word_1_415' title='bbox 1595 4121 1764 4186; x_wconf 81' lang='lat' dir='ltr'><strong>videntur.</strong></span> <span class='ocrx_word' id='word_1_416' title='bbox 1779 4123 1852 4203; x_wconf 83' lang='lat' dir='ltr'><strong>Vel,</strong></span> 
     </span>
     <span class='ocr_line' id='line_1_37' title="bbox 306 4218 1894 4312; baseline 0 -24"><span class='ocrx_word' id='word_1_417' title='bbox 306 4223 409 4309; x_wconf 82' lang='grc' dir='ltr'><strong>φθρως</strong></span> <span class='ocrx_word' id='word_1_418' title='bbox 420 4222 625 4308; x_wconf 80' lang='grc' dir='ltr'><strong>Ἰσραηλῖται.</strong></span> <span class='ocrx_word' id='word_1_419' title='bbox 644 4218 691 4290; x_wconf 89' lang='grc' dir='ltr'><strong>Ἦ</strong></span> <span class='ocrx_word' id='word_1_420' title='bbox 705 4223 885 4310; x_wconf 76' lang='grc' dir='ltr'><strong>θάλασσαν,</strong></span> <span class='ocrx_word' id='word_1_421' title='bbox 902 4225 945 4306; x_wconf 80' lang='grc' dir='ltr'><strong>θις</strong></span> <span class='ocrx_word' id='word_1_422' title='bbox 956 4248 1058 4312; x_wconf 86' lang='grc' dir='ltr'><strong>προει-</strong></span> <span class='ocrx_word' id='word_1_423' title='bbox 1099 4231 1139 4288; x_wconf 91' lang='lat' dir='ltr'><strong>ut</strong></span> <span class='ocrx_word' id='word_1_424' title='bbox 1156 4228 1250 4308; x_wconf 86' lang='lat' dir='ltr'><strong>prius</strong></span> <span class='ocrx_word' id='word_1_425' title='bbox 1266 4225 1425 4304; x_wconf 82' lang='lat' dir='ltr'><strong>diximus,</strong></span> <span class='ocrx_word' id='word_1_426' title='bbox 1442 4243 1536 4289; x_wconf 86' lang='lat' dir='ltr'><strong>mare</strong></span> <span class='ocrx_word' id='word_1_427' title='bbox 1553 4230 1651 4290; x_wconf 80' lang='lat' dir='ltr'><strong>vocat</strong></span> <span class='ocrx_word' id='word_1_428' title='bbox 1665 4226 1851 4306; x_wconf 89' lang='lat' dir='ltr'><strong>meridiem,</strong></span> <span class='ocrx_word' id='word_1_429' title='bbox 1893 4271 1894 4276; x_wconf 21' lang='grc' dir='ltr'><strong>ι</strong></span> 
     </span>
     <span class='ocr_line' id='line_1_38' title="bbox 306 4325 1854 4416; baseline 0.002 -25"><span class='ocrx_word' id='word_1_430' title='bbox 306 4325 459 4413; x_wconf 84' lang='grc' dir='ltr'><strong>ρήκοιμεν,</strong></span> <span class='ocrx_word' id='word_1_431' title='bbox 482 4329 540 4414; x_wconf 84' lang='grc' dir='ltr'><strong>τήν</strong></span> <span class='ocrx_word' id='word_1_432' title='bbox 562 4327 596 4394; x_wconf 87' lang='grc' dir='ltr'><strong>ἐν</strong></span> <span class='ocrx_word' id='word_1_433' title='bbox 619 4328 751 4415; x_wconf 85' lang='grc' dir='ltr'><strong>δυσμαῖς</strong></span> <span class='ocrx_word' id='word_1_434' title='bbox 766 4327 875 4414; x_wconf 82' lang='grc' dir='ltr'><strong>χώραν</strong></span> <span class='ocrx_word' id='word_1_435' title='bbox 897 4352 984 4416; x_wconf 82' lang='grc' dir='ltr'><strong>φησι,</strong></span> <span class='ocrx_word' id='word_1_436' title='bbox 1001 4351 1057 4395; x_wconf 88' lang='grc' dir='ltr'><strong>πο-</strong></span> <span class='ocrx_word' id='word_1_437' title='bbox 1106 4333 1140 4394; x_wconf 86' lang='lat' dir='ltr'><strong>et</strong></span> <span class='ocrx_word' id='word_1_438' title='bbox 1167 4331 1202 4393; x_wconf 94' lang='lat' dir='ltr'><strong>in</strong></span> <span class='ocrx_word' id='word_1_439' title='bbox 1226 4327 1366 4392; x_wconf 85' lang='lat' dir='ltr'><strong>flumine</strong></span> <span class='ocrx_word' id='word_1_440' title='bbox 1390 4329 1440 4391; x_wconf 83' lang='lat' dir='ltr'><strong>eit</strong></span> <span class='ocrx_word' id='word_1_441' title='bbox 1461 4329 1605 4409; x_wconf 82' lang='lat' dir='ltr'><strong>positum</strong></span> <span class='ocrx_word' id='word_1_442' title='bbox 1632 4331 1720 4394; x_wconf 89' lang='lat' dir='ltr'><strong>inter</strong></span> <span class='ocrx_word' id='word_1_443' title='bbox 1742 4329 1854 4394; x_wconf 90' lang='lat' dir='ltr'><strong>flumi-</strong></span> 
     </span>
     <span class='ocr_line' id='line_1_39' title="bbox 304 4429 1853 4521; baseline 0.003 -29"><span class='ocrx_word' id='word_1_444' title='bbox 304 4431 403 4516; x_wconf 84' lang='grc' dir='ltr'><strong>ταμὸν</strong></span> <span class='ocrx_word' id='word_1_445' title='bbox 418 4431 474 4495; x_wconf 79' lang='grc' dir='ltr'><strong>καὶ</strong></span> <span class='ocrx_word' id='word_1_446' title='bbox 486 4432 545 4516; x_wconf 80' lang='grc' dir='ltr'><strong>τήν</strong></span> <span class='ocrx_word' id='word_1_447' title='bbox 557 4429 657 4516; x_wconf 81' lang='grc' dir='ltr'><strong>μέσην</strong></span> <span class='ocrx_word' id='word_1_448' title='bbox 668 4439 730 4497; x_wconf 85' lang='grc' dir='ltr'><strong>των</strong></span> <span class='ocrx_word' id='word_1_449' title='bbox 742 4442 901 4518; x_wconf 85' lang='grc' dir='ltr'><strong>ποταμῶν,</strong></span> <span class='ocrx_word' id='word_1_450' title='bbox 912 4435 1055 4521; x_wconf 84' lang='grc' dir='ltr'><strong>ήτοιιήν</strong></span> <span class='ocrx_word' id='word_1_451' title='bbox 1102 4449 1148 4496; x_wconf 83' lang='lat' dir='ltr'><strong>nu</strong></span> <span class='ocrx_word' id='word_1_452' title='bbox 1178 4435 1364 4513; x_wconf 82' lang='lat' dir='ltr'><strong>regionem,</strong></span> <span class='ocrx_word' id='word_1_453' title='bbox 1396 4433 1430 4496; x_wconf 94' lang='lat' dir='ltr'><strong>id</strong></span> <span class='ocrx_word' id='word_1_454' title='bbox 1461 4436 1512 4496; x_wconf 87' lang='lat' dir='ltr'><strong>est</strong></span> <span class='ocrx_word' id='word_1_455' title='bbox 1532 4435 1713 4498; x_wconf 85' lang='lat' dir='ltr'><strong>Orientem.</strong></span> <span class='ocrx_word' id='word_1_456' title='bbox 1736 4436 1853 4500; x_wconf 81' lang='lat' dir='ltr'><strong>Decla-</strong></span> 
     </span>
     <span class='ocr_line' id='line_1_40' title="bbox 304 4532 1853 4624; baseline 0.003 -26"><span class='ocrx_word' id='word_1_457' title='bbox 304 4532 482 4618; x_wconf 81' lang='grc' dir='ltr'><strong>ἀνατολήν·</strong></span> <span class='ocrx_word' id='word_1_458' title='bbox 498 4537 593 4620; x_wconf 70' lang='grc' dir='ltr'><strong>φησιν</strong></span> <span class='ocrx_word' id='word_1_459' title='bbox 616 4536 671 4601; x_wconf 81' lang='grc' dir='ltr'><strong>οὖν</strong></span> <span class='ocrx_word' id='word_1_460' title='bbox 686 4537 733 4600; x_wconf 81' lang='grc' dir='ltr'><strong>ὅτι</strong></span> <span class='ocrx_word' id='word_1_461' title='bbox 749 4536 793 4615; x_wconf 85' lang='grc' dir='ltr'><strong>εἰς</strong></span> <span class='ocrx_word' id='word_1_462' title='bbox 814 4546 921 4603; x_wconf 81' lang='grc' dir='ltr'><strong>πᾶσαν</strong></span> <span class='ocrx_word' id='word_1_463' title='bbox 937 4541 995 4624; x_wconf 86' lang='grc' dir='ltr'><strong>τήν</strong></span> <span class='ocrx_word' id='word_1_464' title='bbox 1011 4539 1054 4604; x_wconf 84' lang='grc' dir='ltr'><strong>οἰ·</strong></span> <span class='ocrx_word' id='word_1_465' title='bbox 1099 4543 1154 4602; x_wconf 84' lang='lat' dir='ltr'><strong>rat</strong></span> <span class='ocrx_word' id='word_1_466' title='bbox 1176 4553 1259 4616; x_wconf 79' lang='lat' dir='ltr'><strong>ergo</strong></span> <span class='ocrx_word' id='word_1_467' title='bbox 1282 4556 1343 4620; x_wconf 93' lang='lat' dir='ltr'><strong>per</strong></span> <span class='ocrx_word' id='word_1_468' title='bbox 1366 4538 1564 4601; x_wconf 84' lang='lat' dir='ltr'><strong>universum</strong></span> <span class='ocrx_word' id='word_1_469' title='bbox 1588 4539 1703 4603; x_wconf 89' lang='lat' dir='ltr'><strong>orbem</strong></span> <span class='ocrx_word' id='word_1_470' title='bbox 1719 4539 1789 4603; x_wconf 89' lang='lat' dir='ltr'><strong>fore</strong></span> <span class='ocrx_word' id='word_1_471' title='bbox 1813 4543 1853 4603; x_wconf 90' lang='lat' dir='ltr'><strong>ut</strong></span> 
     </span>
     <span class='ocr_line' id='line_1_41' title="bbox 302 4637 1851 4727; baseline 0.002 -23"><span class='ocrx_word' id='word_1_472' title='bbox 302 4637 493 4725; x_wconf 84' lang='grc' dir='ltr'><strong>κουμένηνή</strong></span> <span class='ocrx_word' id='word_1_473' title='bbox 509 4637 549 4704; x_wconf 83' lang='grc' dir='ltr'><strong>δι’</strong></span> <span class='ocrx_word' id='word_1_474' title='bbox 560 4637 825 4724; x_wconf 75' lang='grc' dir='ltr'><strong>αὐτοῖτταρουσία</strong></span> <span class='ocrx_word' id='word_1_475' title='bbox 836 4640 1053 4727; x_wconf 77' lang='grc' dir='ltr'><strong>ἐκτεθήσεται.</strong></span> <span class='ocrx_word' id='word_1_476' title='bbox 1097 4643 1278 4726; x_wconf 84' lang='lat' dir='ltr'><strong>praesentia</strong></span> <span class='ocrx_word' id='word_1_477' title='bbox 1300 4659 1364 4706; x_wconf 82' lang='lat' dir='ltr'><strong>suu</strong></span> <span class='ocrx_word' id='word_1_478' title='bbox 1386 4643 1623 4705; x_wconf 81' lang='lat' dir='ltr'><strong>constituetur.</strong></span> <span class='ocrx_word' id='word_1_479' title='bbox 1641 4679 1682 4689; x_wconf 90' lang='lat'><em>-</em></span> <span class='ocrx_word' id='word_1_480' title='bbox 1700 4645 1851 4707; x_wconf 84' lang='lat' dir='ltr'><strong>Alteram</strong></span> 
     </span>
     <span class='ocr_line' id='line_1_42' title="bbox 306 4741 1847 4832; baseline 0.003 -24"><span class='ocrx_word' id='word_1_481' title='bbox 306 4741 423 4828; x_wconf 87' lang='grc' dir='ltr'><strong>-Τήν</strong></span> <span class='ocrx_word' id='word_1_482' title='bbox 435 4742 491 4828; x_wconf 81' lang='grc' dir='ltr'><strong>μὲν</strong></span> <span class='ocrx_word' id='word_1_483' title='bbox 503 4741 612 4827; x_wconf 79' lang='grc' dir='ltr'><strong>ἑτέραν</strong></span> <span class='ocrx_word' id='word_1_484' title='bbox 628 4743 715 4827; x_wconf 76' lang='grc' dir='ltr'><strong>παρὰ</strong></span> <span class='ocrx_word' id='word_1_485' title='bbox 727 4744 785 4829; x_wconf 84' lang='grc' dir='ltr'><strong>τήν</strong></span> <span class='ocrx_word' id='word_1_486' title='bbox 799 4743 904 4824; x_wconf 75' lang='grc' dir='ltr'><strong>δεξιὰν</strong></span> <span class='ocrx_word' id='word_1_487' title='bbox 916 4754 1010 4832; x_wconf 81' lang='grc' dir='ltr'><strong>χεῖρα</strong></span> <span class='ocrx_word' id='word_1_488' title='bbox 1020 4746 1055 4811; x_wconf 81' lang='grc' dir='ltr'><strong>ἐν</strong></span> <span class='ocrx_word' id='word_1_489' title='bbox 1097 4764 1355 4828; x_wconf 80' lang='lat' dir='ltr'><strong>menumquam</strong></span> <span class='ocrx_word' id='word_1_490' title='bbox 1378 4746 1552 4810; x_wconf 81' lang='lat' dir='ltr'><strong>dexterum</strong></span> <span class='ocrx_word' id='word_1_491' title='bbox 1568 4749 1664 4828; x_wconf 90' lang='lat' dir='ltr'><strong>ponit</strong></span> <span class='ocrx_word' id='word_1_492' title='bbox 1683 4750 1719 4812; x_wconf 92' lang='lat' dir='ltr'><strong>in</strong></span> <span class='ocrx_word' id='word_1_493' title='bbox 1735 4766 1847 4829; x_wconf 78' lang='lat' dir='ltr'><strong>mare,</strong></span> 
     </span>
     <span class='ocr_line' id='line_1_43' title="bbox 303 4843 1852 4937; baseline 0.006 -28"><span class='ocrx_word' id='word_1_494' title='bbox 303 4843 466 4930; x_wconf 84' lang='grc' dir='ltr'><strong>θαλάσση,</strong></span> <span class='ocrx_word' id='word_1_495' title='bbox 482 4847 540 4932; x_wconf 86' lang='grc' dir='ltr'><strong>τήν</strong></span> <span class='ocrx_word' id='word_1_496' title='bbox 556 4846 590 4910; x_wconf 85' lang='grc' dir='ltr'><strong>δὲ</strong></span> <span class='ocrx_word' id='word_1_497' title='bbox 606 4846 709 4926; x_wconf 75' lang='grc' dir='ltr'><strong>δεξιὰν</strong></span> <span class='ocrx_word' id='word_1_498' title='bbox 723 4847 758 4914; x_wconf 81' lang='grc' dir='ltr'><strong>ἐν</strong></span> <span class='ocrx_word' id='word_1_499' title='bbox 772 4857 942 4934; x_wconf 82' lang='grc' dir='ltr'><strong>ποταμοῖς·</strong></span> <span class='ocrx_word' id='word_1_500' title='bbox 956 4872 1054 4916; x_wconf 89' lang='grc' dir='ltr'><strong>ποτα-</strong></span> <span class='ocrx_word' id='word_1_501' title='bbox 1101 4851 1274 4915; x_wconf 84' lang='lat' dir='ltr'><strong>dexteram</strong></span> <span class='ocrx_word' id='word_1_502' title='bbox 1291 4867 1371 4914; x_wconf 83' lang='lat' dir='ltr'><strong>vero</strong></span> <span class='ocrx_word' id='word_1_503' title='bbox 1387 4851 1422 4912; x_wconf 91' lang='lat' dir='ltr'><strong>in</strong></span> <span class='ocrx_word' id='word_1_504' title='bbox 1435 4847 1645 4916; x_wconf 89' lang='lat' dir='ltr'><strong>fluminibus.</strong></span> <span class='ocrx_word' id='word_1_505' title='bbox 1659 4853 1719 4937; x_wconf 43' lang='lat' dir='ltr'><strong>,Eu</strong></span> <span class='ocrx_word' id='word_1_506' title='bbox 1740 4851 1852 4918; x_wconf 85' lang='lat' dir='ltr'><strong>flumi-</strong></span> 
     </span>
    </p>
   </div>
   <div class='ocr_carea' id='block_1_3' title="bbox 309 5049 1559 5209">
    <p class='ocr_par' dir='ltr' id='par_1_10' title="bbox 309 5049 1559 5209">
     <span class='ocr_line' id='line_1_44' title="bbox 340 5049 1339 5124; baseline 0.004 -20"><span class='ocrx_word' id='word_1_507' title='bbox 340 5067 367 5104; x_wconf 94' lang='lat' dir='ltr'><strong>v.</strong></span> <span class='ocrx_word' id='word_1_508' title='bbox 380 5049 423 5104; x_wconf 83' lang='lat'><strong>23.</strong></span> <span class='ocrx_word' id='word_1_509' title='bbox 438 5049 506 5106; x_wconf 79' lang='lat' dir='ltr'><strong>Vnt.</strong></span> <span class='ocrx_word' id='word_1_510' title='bbox 518 5051 544 5106; x_wconf 87' lang='grc'><strong>2.</strong></span> <span class='ocrx_word' id='word_1_511' title='bbox 557 5049 687 5106; x_wconf 76' lang='lat' dir='ltr'><strong>Laurent</strong></span> <span class='ocrx_word' id='word_1_512' title='bbox 698 5049 744 5107; x_wconf 92' lang='lat' dir='ltr'><strong>Pl.</strong></span> <span class='ocrx_word' id='word_1_513' title='bbox 759 5067 799 5120; x_wconf 84' lang='grc' dir='ltr'><strong>τι,</strong></span> <span class='ocrx_word' id='word_1_514' title='bbox 812 5051 837 5108; x_wconf 85' lang='grc' dir='ltr'><strong>θ.</strong></span> <span class='ocrx_word' id='word_1_515' title='bbox 852 5051 957 5110; x_wconf 76' lang='lat' dir='ltr'><strong>Matth.</strong></span> <span class='ocrx_word' id='word_1_516' title='bbox 969 5071 1053 5124; x_wconf 86' lang='lat' dir='ltr'><strong>xxrr,</strong></span> <span class='ocrx_word' id='word_1_517' title='bbox 1133 5072 1160 5122; x_wconf 88' lang='lat' dir='ltr'><strong>v,</strong></span> <span class='ocrx_word' id='word_1_518' title='bbox 1174 5055 1218 5109; x_wconf 84' lang='grc'><strong>25.</strong></span> <span class='ocrx_word' id='word_1_519' title='bbox 1232 5055 1299 5110; x_wconf 81' lang='lat' dir='ltr'><strong>vat.</strong></span> <span class='ocrx_word' id='word_1_520' title='bbox 1313 5054 1339 5108; x_wconf 82' lang='lat'><strong>4.</strong></span> 
     </span>
     <span class='ocr_line' id='line_1_45' title="bbox 309 5135 1559 5209; baseline -0.01 -3"><span class='ocrx_word' id='word_1_521' title='bbox 309 5135 351 5190; x_wconf 74' lang='lat'><strong>3⁸·</strong></span> <span class='ocrx_word' id='word_1_522' title='bbox 1132 5160 1159 5198; x_wconf 85' lang='lat' dir='ltr'><strong>v.</strong></span> <span class='ocrx_word' id='word_1_523' title='bbox 1172 5143 1215 5198; x_wconf 87' lang='grc'><strong>26.</strong></span> <span class='ocrx_word' id='word_1_524' title='bbox 1229 5141 1296 5198; x_wconf 79' lang='lat' dir='ltr'><strong>Vat.</strong></span> <span class='ocrx_word' id='word_1_525' title='bbox 1309 5141 1335 5196; x_wconf 85' lang='grc'><strong>4.</strong></span> <span class='ocrx_word' id='word_1_526' title='bbox 1349 5139 1369 5198; x_wconf 86' lang='lat' dir='ltr'><strong>J</strong></span> <span class='ocrx_word' id='word_1_527' title='bbox 1371 5155 1435 5196; x_wconf 75' lang='lat' dir='ltr'><strong>oen.</strong></span> <span class='ocrx_word' id='word_1_528' title='bbox 1450 5155 1501 5209; x_wconf 81' lang='lat' dir='ltr'><strong>vn,</strong></span> <span class='ocrx_word' id='word_1_529' title='bbox 1515 5140 1559 5196; x_wconf 82' lang='lat'><strong>38.</strong></span> 
     </span>
    </p>
   </div>
   <div class='ocr_carea' id='block_1_4' title="bbox 0 0 2022 6087">
    <p class='ocr_par' dir='ltr' id='par_1_11' title="bbox 0 0 2022 6087">
     <span class='ocr_line' id='line_1_46' title="bbox 0 0 2022 6087; baseline 0 0"><span class='ocrx_word' id='word_1_530' title='bbox 0 0 2022 6087; x_wconf 95' lang='lat' dir='ltr'><strong> </strong></span> 
     </span>
    </p>
   </div>
  </div>
 </body>
</html>
