4020 6098
296 453 361 515 260
965 453 1175 516 ORIGENES

293 589 400 674 αὐτοῦ,
416 593 472 656 καί
488 589 601 657 ἰάσατο
613 591 737 672 αύτούς,
752 591 808 654 καί
823 587 975 674 ἐρρύσατο
989 591 1044 654 aa
1087 593 1182 655 misit
1203 595 1352 659 Verbum
1380 615 1491 660 suum.
1518 601 1553 661 et
1566 598 1700 662 sanavit
1715 615 1781 679 eos,
1798 603 1832 662 et

292 697 366 772 τοὺς
382 695 420 760 ἐκ
432 704 494 759 τῷν
506 694 680 780 διαφθερῶν
693 695 806 759 αὐτῶν.
818 691 973 779 Ἔρχεται
988 694 1043 758 οὖν
1086 697 1214 776 epipuit
1228 715 1284 762 eos
1303 717 1345 761 ex
1369 701 1657 765 internecionibus
1673 719 1828 767 eorum.»

293 796 433 884 δΛύγος
455 800 744 865 ultroneitate
766 801 839 875 τοὺς
862 797 1042 885 ὀφθαλμούς
1085 801 1187 862 Venit
1208 818 1290 879 ergo
1313 803 1472 883 Verbum,
1496 807 1531 867 et
1553 807 1680 868 revelat
1702 807 1828 884 oeulos,

295 902 453 989 περαίρων
469 907 507 969 τὸ
529 903 697 990 κάλυμμα·
717 901 812 987 ἡνίκα
826 904 888 993 γὰρ
903 901 1043 985 ἐπιστρέ-
1084 905 1206 968 tollens
1221 906 1356 986 velum;
1384 907 1518 987 quando
1542 909 1634 972 enim-
1655 910 1731 990 quis
1753 925 1830 973 oon-

294 1008 347 1092 ψει
373 1028 419 1084 τις
445 1009 522 1092 πρὸς
544 1006 671 1091 Κύριον,
695 1014 902 1092 περιαιρεῖται
927 1007 963 1070 τὸ
985 1005 1042 1070 κὰ-
1084 1008 1228 1071 vertitur
1246 1009 1288 1072 ad
1303 1011 1495 1090 Dominum,
1511 1011 1643 1075 tollitur
1657 1011 1700 1074 ab
1715 1029 1754 1075 eo
1777 1027 1834 1075 ve·

294 1111 413 1198 λυμμα.
606 1134 612 1144 ’
1083 1110 1206 1176 lamen.

336 1237 367 1281 v.
385 1218 436 1281 19.
454 1215 613 1299 Πὰροικος
637 1213 699 1300 ἐγώ
716 1215 778 1301 εἰμι
800 1213 834 1282 ἐν
856 1223 895 1300 τῷ
910 1223 972 1299 γῇ·
996 1215 1040 1300 μὴ
1127 1216 1166 1276 V.
1184 1217 1234 1278 19.
1250 1216 1362 1281 Incola
1376 1233 1430 1299 epo
1444 1235 1516 1282 aum
1530 1218 1567 1282 in
1579 1223 1679 1300 tarra,
1697 1237 1761 1284 aaa
1774 1217 1827 1284 ab·

293 1319 480 1405 ἁποκρύψτρς
496 1319 550 1384 ἀπ’
563 1319 640 1404 ἐμοῦ
656 1321 712 1397 τὰς
729 1317 859 1396 ἐντολάς
875 1340 941 1383 σου.
1082 1315 1313 1383 scandatum
1327 1319 1481 1385 mottdota
1496 1326 1566 1386 ίιια.

337 1421 375 1489 ‘0
392 1423 634 1508 προσπεπονθὼς
657 1433 696 1509 τῷ
711 1433 764 1508 γῇ,
779 1421 910 1507 ipsios
932 1423 973 1487 τὰ
993 1422 1041 1488 ἐν·
1127 1421 1192 1494 Qui
1207 1425 1340 1485 terrena
1362 1424 1514 1504 anhelat,
1538 1427 1596 1505 qui
1624 1425 1740 1504 diligit
1755 1443 1831 1507 quaa

291 1527 379 1610 θίιδε,
394 1531 450 1593 καί
466 1530 509 1614 μὴ
526 1526 697 1605 πιστεύσας
720 1529 767 1590 ὅτι
782 1525 929 1604 ἀνάλυσις
951 1529 1041 1591 ἐσται
1083 1523 1138 1586 hio
1153 1529 1244 1605 sunt,
1260 1543 1323 1590 neo
1345 1528 1487 1592 eredidit
1512 1530 1730 1608 migrandum
1754 1549 1828 1596 esse

294 1635 352 1698 σὺν
367 1633 503 1718 Χριστῷ,
520 1633 610 1708 οῦτος
623 1632 666 1716 μὴ
683 1629 813 1716 λεγέτω·
829 1628 987 1714 Πὰροικύς
999 1631 1040 1694 εἰ·
1083 1628 1118 1690 in
1133 1629 1274 1709 Christo,
1287 1631 1374 1695 idem
1384 1651 1426 1696 ne
1438 1634 1558 1697 dicato:
1570 1635 1679 1700 Incola
1691 1653 1745 1719 τρο
1755 1653 1828 1700 som

294 1758 327 1823 μι
342 1737 405 1822 ἐγὼ
420 1736 507 1821 ἐντῷ
522 1746 575 1821 γῇ,
591 1734 664 1799 ἀλλ’
673 1735 749 1800 ίστω
763 1735 810 1799 ύτι
834 1743 978 1798 κατοικεῖ
990 1733 1041 1797 ἐπί
1081 1731 1118 1794 οὐ
1129 1734 1228 1813 mro,
1242 1734 1302 1797 sed
1319 1737 1405 1799 soiat
1417 1755 1455 1801 se
1469 1756 1541 1802 esse
1554 1741 1710 1802 colonum
1726 1757 1827 1822 super

293 1849 352 1924 τῆς
366 1849 444 1926 γῆς·
467 1839 559 1926 ἁγίου
582 1840 637 1905 ούν
652 1837 756 1925 φωνή·
779 1838 833 1925 Μὴ
853 1838 1040 1923 ἀποκρύψῃς
1081 1839 1216 1899 terram.
1245 1839 1358 1902 Sancti
1374 1841 1484 1919 igitur
1497 1859 1563 1905 vox
1579 1847 1643 1906 est:
1669 1845 1752 1910 «Na
1773 1843 1826 1908 αύ-

291 1944 347 2009 ἁπ’
358 1946 435 2031 ἐμοῦ
450 1946 507 2020 τὰς
524 1942 654 2021 ἐντολὰς
670 1965 750 2009 σου.’
1081 1939 1215 2005 scmtdoa
1230 1957 1251 2006 a
1265 1961 1314 2008 me
1325 1944 1477 2009 αιαιιιίαίσ
1492 1951 1558 2010 toa.
1574 1967 1591 2006 ν

333 2071 365 2114 ν.
383 2053 435 2115 20.
452 2047 669 2133 Ἐπεπύθησεν
683 2049 705 2134 ἡ
721 2046 810 2134 ψυχή
828 2068 888 2134 μου
902 2057 959 2112 τοῦ
974 2047 1039 2112 ἐπι·
1124 2047 1163 2109 V.
1176 2046 1229 2109 20.
1245 2046 1552 2128 Concupiaitoaima
1562 2067 1631 2115 meo
1642 2049 1826 2115 ιίεοίιίκααντ

292 2153 430 2239 θυμῆσαι
445 2154 485 2217 τὰ
500 2152 638 2238 κρίματὰ
653 2173 709 2217 σου
725 2153 759 2218 ἐν
773 2153 866 2217 παντί
880 2159 990 2238 καιρῷ.
1074 2147 1203 2228 judicio
1219 2153 1278 2213 tao
1291 2150 1329 2214 ia
1343 2153 1429 2216 omni
1445 2155 1590 2233 tempore.

335 2256 552 2342 Ἐπεπύθησεν
568 2258 585 2321 ὁ
601 2256 696 2321 Δαυίδ
719 2264 835 2341 γνῶναι
854 2257 893 2320 τὰ
915 2254 1040 2320 δικαιώ-
1126 2255 1326 2335 concupivit
1341 2256 1448 2319 David
1464 2273 1601 2320 noscere
1608 2255 1738 2336 judicio
1753 2257 1826 2337 Dei,

291 2381 377 2448 ματα
399 2370 455 2425 τοῦ
478 2359 572 2443 Θεοῦ,
595 2359 626 2424 τί
650 2360 716 2425 ἐστι
749 2358 807 2424 τό·
828 2357 908 2425 ’aar
934 2357 1038 2444 κτήσῃ
1081 2356 1238 2420 videlieet
1256 2359 1338 2439 quid
1356 2361 1401 2423 sit
1419 2359 1500 2423 hoo:
1528 2363 1592 2425 «Si
1609 2361 1730 2424 emeris
1745 2379 1827 2444 pue·

288 2464 387 2528 παῖδα
400 2461 533 2548 ἐύραῖον,
543 2461 576 2542 ἓξ
588 2465 644 2547 ἐτη
658 2461 818 2528 δουλεύσει
830 2483 889 2543 σοι,
902 2462 935 2527 ἐν
949 2463 984 2527 δέ
995 2473 1038 2549 τῷ
1080 2479 1156 2524 rum
1168 2461 1350 2543 hebraeum,
1362 2481 1421 2527 sex
1432 2465 1531 2527 annis
1542 2465 1667 2527 serviet
1681 2465 1755 2545 tibi,
1766 2464 1825 2528 sed

290 2566 412 2654 ἐὰδύμιρ
426 2567 648 2648 ἐξαποστελεῖς
663 2568 758 2631 αὐτὸν
774 2566 946 2649 ἐλεύθερον.
962 2564 1038 2630 Καί·
1079 2565 1116 2628 in
1131 2569 1274 2648 septimo
1289 2568 1439 2632 dimittes
1455 2586 1532 2631 enm
1548 2569 1747 2633 liberumi»
1772 2571 1825 2633 Et:

289 2673 345 2749 uc
365 2673 478 2758 ἠγάπα
500 2681 635 2758 γυναῖκα
657 2673 712 2736 καί
730 2671 770 2734 τὰ
792 2670 909 2754 ταύτης
931 2667 1037 2753 τέκνα,
1083 2672 1240 2754 «Aliquis
1252 2673 1371 2736 dilexit
1382 2675 1560 2737 mulierem
1569 2675 1733 2739 etliberos
1743 2675 1828 2755 ejus,

290 2777 337 2842 διὸ
362 2779 463 2863 αὐτὴν
486 2776 653 2862 ἐλευθέραν
675 2774 845 2840 ἀπωθεῖται
868 2776 885 2839 b
908 2773 1037 2861 δοῦλος;
1079 2783 1215 2857 propter
1226 2794 1327 2858 quam
1340 2795 1458 2842 servus
1470 2780 1610 2843 liberam
1626 2798 1701 2844 eam
1716 2780 1827 2844 dimit-

291 2877 358 2946 Καί
380 2880 425 2958 τίς
448 2881 465 2944 ὁ
488 2879 582 2965 λύγος
600 2890 657 2945 τοῦ
679 2876 927 2964 τιθρωσκομένου
950 2878 1037 2961 ίυτὰς,
1079 2885 1164 2943 tet.»
1182 2882 1226 2943 Et
1239 2899 1316 2963 quae
1327 2883 1413 2945 ratio
1425 2883 1609 2946 vulnerata
1620 2886 1723 2964 auris,
1739 2895 1773 2948 et
1787 2903 1829 2948 se·

289 2987 343 3050 κοιί
359 2995 416 3072 τῆς
431 2984 557 3049 αἰωνίου
580 2981 723 3062 δουλείας
738 2982 811 3068 “dot
829 2982 939 3059 δοῦλος
962 3002 1037 3067 προ·
1078 2989 1183 3047 ternae
1198 2985 1372 3048 servitutis
1388 3003 1490 3065 quam
1504 3003 1621 3050 servus
1634 2989 1830 3069 preelegit?

289 3087 408 3172 είλετο;
425 3127 466 3137 -
480 3089 519 3154 Τί
529 3087 647 3173 δήποτε
660 3087 718 3151 ούκ
730 3089 827 3153 εἶπεν·
843 3086 1038 3172 ἐπεπύθηοεν
1080 3088 1124 3150 Ut
1139 3086 1220 3168 quid
1231 3087 1367 3151 demum
1379 3105 1445 3152 non
1462 3090 1558 3153 dixit:
1576 3093 1776 3173 concupivit
1790 3110 1825 3155 a·

288 3191 309 3277 ἡ
327 3192 415 3280 ψυχή
433 3216 492 3280 μου
507 3195 548 3257 τὰ
564 3191 700 3278 κρίματὰ
717 3212 784 3274 σου,
800 3189 1037 3274 ἀλλ’,ἐπεπύθῷ
1079 3190 1172 3254 nima
1187 3208 1262 3254 mea
1269 3190 1399 3270 judicis
1411 3197 1480 3272 tua,
1492 3193 1550 3256 sed
1561 3194 1666 3258 dixit:
1681 3197 1825 3278 concapi-

289 3318 325 3362 σε
341 3309 397 3362 τοῦ
413 3297 602 3383 ἐπιθυμῆσαι
617 3297 657 3360 τὰ
671 3293 809 3382 κρίματὰ
823 3317 899 3380 σου,
921 3293 963 3372 ὡς
979 3295 1038 3360 οὐκ
1078 3295 1127 3358 ait
1146 3293 1328 3359 ιίουιλίτνῦνε
1343 3295 1473 3376 judicio
1489 3301 1567 3361 tem?
1585 3299 1728 3363 Perinde
1743 3318 1782 3363 ao
1796 3302 1828 3365 ai

288 3402 322 3467 ἐν
342 3400 416 3488 ἡμῖν
439 3402 528 3478 ὄντος
550 3411 605 3466 τοῦ
628 3400 816 3486 ἐπιθυμῆσαι
837 3401 878 3464 τὰ
900 3399 1038 3484 κρίματα
1077 3413 1180 3477 penes
1204 3416 1264 3461 nos
1286 3415 1354 3462 non
1378 3404 1466 3464 esset
1488 3401 1677 3466 desiderare
1695 3403 1827 3484 judicia

285 3517 342 3572 τοῦ
358 3505 451 3587 Θεοῦ,
468 3505 552 3571 ἀλλὰ
574 3515 635 3570 τῶν
650 3505 777 3589 καθαρᾷ
799 3513 837 3590 τῷ
862 3503 1036 3588 συνειδήσει
1078 3501 1149 3580 Dei,
1161 3501 1219 3564 sad
1235 3519 1351 3565 eorum
1370 3504 1470 3574 modo¹
1483 3506 1542 3585 qni
1555 3523 1633 3568 eum
1644 3524 1730 3586 pura
1745 3524 1822 3570 eon-

286 3607 498 3695 λατρευύντων
514 3619 557 3696 τῷ
570 3607 651 3694 Θεῷ,
665 3611 762 3686 οῦτως
778 3609 814 3672 ού
830 3608 954 3672 πὰντων
969 3610 1035 3674 ἐστὶ
1077 3606 1220 3668 seientia
1235 3607 1304 3670 Deo
1323 3609 1494 3688 serviunt3
1518 3609 1566 3670 ita
1579 3612 1733 3673 omnium
1756 3627 1823 3674 non

287 3716 322 3778 τὸ
338 3714 527 3800 ἐπιθυμῆσαι
550 3715 590 3778 τὰ
605 3712 743 3797 κρίματα
758 3711 792 3776 ἐν
815 3712 906 3776 παντί
926 3721 1036 3800 καιρῷ,
1077 3715 1129 3773 est
1143 3710 1332 3774 desiderare
1351 3711 1481 3791 judicia
1504 3713 1539 3775 iu
1556 3715 1823 3796 omnitempore,

289 3817 373 3880 ἀλλὰ
394 3815 495 3902 μύνων
509 3827 570 3882 τῦν
594 3818 636 3903 μὴ
660 3813 914 3902 ἁμαρτανόντων.
937 3815 991 3882 Ἐν
1007 3817 1037 3881 ἐ-
1076 3814 1136 3878 sed
1156 3816 1333 3879 dumtaxat
1347 3833 1463 3878 eorum
1486 3819 1545 3897 qui
1569 3835 1636 3880 non
1667 3823 1823 3900 peceant5

287 3921 380 4005 κείνῳ
395 3922 457 4005 γὰρ
479 3931 523 4007 τῷ
546 3930 645 4005 καιρῷ
668 3921 702 3985 ἐν
725 3921 749 4006 ῷ
772 3919 954 4005 ἁμαρτὰνω,
979 3921 1036 3987 ἐὰν
1077 3936 1144 3999 quo
1160 3920 1250 3983 enim
1270 3924 1419 4000 tempore
1439 3938 1549 4002 pecco,
1567 3923 1595 3984 si
1619 3921 1828 3987 desiderave-

289 4025 471 4113 ἐπιθυμήσω
493 4028 534 4091 τὰ
556 4024 703 4113 κρίματα,
727 4027 778 4089 ἵνα
804 4024 950 4090 κολασθῷ
972 4027 1037 4092 ἐπι·
1077 4023 1140 4086 rim
1153 4023 1283 4104 judicia
1298 4026 1372 4104 Dei,
1388 4031 1554 4108 utpoeuas
1570 4028 1646 4092 dem
1662 4027 1824 4092 desidem.

288 4131 383 4216 θυμῷ.

329 4253 359 4297 v.
376 4235 428 4298 22.
446 4231 578 4317 Περίελε
594 4231 648 4296 ἀπ’
663 4231 739 4317 ἐμοῦ
751 4232 868 4308 ὄνειδος
880 4233 935 4297 καί
952 4230 1037 4311 ἐξου-
1119 4233 1158 4294 V.
1175 4231 1226 4296 22.
1242 4231 1350 4314 Auser
1363 4249 1384 4296 o
1398 4251 1447 4297 me
1472 4233 1673 4314 opprobrium
1699 4240 1730 4300 et
1755 4253 1824 4301 cota-

292 4334 431 4418 δένωσιν,
446 4339 493 4402 ὅτι
508 4338 548 4401 τὰ
565 4335 717 4422 μαρτύριά
732 4358 788 4401 σου
804 4334 991 4421 ἐξεζήτησα.
1076 4337 1239 4416 temptum,
1257 4337 1337 4418 μαῖα
1354 4339 1537 4402 ίοιίίκιοαὰι
1551 4343 1610 4404 tuo
1624 4341 1803 4422 exquisivi.

321 4504 348 4542 v.
364 4483 486 4540 lavat.
506 4481 675 4540 lemtim
692 4482 797 4539 leviter
813 4485 928 4536 mutata
944 4480 1036 4558 Didy3
1074 4481 1164 4553 Legis
1176 4499 1283 4538 aroana
1300 4481 1332 4538 in
1343 4483 1471 4539 medium
1489 4485 1609 4555 excutit,
1623 4491 1654 4541 et
1671 4485 1827 4558 allegoriae

284 4589 350 4628 mne
363 4588 416 4626 sua
429 4569 501 4625 feeit
513 4569 590 4642 apud
602 4569 722 4638 Maium,
732 4573 761 4623 at
773 4567 972 4641 amplificavit,
984 4586 1036 4624 no·
1075 4569 1204 4642 exponit.
1218 4569 1296 4637 Quid
1308 4569 1334 4624 si
1346 4569 1515 4640 catechistas,
1534 4570 1567 4626 in
1584 4571 1640 4627 hoo
1657 4571 1730 4643 loco,
1752 4573 1829 4629 dent

288 4665 352 4713 stra
364 4656 491 4712 fortasse
503 4655 616 4711 habens
628 4654 768 4710 auctiora.
1075 4673 1164 4730 supra
1176 4655 1208 4711 in
1220 4675 1247 4712 v.
1261 4657 1286 4726 7,
1300 4673 1337 4712 ex
1349 4655 1494 4712 industria
1506 4658 1633 4714 moverit
1653 4657 1750 4728 dubia,
1767 4675 1828 4714 am·

318 4762 346 4800 v.
359 4743 402 4797 20.
416 4742 483 4799 Vat.
499 4743 540 4796 16.
556 4740 650 4798 Lavit.
661 4759 726 4810 xxi,
739 4743 765 4796 2.
778 4741 897 4796 Denter.
909 4754 973 4811 xxi,
987 4742 1035 4813 143
1074 4741 1172 4813 bigas,
1184 4741 1315 4808 obseura,
1326 4747 1359 4798 nt
1365 4743 1508 4814 juvenum
1519 4742 1729 4816 discipulorum
1743 4761 1827 4801 aona-

285 4848 336 4900 xv,
350 4831 393 4884 17.
407 4829 449 4882 At
458 4845 596 4898 quorsum
606 4833 746 4898 congesta
755 4826 812 4881 huo
822 4827 1035 4900 problematum
1074 4835 1122 4883 ret
1144 4827 1286 4899 ingenia?
1312 4828 1447 4884 Prudens
1469 4828 1615 4902 Didymus
1635 4830 1699 4886 hoeo
1727 4831 1827 4903 priora

283 4915 458 4970 biblioorum
483 4913 582 4984 series,
601 4929 666 4984 quoe
692 4913 781 4967 etiam
806 4911 971 4986 interrupta
991 4913 1035 4971 vi·
1075 4913 1182 4984 omisit,
1195 4915 1572 4986 sedultimsoorrasitsna
1582 4922 1681 4972 tamon
1690 4917 1826 4988 magistri

203 5020 207 5028 ’
285 5001 391 5058 detur?
409 5001 485 5057 Nam
506 4999 687 5070 Ambrosius,
706 4999 754 5054 oui
772 5006 881 5072 praesto
899 5006 1034 5056 aratam·
1074 5017 1145 5056 usus
1163 4999 1366 5056 libertatatis.
1385 5001 1621 5072 Patrol.xxxtx‚
1640 5004 1825 5060 soilbdssd.

283 5089 348 5160 plns
365 5087 599 5156 commentarius,
617 5091 681 5142 tum
699 5091 777 5156 ante,
803 5091 865 5141 tum
886 5099 954 5159 post
976 5087 1034 5160 pri·
1075 5086 1145 5142 God.
1158 5085 1249 5141 habet
1262 5089 1337 5156 δι’ἣν
1349 5089 1397 5155 τήν
1409 5089 1559 5156 ἐλευθερίαν
1571 5093 1714 5144 ἀπωθεῖται
1726 5094 1741 5144 ἁ
1753 5095 1777 5145 ἁ.

282 5193 360 5232 mam
372 5173 409 5230 de
422 5174 538 5230 servulo
551 5171 750 5245 quaestionem,
758 5173 913 5246 permulta
923 5174 1034 5231 veteris
1110 5192 1138 5229 v.
1150 5173 1194 5227 22.
1203 5173 1271 5230 Vat.
1281 5173 1307 5229 4.
1318 5171 1355 5228 of.
1365 5173 1552 5247 Anonymum
1558 5173 1636 5249 apud
1646 5173 1824 5232 Gordarium.

1962 4699 1980 4727 .
