3966 6108
307 459 371 522 520
955 463 1166 526 orientius

327 596 515 664 Πιθίινωσαν
537 607 630 664 τοῦτο
650 599 711 664 ὑπὸ
733 607 790 663 τοῦ
811 595 965 689 νεωτέρου
981 597 1032 665 λέ·
1122 602 1286 666 Credatur
1313 601 1376 664 hoc
1401 601 1469 666 dici
1495 602 1537 666 dc
1564 607 1697 669 novello
1732 623 1851 688 popu-

283 722 373 787 γοιτο
387 702 478 786 λαοῦ,
492 704 585 780 οὗτος
599 701 634 768 δέ
650 703 734 768 ἐστιν
749 702 766 767 ὁ
781 702 815 784 ἐξ
827 701 933 784 ἐθνῶν,
949 702 1034 769 ἀλλὰ
1077 707 1120 787 10,
1133 709 1193 789 qui
1209 713 1260 772 est
1274 725 1296 770 a
1310 708 1472 786 gentibus
1488 714 1597 790 ortua3
1614 715 1650 774 ot
1665 712 1781 774 etiarn
1799 710 1845 774 de

280 808 336 871 καί
350 807 410 872 ὑπὸ
432 805 589 893 νεωτέρου
611 806 765 894 εὐλαβοὺς
779 809 835 872 καὶ
857 806 1034 887 ἐξουθενου-
1073 808 1210 890 juniore
1223 813 1394 876 innocenti
1403 817 1636 896 atcontempto
1644 820 1795 898 propter
1803 835 1849 878 ω-

282 910 376 997 μένου
390 911 443 976 διὰ
456 912 516 997 τὴν
530 909 657 994 ἡλικίαν
672 911 790 999 λέγοιτ’
799 913 839 977 ἂν
854 922 965 995 ταῦτα,
978 912 1034 978 ἀλ·
1078 918 1183 979 tatem
1198 917 1289 981 dicta
1304 917 1442 998 tuerint,
1454 918 1513 982 sed
1527 924 1561 982 et
1575 925 1615 984 ut
1625 919 1794 1002 juniores
1812 922 1850 984 in

280 1009 323 1081 id
351 1016 406 1080 καὶ
435 1016 480 1094 εἰς
509 1015 691 1100 προτροπὴν
717 1013 885 1100 νεωτέρων.
914 1013 1034 1080 Πολλοὶ
1077 1019 1186 1082 Deum
1201 1019 1472 1101 progrediantur.
1493 1023 1592 1086 Multi
1612 1024 1715 1105 primi
1733 1030 1850 1088 erunt

280 1129 398 1206 πρῶτοι
412 1122 538 1187 ἔσονται
552 1122 693 1206 ἔσχατοι,
709 1119 738 1184 οἱ
753 1120 792 1185 ἐκ
810 1127 981 1206 περιτομῆς
996 1119 1032 1184 ἃ·
1077 1123 1202 1203 ultimi,
1222 1124 1388 1188 increduli
1411 1143 1532 1208 nempe
1548 1128 1584 1190 in
1604 1129 1851 1192 circumcisio-

280 1227 456 1307 πιστοι,ααί
467 1223 579 1290 πολλοὶ
592 1225 724 1310 ἐσχατοι
735 1225 870 1306 ἔσονται,
883 1226 926 1290 ὢν
938 1225 1033 1289 έκασ-
1077 1245 1136 1308 ne;
1153 1232 1188 1291 et
1199 1229 1301 1292 multi
1313 1231 1427 1294 ultimi
1442 1235 1544 1294 erunt
1559 1233 1672 1313 primi,
1683 1247 1849 1314 quorum

278 1351 333 1407 τος
362 1329 629 1417 έξουθενυύμενος.
660 1330 845 1418 Εὐχόμενος
875 1331 914 1398 ἂν
943 1329 1034 1416 λέγοι
1075 1331 1208 1408 singuli
1221 1331 1464 1412 despiciuntur.
1474 1335 1553 1397 Haeo
1563 1335 1609 1398 sit
1620 1336 1731 1398 oratio
1742 1336 1850 1400 illius

279 1443 380 1501 ταῦτα
402 1435 420 1500 ὁ
442 1434 637 1521 ἐξομαλίζων
662 1437 719 1513 τὰς
745 1434 869 1514 δικαίας
894 1435 1031 1520 πράξεις,
1076 1421 1600 1516 quiiuaviconsuetudinejusta
1611 1443 1849 1519 pertractum,

280 1541 362 1626 μετὰ
374 1539 552 1625 παρρησίας
568 1541 636 1624 ἐρεῖ
646 1549 741 1606 τοῦτο
755 1549 800 1626 τῷ
815 1539 897 1626 Θεῷ.
1075 1555 1154 1602 cum
1170 1538 1296 1602 fiducia
1310 1540 1380 1603 Deo
1396 1540 1430 1603 id
1445 1540 1601 1622 proferet.

324 1664 356 1708 ν.
368 1646 440 1709 150.
450 1641 676 1730 Προσίγγισαν
688 1635 717 1708 οἱ
729 1643 980 1722 medicusve&
992 1665 1032 1730 με
1119 1660 1151 1706 ν.
1166 1644 1238 1706 150.
1251 1643 1847 1730 Appropinpcoceroatperrepuantes

279 1747 404 1834 ἀνομίᾳ,
412 1746 476 1812 ἀπὸ
484 1748 520 1812 δέ
531 1758 587 1813 τοῦ
600 1747 697 1833 νόμου
709 1770 767 1814 σου
778 1747 1030 1834 ἐμααριίνθησαν.
1075 1746 1476 1830 coenomanensem
1484 1751 1847 1835 nmlmtpescctioeot.

322 1851 361 1918 Οἱ
379 1847 643 1938 προσεγγίζοντες
659 1853 774 1938 ἀνομίᾳ
789 1852 1032 1938 ἐμακρὺνθησαν
1121 1852 1185 1926 Qui
1208 1853 1483 1934 appropinquant
1508 1833 1694 1937 iniquitati,
1725 1857 1843 1935 longe

278 1956 341 2023 ἀπὸ
356 1966 413 2022 τοῦ
428 1956 535 2042 νόμου,
552 1955 710 2043 ἀνάλογον
733 1965 777 2042 τῷ
791 1958 869 2041 πρὸς
885 1958 943 2042 τὴν
959 1955 1031 2022 dvc·
1075 1952 1155 2019 iacti
1178 1960 1260 2020 sunt
1273 1975 1294 2019 a
1309 1958 1397 2037 lege,
1417 1963 1546 2038 quanta
1568 1964 1620 2023 est
1634 1959 1677 2023 ad
1701 1961 1840 2042 iniqui·

280 2065 354 2147 μίαν
369 2061 520 2150 ἐγγισμῷ,
535 2063 591 2126 καί
613 2060 794 2148 λεγέτωσαν
808 2071 901 2126 τοῦτο
916 2060 1032 2126 δίκαιοι
1074 2063 1179 2122 tatem
1203 2061 1373 2140 vicinitas,
1397 2066 1432 2124 et
1451 2062 1514 2126 hoo
1536 2064 1681 2128 recitent
1698 2062 1794 2144 justi
1819 2081 1841 2125 a

277 2165 471 2252 διωκόμενοι.
1076 2163 1350 2243 persecutoribus
1365 2166 1489 2228 vexati.
1950 2205 1951 2242 3

321 2289 354 2334 v.
373 2272 445 2335 169.
460 2266 631 2354 Ἐγγίσατο
653 2267 676 2353 ἡ
696 2265 802 2353 δέησίς
821 2289 881 2355 μου
899 2266 1031 2335 ἐνιίιπιόν
1119 2284 1151 2330 ν.
1169 2269 1242 2331 169.
1257 2270 1500 2352 Appropiapnet
1516 2269 1695 2350 deprecatio
1708 2289 1788 2337 αισα
1804 2272 1842 2336 ia

278 2393 348 2457 σου,
360 2369 469 2458 Κύριε,
476 2373 563 2438 κατὰ
573 2373 609 2436 τὸ
621 2370 727 2460 λόγιόν
739 2393 797 2438 σου
809 2371 969 2439 συνέτιοόν
981 2393 1029 2458 με.
1074 2377 1242 2452 συνωμοσία
1252 2377 1315 2452 too,
1328 2375 1471 2454 Βονιένια,
1486 2375 1660 2442 secundum
1670 2376 1842 2460 eloquiam

1074 2479 1167 2540 torm
1181 2475 1223 2540 da
1233 2475 1317 2539 αιοἸιι·
1330 2477 1540 2543 intellectum.

320 2579 413 2647 Οὕτω
429 2573 470 2646 δὲ
493 2579 549 2646 καί
573 2599 663 2646 τινων
686 2581 743 2666 μέν
765 2577 929 2666 ἀναβαίνει
950 2584 1029 2667 πρὸς
1119 2579 1174 2642 Sic
1189 2582 1432 2646 nonnullorum
1447 2583 1491 2646 ad
1506 2584 1615 2648 Deum
1630 2584 1789 2648 ascendit
1801 2601 1839 2647 o-

278 2685 359 2754 Θεὸν
381 2687 462 2772 εὐχὴ
479 2687 535 2751 καί
556 2688 731 2772 στεναγμὸς
754 2684 817 2750 ἀπὸ
837 2693 900 2752 τῶν
921 2685 1030 2752 καλῶν
1075 2683 1161 2746 ratio
1177 2688 1212 2746 et
1225 2687 1411 2762 gemitusa
1425 2677 1692 2769 bonisoperibus
1708 2694 1745 2752 et
1757 2688 1837 2752 odio

276 2793 377 2878 ἔργων
391 2793 518 2856 καὶτοῦ
533 2800 633 2877 μισεῖν
656 2794 710 2856 τὸν
725 2788 899 2876 Αἰγύπτιον
915 2789 1028 2874 antor,
1074 2787 1139 2849 luti
1165 2789 1413 2871 AEgyptioruna
1441 2791 1597 2854 Aliorum
1619 2807 1700 2856 vero
1714 2809 1838 2874 preces

275 2892 413 2980 Ἐτέρων
434 2895 470 2959 δέ
483 2892 588 2959 πίπτει
603 2895 625 2979 ἢ
640 2891 836 2972 καταὸαίνει,
853 2894 896 2957 ὢν
910 2893 1029 2976 γίνεται
1074 2890 1201 2956 cadunt
1215 2895 1270 2956 vei
1285 2894 1504 2974 descendunt,
1521 2912 1666 2976 quorum
1680 2898 1834 2960 vertitur

276 2999 321 3078 είς
336 2999 493 3085 ἁμαρτίαν
507 2997 529 3084 ἡ
545 2997 721 3084 προσευχὴ,
742 2997 814 3061 ἐπεὶ
825 2997 895 3062 ἐστι
910 2994 1027 3081 δέησις,
1073 2994 1110 3058 in
1124 3001 1303 3076 peceatum
1319 2999 1436 3078 oratio,
1453 3001 1615 3081 quoniam
1627 3000 1833 3082 estquidam

275 3102 297 3187 ἡ
314 3103 371 3188 μέν
386 3101 557 3190 ἐγγίζουσα
572 3100 690 3187 Κυρίῳ,
702 3100 723 3187 ἡ
736 3099 827 3187 δὲμὴ
844 3099 1028 3188 ἐγγιζουσοι,
1073 3099 1265 3182 deprecatio
1291 3104 1435 3166 Domino
1463 3105 1752 3186 appropinquans,
1782 3105 1834 3166 est

276 3207 329 3272 διὰ
342 3216 435 3272 τοῦτο
450 3217 552 3272 ταῦτα
566 3209 705 3294 εὔχεται
1073 3221 1154 3267 vero
1175 3205 1243 3269 alia
1262 3205 1360 3268 abeo
1385 3207 1564 3270 recedens:
1593 3207 1717 3271 idcirco
1746 3205 1833 3270 talia

1073 3314 1241 3389 precatur.

223 3484 224 3487 ,
318 3436 351 3481 ν.
370 3417 442 3482 173.
454 3411 628 3500 Γενέοθωὴ
641 3413 711 3500 χείρ
723 3436 780 3482 σου
791 3423 847 3480 τοῦ
859 3413 960 3480 σῶσαί
979 3437 1028 3504 με,
1116 3430 1149 3474 v.
1175 3413 1248 3475 lta.
1263 3414 1343 3477 nur
1362 3430 1480 3479 αιααιιο
1494 3416 1562 3492 tua,
1588 3415 1743 3482 αίοοῖοαέ
1767 3431 1827 3492 ure,

276 3519 323 3585 ὅτι
337 3521 394 3598 τὰς
409 3518 540 3597 ἐντολάς
555 3540 612 3585 σου
626 3519 831 3606 ὴρετισάμην.
1072 3516 1225 3598 quoniam
1239 3517 1392 3582 namra
1407 3521 1465 3582 tao
1480 3519 1572 3602 alepi.

319 3623 413 3709 Ζητῶ
434 3633 528 3711 χεῖρα
549 3633 607 3688 τοῦ
629 3622 713 3690 Θεοῦ
735 3626 806 3710 περὶ
825 3625 865 3709 ἧς
884 3627 1026 3711 εὔχεται,
1117 3622 1235 3696 Quaero
1258 3622 1319 3685 Dei
1342 3637 1493 3702 manum,
1510 3623 1551 3686 de
1574 3640 1643 3704 qna
1658 3621 1698 3687 fit
1718 3624 1829 3688 oratio

276 3737 378 3794 ταῦτα
399 3725 512 3814 λέγων·
528 3725 583 3793 Ἐν
606 3728 689 3813 χειρί
710 3725 849 3814 κραταίᾳ
871 3727 1028 3814 ἐξήγαγεν
1072 3742 1132 3806 per
1147 3725 1219 3788 haec
1237 3725 1350 3790 verba:
1369 3731 1440 3791 «In
1456 3745 1559 3792 manu
1583 3730 1712 3810 potenti
1731 3731 1825 3818 Deus

268 3833 293 3898 ’ὁ
309 3831 390 3910 Θεὸς
404 3834 459 3899 τὸν
474 3831 606 3918 Ἰσραὴλ
617 3831 656 3896 ἐκ
666 3841 726 3917 γῆς
738 3831 910 3919 Αἰγύπτου.
925 3831 979 3911 Τίς
990 3833 1025 3898 δὲ
1072 3829 1190 3893 eduxit
1206 3832 1310 3894 Israel
1326 3850 1368 3894 ex
1383 3837 1473 3896 terra
1487 3836 1665 3918 AEgypti.»
1683 3837 1727 3898 At
1745 3851 1827 3917 qua-

274 3933 373 4021 αὐιής
388 3935 525 4020 Χριστὸς
539 3934 674 4021 Ἰησοῦς.
687 3933 779 4019 Αὕτη
796 3935 858 4020 γάρ
873 3936 957 4002 ἐστιν
972 3938 1028 4002 καί
1072 3934 1115 3997 lis
1127 3935 1194 3997 cst?
1205 3935 1359 3999 Christus
1367 3937 1389 3998 J
1392 3953 1480 4000 esus.
1490 3938 1617 4002 Eccilla
1625 3939 1715 4001 enim
1725 3939 1789 4002 Dei
1797 3939 1830 3998 et

273 4041 344 4126 χεὶρ
354 4042 410 4105 καὶ
420 4040 507 4121 δεξιὰ
518 4049 574 4104 τοῦ
581 4039 677 4107 Θεοῦ.
686 4036 828 4104 Γενέσθω
841 4041 906 4123 οὖν,
920 4042 1025 4126 φησὶν,
1072 4055 1194 4102 manus
1210 4043 1244 4101 et
1259 4038 1407 4103 dextera.
1422 4043 1511 4120 Fiat,
1530 4043 1643 4124 inquit
1654 4059 1748 4122 ergo,
1760 4057 1826 4106 νασ-

273 4143 296 4230 ἡ
311 4142 381 4230 χείρ
396 4166 454 4210 σου
469 4155 525 4210 τοῦ
547 4141 648 4209 σῶσαί
663 4165 712 4230 με.
731 4143 826 4230 Τάχα
849 4147 905 4209 καὶ
919 4144 1027 4231 γενέο-
1050 4157 1053 4165 ’
1070 4160 1135 4206 αυτ
1149 4146 1206 4208 tero
1221 4147 1260 4206 ct
1276 4145 1381 4209 calcat
1394 4163 1453 4210 me.
1477 4149 1521 4210 Et
1535 4147 1677 4212 fortasse
1700 4147 1827 4211 iactum

274 4249 327 4314 θαι
339 4248 436 4333 δηλοῖ
447 4248 587 4314 τοιοῦτόν
603 4263 641 4332 τι,
659 4248 724 4313 οίον
743 4248 787 4325 είς
802 4246 938 4314 Γένεσιν·
955 4248 1027 4314 Ἐλ-
1072 4245 1176 4310 fuisse
1185 4248 1282 4312 docet
1292 4249 1423 4331 aliquid
1435 4252 1575 4333 perinde
1587 4270 1626 4316 ac
1637 4253 1672 4315 in
1683 4250 1827 4316 Genesi:

273 4351 353 4419 θέτω
367 4351 388 4438 ἡ
404 4351 474 4440 χείρ
496 4374 563 4418 σου.
581 4350 665 4418 Καί·
687 4350 829 4417 Γενέσθω
845 4354 900 4418 οὖν
917 4352 939 4437 ἡ
955 4356 1026 4440 χείρ
1075 4352 1222 4416 «Veniat
1234 4370 1354 4418 monus
1366 4357 1583 4420 tua».Etiam
1595 4357 1823 4440 ergofiatma»

273 4478 331 4524 σου
352 4459 404 4524 ἐπὶ
417 4459 454 4522 τὸ
475 4466 532 4523 τοῦ
555 4457 660 4522 σῶσαί
680 4476 728 4543 με.
753 4454 800 4521 Οὐ
821 4455 893 4521 κατ’
904 4455 1024 4541 οὐσίαν,
1071 4457 1459 4524 animaduertendam
1470 4476 1605 4538 cremon
1619 4459 1823 4524 utsubstan·

272 4561 396 4649 γένεσιν
410 4564 510 4648 αὐτῆς
532 4559 679 4648 σημαίνει
698 4559 844 4643 ἐνταῦθα,
863 4560 948 4627 ἀλλὰ
969 4564 1027 4648 τὴν
1072 4561 1155 4624 tiam
1182 4560 1256 4642 ejus
1278 4562 1334 4626 hic
1356 4569 1555 4642 generatam
1579 4568 1683 4654 notet,
1705 4563 1766 4628 sed
1789 4563 1823 4625 in

271 4671 350 4754 πρὸς
366 4669 407 4734 τὰ
430 4666 596 4754 σωζόμενα
611 4663 730 4753 σχέσιν.
756 4663 822 4752 Τῆς
838 4667 937 4752 αὐτῆς
959 4666 1025 4733 δια·
1071 4671 1227 4746 respectu
1243 4666 1286 4730 ad
1300 4667 1498 4749 salvandos3
1523 4666 1674 4748 eiusdem
1691 4673 1825 4733 senten·

272 4773 484 4859 νοίαςέχτται
505 4769 1028 4857 ααὶτ6·1“ένουμυιιίςύπεραο-
1072 4769 1129 4832 tias
1151 4777 1203 4835 est
1224 4770 1327 4834 iilud:
1353 4773 1458 4836 «Fies
1485 4772 1571 4836 mihi
1599 4773 1635 4836 iu
1662 4775 1823 4854 protecto·

275 4874 401 4962 πται-ἐμ.
1073 4891 1188 4939 rem.»

308 5127 548 5185 v.150.Exacd.
564 5129 630 5188 Vnt.
645 5131 670 5184 ὅ.
1108 5145 1136 5184 v.
1156 5127 1216 5183 173.
1237 5127 1330 5186 vecie.
1348 5127 1375 5182 5.
1393 5125 1433 5182 εί.
1451 5126 1500 5184 Pa.
1515 5141 1625 5200 cxxxv,
1651 5127 1694 5184 12.
1716 5127 1822 5184 Genea.

242 5291 247 5303 Ι
308 5213 496 5274 τ.169.11ιίι1.
1074 5209 1383 5286 ιιιι,ίαΡειιι,3.
