3966 6104
297 785 574 906 SANCTUS
609 785 965 906 elucemus
999 781 1554 904 uuoonsluluusis

106 1149 109 1154 ’
193 1154 357 1234 Magistro
379 1153 566 1234 discipulus
587 1154 899 1238 succedatprimus,
944 1154 1173 1220 inieremiam
1185 1153 1299 1217 nostre
1309 1154 1487 1229 segmenta
1500 1150 1547 1213 ita
1558 1149 1691 1214 concio-

150 1261 291 1340 origeni
320 1257 514 1324 Theodorus
547 1257 607 1340 qui
638 1263 672 1322 et
701 1259 899 1340 Gregorius,
942 1257 1194 1339 nemredolenl,
1208 1255 1687 1336 ulfacileoriripoluerintex

149 1361 362 1447 postmodum
391 1362 567 1444 episeopus
596 1361 830 1443 cappadocum
865 1365 901 1426 et
942 1361 1154 1426 sermonibus
1164 1377 1248 1443 quoe
1256 1360 1536 1437 Thaumaturgus
1547 1359 1688 1422 antistes

149 1469 447 1545 Thaumaturgue3
465 1463 562 1546 cadus
583 1471 693 1530 exstet
712 1468 748 1530 in
763 1467 898 1531 laudem
942 1463 984 1530 ad
995 1467 1159 1548 populum
1170 1481 1272 1529 suum
1283 1463 1424 1544 direxit3
1437 1481 1486 1544 ac,
1499 1463 1565 1526 nisi
1577 1461 1686 1543 fallor,

148 1571 329 1652 paedagogi
340 1569 554 1653 πανηγυρικὸν
562 1564 899 1654 εὐχαριστίαςρτωιοι·
941 1567 1692 1648 sincerioraexistimabunturquamquatuor

148 1676 215 1738 alia
229 1675 349 1754 multa,
366 1673 489 1756 quaein
503 1677 594 1738 tomo
609 1675 715 1738 altero
731 1675 820 1739 iuter
835 1676 896 1738 Pa·
940 1671 1091 1738 homiliae
1114 1671 1274 1751 genuinis
1291 1669 1448 1751 operibus
1471 1669 1553 1732 satis
1568 1669 1692 1751 impor-

148 1783 217 1843 tres
232 1779 467 1842 Anienicaenos
481 1778 663 1842 orientales
676 1781 788 1842 locum
799 1778 899 1842 habe·
941 1780 1024 1840 tune
1049 1775 1283 1858 superadditae.
1305 1775 1421 1858 Neque
1435 1791 1525 1838 nova
1548 1791 1687 1854 prorsus

148 1882 236 1947 bunt
249 1871 541 1964 amplissimum.¹)
556 1883 650 1946 Nova
665 1898 775 1962 grace
789 1899 899 1964 pauca
941 1884 1134 1960 exsurgunt
1155 1880 1284 1944 scholia
1303 1880 1339 1943 in
1361 1879 1383 1942 J
1385 1879 1555 1942 eremiam.
1578 1878 1689 1942 Semel

148 1991 341 2070 supersunt,
357 2004 433 2069 quae
448 1986 545 2050 nobis
560 1985 783 2066 innotescant,
805 2003 898 2050 nem·
941 1987 1043 2066 enim,
1066 1984 1176 2049 sedin
1197 1984 1375 2047 obscuram
1391 1984 1502 2046 luoem
1525 1981 1689 2064 prodiere,

149 2108 192 2172 pe
203 2086 595 2173 prooemiumoujuedam
607 2091 841 2154 commentarii
854 2091 897 2155 ad
941 2089 977 2152 in
998 2089 1110 2170 prisca
1131 2088 1325 2151 etnimium
1339 2088 1498 2165 neglecta
1515 2085 1689 2150 Michaelis

149 2195 263 2274 priora
277 2194 357 2258 libri
371 2194 394 2256 J
395 2191 437 2256 ob
452 2193 573 2276 capitu,
593 2192 713 2257 deinde
728 2193 898 2273 fragmen·
940 2191 1102 2255 Ghielerii
1117 2191 1251 2270 Calena,
1260 2182 1286 2273 ²)
1301 2191 1393 2254 claro
1411 2191 1492 2254 lieet
1505 2190 1689 2271 interprete

149 2301 192 2360 ta·
209 2297 247 2359 in
271 2297 466 2377 Jeremiam,
497 2313 573 2378 quae
599 2315 677 2360 cum
707 2299 897 2380 metaphra·
939 2295 1073 2374 allatio,
1085 2295 1146 2377 qui
1157 2311 1225 2358 non
1236 2294 1391 2373 neglexit
1401 2311 1443 2359 ea
1452 2311 1639 2358 memorare
1650 2295 1687 2358 in

149 2400 226 2465 siin
238 2399 475 2465 Ecclesiastem
492 2405 696 2479 argumento
711 2402 897 2481 suntlleo-
940 2415 1004 2462 sua
1029 2398 1071 2463 de
1097 2396 1269 2462 Theudoris
1293 2396 1439 2461 diatriba
1462 2391 1506 2482 ὅ),
1532 2415 1642 2480 nuper
1667 2415 1689 2461 a

150 2503 393 2583 caesariensem,
408 2505 565 2568 vel‘inter
579 2520 714 2585 asperos
729 2505 898 2588 Cappado-
939 2503 1029 2568 Maia
1049 2501 1149 2582 edita,
1171 2502 1231 2566 sed
1251 2503 1372 2582 serius,
1395 2505 1435 2566 ut
1463 2502 1570 2566 editor
1595 2504 1687 2566 Pari·

147 2625 215 2688 cas,
226 2623 295 2671 non
306 2607 412 2672 missa
422 2606 541 2672 fecisse
552 2607 679 2672 biblica
688 2607 811 2688 studia,
824 2609 898 2692 qui·
940 2607 1062 2671 aiensis
1076 2606 1278 2684 Patrologiae
1289 2604 1325 2669 id
1339 2609 1526 2687 opportune
1537 2604 1690 2669 adverte-
1812 2673 1818 2676 ,

148 2711 214 2776 bus
225 2713 383 2776 Gaesureae
394 2729 473 2776 eum
485 2711 588 2777 fratre
599 2712 812 2778 Athenodoro
827 2714 897 2777 ala·
940 2710 995 2774 rit.
1008 2711 1095 2774 Sane
1110 2709 1182 2774 haeo
1193 2725 1261 2773 non
1275 2707 1435 2772 videntur
1446 2708 1595 2788 iunioris
1607 2709 1690 2774 Gre-

149 2817 252 2881 oriter
267 2816 432 2881 incubuit.
449 2819 532 2882 Tam
553 2833 633 2881 vero
653 2817 690 2880 in
712 2817 734 2880 J
735 2816 777 2880 ob
794 2834 897 2899 quam
941 2814 1042 2896 gorii,
1057 2813 1139 2878 dum
1154 2815 1314 2878 Caesareae
1327 2817 1456 2894 ageret,
1472 2812 1644 2877 exercitia.

181 3051 210 3120 1)
222 3048 266 3106 of.
278 3049 384 3106 Patrai.
397 3055 418 3104 ι.
430 3064 460 3121 x,
472 3047 527 3104 ool
545 3049 690 3122 9681282,
708 3050 760 3108 ubi
778 3057 899 3108 exstant
941 3050 1088 3122 mee1853,
1100 3045 1194 3105 serina
1205 3063 1276 3106 vero
1288 3063 1355 3104 eum
1371 3047 1488 3105 catoris
1504 3047 1594 3104 tomis
1611 3047 1692 3106 facta

147 3153 238 3211 opera
249 3153 315 3211 quaa
333 3153 430 3209 paee
447 3135 699 3194 circumferuntur.
714 3137 898 3195 Paris.185'l.
941 3136 1052 3211 publici
1065 3135 1150 3208 juris.
1167 3135 1205 3191 In
1222 3133 1351 3191 diatriba
1367 3134 1492 3206 legitur:
1511 3135 1606 3191 “Alis
1623 3151 1694 3209 quo·

146 3223 325 3280 Canonicam
341 3222 513 3296 Epistulam,
525 3223 627 3280 multis
638 3229 755 3280 auctam
770 3223 896 3282 variate-
940 3238 998 3294 que
1009 3221 1171 3295 scripsisse,
1179 3220 1254 3276 nulli
1263 3219 1385 3276 dubium
1393 3220 1499 3292 fuerit,
1511 3221 1606 3278 multa
1615 3221 1694 3280 enim

145 3309 227 3366 tibus
238 3307 391 3368 Vaticanis
408 3308 542 3367 dedimus
553 3308 586 3366 in
597 3309 675 3366 ίανίτ
692 3310 756 3366 ecel.
775 3310 895 3367 Groeoor.
937 3308 1019 3364 illine
1042 3314 1073 3365 et
1089 3307 1164 3364 satis
1180 3307 1300 3381 prolixa
1316 3306 1348 3364 in
1359 3307 1471 3365 eatena
1486 3325 1585 3380 grace
1601 3327 1691 3384 super·

64 3447 72 3460 ,
146 3402 200 3467 tr,
212 3413 241 3469 p.
253 3395 381 3451 oea-566.
937 3395 960 3453 J
960 3393 1105 3464 eremium,
1118 3409 1184 3466 ques
1200 3410 1255 3450 nos
1272 3393 1367 3450 latina
1382 3393 1515 3467 fecimus,
1528 3402 1560 3453 et
1576 3397 1639 3452 suis
1656 3395 1689 3452 in

179 3483 326 3552 maim
338 3483 369 3538 io
379 3481 480 3540 larem
492 3487 514 3539 t.
526 3499 546 3554 1,
558 3501 587 3558 p.
605 3483 666 3555 788,
679 3483 739 3554 786,
757 3484 819 3554 831,
831 3484 894 3554 889,
937 3479 1099 3538 Jeremiam
1110 3479 1327 3536 commentariis
1338 3479 1464 3537 inseruit
1474 3481 1603 3538 Miehaal
1619 3481 1692 3539 ehi-

146 3569 208 3626 860.
938 3565 1426 3640 deriualeguuturquoeineditis
1437 3565 1689 3640 nordebertum„

180 3655 210 3726 8)
222 3670 250 3712 n.
263 3669 334 3714 exn.
351 3653 424 3714 Maii
440 3655 517 3714 Bibl.
529 3655 565 3714 N.
577 3657 631 3714 PP.
644 3662 666 3714 t
678 3672 718 3729 vr,
736 3674 765 3733 p.
778 3657 821 3716 85.
833 3657 893 3716 Re·
938 3656 1047 3714 Patrol
1058 3672 1081 3714 x
1093 3655 1147 3713 col
1161 3655 1238 3712 1280.

913 3877 937 3939 Ι.

338 4063 404 4133 Τοῦ
429 4062 520 4153 ἁγίου
545 4063 730 4154 Γρηγορίου,
752 4077 809 4135 τοῦ
833 4064 1094 4156 Θαυματουργοῦ,
1110 4069 1154 4148 τίς
1168 4068 1243 4137 ὅλον
1257 4069 1293 4136 τὸ
1308 4068 1492 4156 κεφάλαιον.

314 4297 429 4366 Sancti
454 4298 603 4382 θναροιτι·
625 4298 864 4386 Τίιοιιιιιοιτιρρι·
884 4299 922 4366 in
942 4301 1130 4368 ιιιιίοτττιαιι
1152 4299 1330 4384 capitulum
1352 4302 1433 4387 (Jol.
1458 4302 1518 4388 ττι).

188 4505 272 4594 Πρὸς
287 4511 345 4595 aba
360 4509 394 4575 ἒν
409 4507 588 4595 παραδείσῳ
611 4503 769 4597 μακαρίαν
784 4511 891 4600 διαμο-
978 4516 1057 4578 Post
1077 4515 1211 4579 beatam
1234 4515 1270 4580 in
1295 4517 1451 4598 paradiso
1476 4522 1682 4600 permansio·

144 4615 212 4700 νὴν,
235 4611 493 4693 ἀντεξετάζοντες
515 4623 621 4680 πᾶσαν
648 4616 708 4701 τὴν
729 4615 764 4681 ἐν
785 4624 825 4700 τῇ
847 4625 891 4701 γῇ
934 4636 1023 4700 nem,
1039 4620 1130 4684 ultro
1144 4621 1280 4703 citoque
1302 4620 1511 4687 conserentes
1526 4629 1684 4689 cunctam

143 4713 360 4804 ταλαιπωρίαν
380 4718 436 4782 καί
457 4717 750 4801 concresceret,
766 4717 796 4784 οἱ
814 4717 892 4804 ίτροί
935 4723 971 4785 in
982 4725 1073 4786 terra
1085 4723 1256 4786 miseriam
1268 4726 1508 4789 etuniversum
1520 4726 1681 4808 laborem,

144 4829 304 4906 προφῆται
335 4822 391 4887 καί
425 4819 612 4906 ἀπόστολοι,
646 4821 832 4902 οτινάζοιισι
864 4817 893 4908 ¹)
939 4825 1171 4905 ingemiscunt
1192 4828 1363 4909 propheta
1378 4833 1412 4892 et
1426 4831 1569 4913 apostoli
1583 4849 1687 4914 super

179 5025 227 5082 Ex
237 5026 333 5084 Vatia.
344 5027 475 5100 Regimr
491 5027 542 5085 fel.
555 5027 599 5085 30.
617 5025 717 5085 (lodex
728 5041 831 5084 recens
843 5045 891 5087 ou·
938 5027 1150 5104 Cappadocum,
1168 5029 1246 5087 sicut
1262 5033 1372 5088 οτιίνιτιν
1393 5032 1585 5091 cretensium.
1606 5033 1689 5108 Lego

141 5113 191 5186 jue
203 5119 265 5171 iam
276 5115 397 5187 elegans
408 5132 496 5189 quam
506 5115 648 5173 mendosa
658 5115 805 5190 scriptura
816 5121 870 5174 est.
934 5119 1098 5190 αττνιίζοοοι,
1110 5115 1203 5178 donee
1213 5116 1338 5179 neuma
1349 5116 1480 5181 eduam.
1489 5120 1559 5181 Aba
1567 5119 1689 5182 dubium

181 5201 209 5270 1)
221 5209 364 5262 Σταινοοα
379 5201 443 5262 cod
460 5200 581 5276 liquido.
599 5201 665 5262 Nisi
683 5201 724 5261 sit
739 5219 799 5263 vox
815 5219 893 5264 aava
935 5203 1060 5262 merent.
