4008 6094
311 420 355 484 58
998 421 1208 488 ORIGENES

311 556 452 644 οημθρίρ
478 556 600 643 ἑόρακε
624 560 698 636 τοὺς
724 555 897 644 ἀγγέλους·
926 558 1001 624 Λὼτ
1029 559 1065 624 δὲ
1109 563 1195 626 vidit
1205 566 1356 645 angelos,
1369 567 1452 632 Loth
1464 567 1767 653 veroadcespercs.
1775 573 1852 638 Jam
1896 629 1897 634 ,

311 661 458 748 ἑσπέρας.
475 662 543 750 Τὴν
559 663 592 728 ἐν
607 662 642 728 δὲ
664 663 753 752 λέχει
769 685 838 750 μου,
859 665 955 750 φησίν
969 664 987 730 ό
1002 655 1063 729 de
1110 667 1247 731 inlecto
1263 687 1338 733 meo
1354 673 1501 753 intuens,
1518 675 1633 755 inquit
1646 678 1764 758 David,
1781 697 1853 742 ora·

312 767 372 849 υίδ,
388 766 543 851 θεώμενος
563 769 754 854 προσευχὴν,
779 770 839 854 τὴν
862 768 982 854 νύκτωρ
998 770 1064 834 καί
1108 771 1234 834 tionem
1250 790 1353 854 quam
1364 776 1626 842 circumversavi
1642 799 1702 861 per
1718 787 1850 848 noctem

316 873 375 957 τὴν
397 870 520 956 ἡμέραν
542 871 618 957 παρ’
640 872 718 960 ἐμοῦ
740 871 1006 960 περιφερομένην,
1030 873 1065 938 ό·
1109 877 1143 937 et
1157 891 1218 955 per
1232 875 1332 957 diem,
1348 881 1474 961 eripiar
1488 898 1509 945 a
1522 886 1759 962 pugnantibus
1775 905 1851 952 con·

315 975 518 1063 παλλόιξομαι
542 986 605 1043 τῶν
619 977 849 1062 πολεμούντων,
868 979 924 1042 καί
945 985 1064 1064 χαριεῖ·
1108 979 1163 1039 tra
1183 994 1247 1058 me,
1263 997 1302 1044 ac
1318 981 1402 1046 mihi
1426 1000 1492 1064 pax
1508 986 1679 1051 arridebit.

319 1103 373 1147 ται
387 1080 507 1166 εἰρήνη.
525 1118 566 1130 -
580 1079 625 1147 Τό
647 1081 682 1147 δὲ
705 1082 738 1146 ἐν
760 1080 889 1158 πολλοῖς
910 1081 994 1166 ἦσαν
1009 1083 1065 1147 σὺν
1152 1083 1241 1147 Illud
1252 1100 1333 1149 vero
1344 1087 1382 1149 iu
1393 1087 1748 1172 multiscruntmecum,
1764 1093 1854 1158 idem

314 1184 394 1271 ἐμοί,
411 1185 480 1250 όντί
494 1195 550 1252 τοῦ
563 1185 732 1251 colluere!
744 1185 888 1271 ἐγίνοντο
904 1187 981 1270 πρός
996 1183 1062 1270 ἐμὲ.
1108 1191 1161 1250 est
1184 1201 1225 1251 ac
1250 1191 1412 1269 permulti
1438 1190 1517 1256 faeti
1540 1198 1621 1257 sunt
1643 1203 1760 1260 contra
1785 1215 1849 1261 me.

315 1289 419 1356 Τοῦτο
431 1291 466 1356 δὲ
481 1290 511 1356 ui
521 1287 551 1376 γ’
563 1292 662 1368 ούτως
676 1289 895 1377 ἡρμήνευσαν·
911 1289 1064 1371 Ἐξέτεινε
1109 1293 1191 1355 Tres
1205 1309 1286 1355 vero
1302 1293 1353 1356 illi
1376 1294 1576 1376 interpretes
1594 1303 1770 1363 verterunt
1788 1301 1852 1364 hoc

310 1395 371 1479 τὴν
386 1403 480 1481 χεῖρα
495 1396 591 1460 αὐτού
603 1394 647 1472 είς
662 1396 735 1472 τούς
752 1395 967 1480 εἰρηνεύοντες
983 1397 1060 1480 πρός
1108 1395 1221 1459 modo:
1245 1393 1400 1462 Eateudit
1420 1415 1552 1463 utuutuu
1572 1417 1666 1466 arcum
1687 1403 1725 1467 iu
1739 1405 1855 1488 parili

313 1496 429 1563 αὐτόν·
452 1499 489 1564 ού
510 1499 572 1584 γὰρ
594 1497 777 1585 πολέμιονό
800 1498 908 1564 Σαοὺλ
924 1496 1061 1583 ἐδίωκεν,
1108 1505 1217 1566 cautes
1230 1517 1316 1566 suos.
1339 1503 1420 1566 Saul
1435 1505 1528 1567 enim
1541 1521 1610 1570 non
1631 1506 1760 1570 hostem
1782 1525 1856 1589 per-

310 1599 384 1665 ᾰλλ’
398 1600 566 1688 εὐεργέτην
587 1602 642 1667 καί
665 1601 785 1688 σονηθη
808 1603 864 1667 καί
886 1600 1059 1688 γνώριμον·
1108 1604 1326 1684 sequebatur,
1348 1605 1408 1669 sed
1429 1606 1631 1687 beneficum,
1654 1613 1689 1672 et
1710 1609 1853 1673 familia·

311 1705 384 1770 οὐδὲ
400 1705 513 1792 ἐχθρόν
528 1705 650 1784 Ἰούδας
669 1706 877 1793 προδέδωκεν,
893 1705 978 1773 όιλλόι
992 1706 1059 1772 hu·
1107 1723 1190 1784 rem,
1217 1712 1252 1770 et
1277 1713 1406 1772 notum.
1433 1712 1550 1793 Neque
1576 1715 1597 1775 J
1601 1711 1684 1776 udas
1713 1713 1853 1777 tradidit

227 1797 238 1808 “
310 1815 395 1893 τηρα
408 1812 464 1875 καί
485 1819 546 1876 τῶν
561 1809 689 1898 ἀγαθῶν
704 1810 855 1898 χορηγόν.
879 1810 925 1877 Τό
940 1809 1063 1890 τοίνυν·
1108 1809 1250 1890 hostem,
1266 1811 1324 1875 sed
1339 1816 1543 1879 salvatorem
1558 1822 1593 1880 et
1606 1817 1772 1881 bonorum
1787 1820 1851 1882 lar·

316 1911 469 1992 Ἐξότεινε
484 1917 544 2001 την
570 1923 664 2002 χεῐρα
688 1915 733 1993 εἰς
753 1918 827 1993 τοὺς
850 1915 1067 2000 εἰρηνεύονπας
1108 1915 1264 1994 gitorem.
1281 1918 1414 1981 Interea
1430 1917 1531 1981 illud:
1548 1918 1702 1985 Eutendit
1723 1935 1854 1986 nucum

313 2016 421 2100 αύτού,
436 2028 530 2084 τοῦτο
552 2018 646 2102 δηλοῖ
665 2020 712 2084 ότι
734 2020 853 2085 ἔκτεινε
868 2022 925 2098 τόις
944 2028 1064 2106 χεῖρας,
1107 2035 1202 2084 utam
1222 2020 1260 2084 ic
1273 2021 1486 2104 puozflccutea
1505 2039 1593 2102 auos,
1614 2022 1677 2086 hoc
1698 2023 1851 2092 demons-

312 2121 393 2186 ὥστε
416 2123 472 2201 τόις
489 2122 658 2200 ἀντιδόσεις
674 2119 848 2188 ἐκτίσεται·
871 2122 990 2208 ἀγαθόν
1006 2113 1081 2209 μὲν
1107 2127 1177 2187 trat
1202 2125 1368 2206 quomodo
1394 2126 1547 2190 extendit
1576 2144 1714 2207 manus,
1738 2133 1778 2192 ut
1803 2146 1853 2192 re-

312 2225 369 2290 σύν
388 2225 479 2291 οὐδὲν
493 2224 719 2312 προοενηνοχε,
736 2223 840 2292 πάντα
862 2227 897 2292 δὲ
911 2226 1063 2313 πονηρίας
1108 2228 1310 2292 tributiones
1325 2227 1459 2293 faceret.
1481 2229 1648 2311 Equidem
1664 2230 1750 2294 nihil
1772 2231 1853 2296 boni

315 2328 441 2414 μηστόι·
456 2331 510 2394 καὶ
525 2339 618 2395 τοῦτο
633 2329 728 2415 δηλοί
740 2331 781 2396 τόι
795 2330 995 2418 ίπαγόμενα·
1052 2385 1056 2393 ,
1108 2331 1268 2413 porrexit,
1283 2333 1343 2396 sed
1364 2339 1488 2398 cuncta
1510 2334 1759 2398 calamitatibus
1782 2353 1855 2417 per·

1108 2433 1230 2514 mixta3
1247 2434 1349 2518 idque
1363 2439 1542 2518 sequentia
1558 2437 1745 2502 declarant:

357 2533 592 2623 Λυτρόισετοιι...
608 2535 764 2623 διαθήκην
780 2539 888 2604 αὐτοῦ.
1152 2539 1329 2605 statuet...
1344 2544 1568 2606 ecunacum
1580 2559 1685 2606 suum.
1698 2542 1748 2605 Ad
1759 2543 1848 2606 haec:

356 2640 458 2707 Τοῦτο
474 2642 518 2720 τίς
532 2641 587 2707 τό·
603 2640 757 2722 Ἐξέτεινε
778 2644 837 2728 την
847 2635 951 2729 Ιχεῖρα
965 2641 1063 2707 αὐτοῦ
1108 2642 1264 2708 heremis
1276 2661 1406 2709 mutua
1416 2661 1510 2710 suam
1520 2645 1558 2710 iu
1568 2645 1782 2725 retractatu,
1794 2646 1856 2708 hu·
1889 2669 1893 2678 ¹

313 2743 347 2810 ἐν
363 2752 407 2831 τῷ
423 2745 614 2812 ἀποδιδόναι.
631 2745 936 2833 Ταπεινωθήσονται,
958 2749 1062 2833 φησίν,
1109 2745 1346 2828 miliabuntur,
1358 2749 1480 2830 iuquit,
1494 2749 1629 2830 quando
1642 2750 1778 2831 quidem
1786 2767 1853 2814 non

313 2847 422 2936 ἐπειδὴ
440 2852 482 2937 μὴ
500 2851 610 2936 ἔχουσι
624 2859 681 2937 της
697 2852 803 2938 ψυχης
824 2852 927 2918 αύτων
949 2850 1062 2917 ἀντόιλ-
1108 2848 1235 2914 habent
1256 2869 1316 2933 pro
1336 2853 1529 2917 animaene
1544 2856 1852 2920 commutationem.

174 3005 179 3016 .
312 2951 432 3040 λαγμα·
448 2954 533 3035 όπαξ
548 2958 609 3041 γόιρ
621 2955 834 3042 ἀρνησάμενοι
849 2958 885 3020 τό
904 2953 1004 3040 τίμιον
1018 2955 1065 3020 αί-
1111 2955 1221 3017 semel
1237 2955 1328 3018 enim
1340 2973 1380 3019 ac
1402 2956 1627 3038 repudiarunt
1647 2960 1854 3037 sanguinem

240 3084 243 3090 ·
314 3079 359 3145 μα
370 3059 518 3144 Χριστοῦ,
530 3064 567 3126 τὸ
578 3061 747 3150 δεδομένον
758 3061 967 3147 ἀντάλλαγμα
982 3061 1060 3147 ὑπὲρ
1110 3057 1246 3137 Christi,
1273 3058 1390 3122 datum
1414 3061 1450 3124 ill
1476 3062 1624 3143 pretium
1647 3079 1708 3143 pro
1733 3065 1853 3126 mundi

313 3169 370 3246 της
386 3171 441 3227 τοῦ
456 3162 576 3250 κόσμου
593 3163 687 3250 ζωης,
704 3164 809 3231 οὐκέτι
823 3165 989 3250 εὐποροῦσι
1009 3164 1063 3231 λύ·
1109 3163 1190 3241 vita,
1202 3161 1274 3243 jam
1289 3163 1354 3228 sibi
1370 3181 1438 3228 non
1450 3170 1637 3247 suppetunt
1654 3165 1853 3248 redemptio

312 3284 396 3348 τρον.
405 3264 578 3353 Δεξάμενος
591 3269 626 3334 δέ
639 3291 698 3355 μου
709 3271 768 3356 τὴν
779 3267 897 3354 δέησιν,
910 3271 962 3335 οία
973 3268 1064 3352 Θεὸς,
1108 3283 1197 3329 nem.
1224 3269 1313 3332 Meas
1340 3285 1420 3360 vero
1449 3287 1565 3351 preces
1592 3271 1774 3351 excipiens
1804 3272 1856 3334 nti

313 3364 459 3455 ἀσθενείᾳ
493 3372 675 3456 περιθόιλλει
696 3372 1062 3452 τοὺςέπιόουλεύοντας.
1109 3371 1210 3450 Deus,
1229 3360 1435 3435 'infirmitate
1457 3374 1602 3437 involvit
1621 3374 1856 3437 machinantes

314 3468 426 3538 Πάντα
440 3475 471 3540 δί
493 3476 590 3542 aaron
612 3475 747 3564 ἐγένετο.
769 3477 886 3556 Καλῶς
910 3477 1065 3564 ὑπάρχειν
1109 3493 1224 3556 prava.
1240 3497 1256 3536 ιι
1273 3476 1393 3539 Omnia
1407 3495 1467 3558 per
1483 3478 1595 3559 ipsum
1618 3478 1708 3542 facta
1729 3482 1852 3541 sunt.»

314 3582 382 3647 είπε
396 3583 457 3667 πρό
473 3589 535 3646 τῶν
558 3581 698 3649 αίιύνων·
720 3565 775 3648 καί
790 3582 932 3650 ἐντεῦθεν
953 3582 1065 3668 γινύσ-
1111 3580 1243 3661 Optime
1262 3579 1364 3643 dixit:
1384 3581 1442 3663 ραι·
1456 3586 1504 3647 eat
1517 3587 1592 3647 aute
1606 3563 1732 3662 seced,
1752 3588 1786 3646 et
1801 3584 1857 3647 ab·

315 3707 423 3772 κομεν,
439 3687 487 3750 ότι
508 3683 538 3750 οἱ
553 3676 663 3765 αἰῶνες
685 3685 748 3752 ἀπὸ
770 3696 826 3753 τοῦ
850 3689 893 3776 μὴ
918 3688 1007 3766 ὄντος
1022 3687 1066 3765 εἰς
1110 3681 1192 3746 hino
1213 3685 1450 3761 cognoscimus
1475 3684 1564 3766 quod
1586 3688 1712 3750 saecula
1734 3705 1755 3748 a
1769 3687 1858 3750 nihil

315 3792 353 3854 τό
368 3791 448 3855 είναι
461 3787 638 3876 γεγόνασιν.
1112 3803 1186 3852 esse
1201 3787 1245 3850 ad
1262 3804 1335 3852 esse
1350 3789 1571 3852 transierunt.

349 3999 389 4057 5.·
401 3999 510 4071 Aquila
528 4003 567 4066 οίς
579 4001 629 4054 aaa
640 4001 701 4054 ιιτλ.
719 3999 812 4056 Piald.
831 3999 870 4057 ssa.
884 4001 938 4056 col.
950 4001 977 4057 2.
1110 3995 1197 4070 piant
1208 3992 1305 4051 minus
1318 3998 1419 4067 aptum
1431 3994 1505 4050 illud
1517 3997 1609 4062 ἄλλος.
1623 3997 1664 4050 ότι
1675 3998 1690 4050 ό
1703 3997 1783 4062 δόλος
1792 3999 1820 4050 ἀ.
1832 4014 1860 4050 α.

349 4086 390 4142 6.·
401 4085 545 4142 Hebraem
563 4088 594 4140 ei
611 4089 665 4155 γαρ
683 4085 752 4142 ἄσειν
768 4089 828 4140 κτλ.
847 4084 952 4142 nullibi
969 4101 1065 4158 grece
1101 4081 1189 4154 quud
1205 4087 1351 4155 praeterea
1367 4099 1514 4154 anonymo
1532 4081 1626 4152 datur,
1645 4099 1704 4138 uou
1727 4081 1858 4155 Symma-

313 4171 451 4229 refertnr.
1110 4169 1174 4238 cho,
1187 4173 1221 4224 ut
1238 4168 1317 4240 apud
1328 4184 1391 4224 uos.
1409 4167 1556 4224 Ceterum
1572 4167 1794 4225 Montelalcouii
1808 4185 1860 4225 uo·

349 4258 388 4315 7?
405 4255 612 4332 Symmachus:
625 4259 667 4311 ότι
685 4259 739 4311 οῦδ
752 4258 822 4324 όλως
832 4258 894 4312 κτλ.
908 4256 1002 4312 codex
1013 4272 1066 4312 no·
1109 4255 1203 4310 talam
1220 4253 1332 4327 primns
1350 4259 1381 4310 et
1397 4254 1529 4310 modeste
1546 4260 1697 4327 carpserat
1712 4255 1859 4328 Draebiue

314 4351 377 4403 ater
393 4345 484 4402 habet
501 4347 543 4399 ότι
554 4347 585 4399 ού
597 4345 692 4414 δόλοις,
705 4343 783 4414 quod
800 4349 902 4417 aparte
911 4341 1065 4400 confirmat
1110 4339 1142 4396 in
1154 4341 1272 4412 Ηαααμί.
1286 4339 1388 4398 Patrai.
1400 4346 1423 4396 t.
1436 4358 1491 4401 xer
1505 4359 1533 4415 p.
1546 4343 1571 4397 1.
1584 4341 1639 4397 col
1652 4342 1714 4397 865.

314 4433 513 4506 conjecturam
529 4429 645 4500 Fieldii,
663 4447 751 4502 quem
767 4431 860 4486 miror
876 4435 939 4486 tam
955 4430 1067 4505 ancipi-
1146 4427 1186 4482 θ.“’
1203 4427 1325 4498 Aquila:
1342 4431 1496 4482 Ἀπόστωλο
1513 4427 1605 4484 Field
1623 4428 1643 4484 l.
1662 4429 1682 4484 l
1700 4429 1754 4484 col
1776 4431 1802 4486 2.
1824 4430 1861 4486 Ιιι

314 4525 376 4576 tam
392 4519 493 4590 fuisse,
505 4523 539 4573 ut
550 4522 619 4590 poet
635 4516 897 4573 Moutefalcouium
907 4517 940 4572 in
950 4521 1066 4572 textum
1110 4513 1300 4585 sequentibus
1318 4529 1383 4585 quta
1407 4513 1578 4570 dividuntur
1594 4514 1673 4572 inter
1695 4515 1860 4586 Origenem,

314 4605 459 4678 reciperet
476 4602 555 4676 quod
565 4602 652 4658 nihili
665 4607 726 4660 eet:
739 4605 781 4658 ότι
792 4606 807 4656 ό
820 4606 901 4670 δόλος
913 4605 1067 4672 cusum·
1109 4599 1270 4656 Eusebium
1280 4605 1311 4656 et
1321 4599 1525 4669 Athanasium,
1537 4599 1616 4656 bend
1628 4600 1682 4657 aba
1694 4618 1728 4658 re
1740 4601 1798 4658 erit
1809 4619 1860 4656 uo-

314 4689 466 4760 μααύτσίς.
956 4691 960 4702 ’
1110 4693 1301 4742 tareeacram
1311 4685 1528 4742 Eucharistism
1545 4703 1634 4760 saepe
1647 4705 1769 4744 numero
1780 4686 1858 4761 apud

350 4777 389 4832 8.··
403 4775 466 4830 Nec
482 4774 580 4848 placet
591 4774 624 4831 in
635 4775 738 4833 eodem
749 4776 814 4832 loco
826 4776 987 4850 asperrima
998 4792 1064 4832 cen·
1110 4779 1226 4831 veteres
1239 4771 1298 4828 dici
1309 4777 1344 4828 τόν
1356 4776 1453 4842 ἀγαθὰ,
1467 4779 1498 4830 et
1508 4776 1557 4844 την
1569 4777 1702 4843 εὐλογίαν.

315 4878 386 4918 sura
409 4861 670 4918 Montefaloouium
693 4861 834 4936 repulere
857 4880 876 4917 a
898 4855 1012 4918 Fieldio
1036 4867 1068 4919 et
1146 4877 1174 4916 ν.
1184 4859 1227 4915 22.
1238 4859 1305 4914 Vat.
1316 4861 1341 4914 ό.
1352 4858 1396 4914 cf.
1406 4858 1498 4915 Field.
1508 4876 1542 4932 ιι,
1553 4861 1612 4916 180.
1623 4859 1793 4916 Theodorus
1801 4858 1861 4915 He·

316 4945 522 5003 schleusnerio
541 4947 611 5020 (opp.
629 4949 690 5004 crit.
708 4966 736 5021 p.
749 4947 823 5020 uls),
842 4946 879 5002 ob
897 4946 1066 5020 inopportu·
1111 4945 1241 5001 recleota
1252 4942 1331 5018 apud
1348 4944 1520 5002 (lardarium
1531 4947 1621 5019 legit:
1639 4949 1761 5014 λειότερα
1772 4950 1861 5014 βουτύ-

313 5049 386 5090 nam
408 5033 530 5090 Eusebii
553 5034 691 5092 laciniam
711 5035 743 5091 in
766 5035 899 5106 margine
919 5034 1066 5107 rejectam,
1111 5033 1293 5101 ροντόιχιίλη
1306 5035 1400 5088 αὐτῶν.
1413 5033 1462 5090 Me
1475 5039 1574 5092 eutem
1590 5030 1861 5104 lugitaueturpro·

316 5119 397 5176 haud
407 5137 479 5178 vero
491 5121 632 5178 insertum
643 5139 736 5180 sacre
748 5122 899 5192 columnia,
911 5120 982 5178 dum
994 5121 1068 5192 reei-¹
1111 5118 1207 5176 verbii
1218 5117 1276 5176 bue
1287 5117 1415 5176 adducti.
