3966 6108
740 649 1113 884 'billonius
1231 749 1233 754 ’

588 1029 644 1094 IN
678 1024 945 1098 HEXAPLA
983 1036 1276 1102 exabusus

198 1263 454 1326 Monumentum
488 1261 615 1342 exegit,
645 1261 738 1326 bisce
773 1259 904 1341 diebus,
950 1280 1053 1344 quem
1075 1265 1142 1327 «in
1158 1262 1282 1327 studiis
1298 1261 1444 1346 Syriacis
1460 1261 1652 1326 excolendis
1668 1268 1702 1328 et
1804 1329 1812 1352 κ

157 1364 355 1428 Fredericus
370 1363 532 1444 Fioldins,
553 1365 588 1428 in
606 1380 779 1428 summurn
802 1363 906 1428 decus
948 1366 1187 1450 promovendis
1225 1365 1426 1449 primarium
1464 1366 1588 1430 locum
1617 1367 1703 1430 obti-

148 1468 335 1548 -utriusqne
349 1465 541 1532 Academi·
560 1469 758 1533 oxoniensis
774 1473 808 1533 et
823 1469 907 1532 can·
948 1471 1078 1548 nuisse,
1108 1471 1198 1535 docti
1227 1487 1344 1534 omnes
1371 1485 1442 1533 nno
1470 1487 1527 1535 ore
1561 1485 1702 1535 consen·

154 1571 385 1650 tabrigicnsis
404 1585 511 1653 quum
526 1569 630 1651 hujus
652 1571 786 1652 studiis,
808 1572 903 1635 iilius
948 1565 1122 1657 tranen»
1193 1611 1198 1618 -

152 1676 356 1759 sumptibus,
364 1681 442 1758 post
451 1675 566 1740 decem
578 1693 685 1740 annos
697 1676 843 1758 improbi
853 1677 901 1740 la·
949 1709 956 1716 -
991 1677 1044 1740 lde
1059 1677 1196 1758 quidem
1218 1675 1330 1741 adhuc
1348 1675 1530 1770 juniorem,
1547 1689 1624 1740 cum
1646 1693 1704 1741 ve·

153 1780 256 1860 boris,
276 1781 312 1844 in
328 1780 423 1844 senio
437 1783 581 1858 vegetus
596 1784 632 1842 et
653 1779 778 1859 andex,
794 1781 903 1844 Hexa-
947 1785 1201 1864 terumpstrum
1209 1781 1417 1863 exemplaria
1424 1797 1537 1860 grece
1548 1782 1699 1872 primum
1818 1785 1819 1790 ’

148 1885 247 1968 plen
257 1883 487 1949 fundamentis
503 1884 692 1948 instaurate
706 1885 797 1966 typis
809 1883 920 1946 nobi·
946 1886 1127 1966 volverem,
1148 1885 1235 1950 nihil
1251 1886 1362 1962 magis
1377 1885 1562 1948 attonitum
1576 1885 1701 1966 rapuit,

149 1990 245 2054 libus
259 1988 537 2054 clarendonlanis
557 1981 769 2070 commisiti).
793 1988 904 2052 Aude-
940 1973 1023 2053 'tum
1044 1991 1153 2054 nitore
1176 1994 1211 2053 et
1224 1988 1582 2072 majestsreryporum
1605 1995 1640 2052 et
1655 1988 1702 2052 io-

149 2094 226 2158 cior
247 2092 390 2156 sortasse
405 2091 472 2155 init
493 2092 576 2155 oiim
596 2095 712 2155 noster
733 2092 907 2156 Monteial-
950 2095 1085 2173 liorum,
1101 2097 1175 2157 tum
1191 2094 1302 2175 operis
1318 2093 1491 2171 elegantia
1510 2096 1544 2155 et
1560 2093 1702 2157 immen-

153 2197 283 2276 conius,
306 2210 413 2278 quum
432 2196 563 2277 primns
589 2195 787 2258 atlanticum
811 2196 906 2260 illam
948 2201 1061 2279 sitate,
1081 2214 1184 2280 quam
1199 2197 1362 2262 Berncrdi
1384 2195 1635 2262 Monteialconii
1658 2199 1701 2260 A·

152 2301 276 2364 molam
291 2301 489 2379 eggressus,
504 2300 545 2361 ut
555 2295 656 2378 juxta
671 2298 780 2380 ipsius
796 2299 906 2363 archi-
950 2303 1129 2368 tharasius
1153 2309 1187 2366 et
1201 2303 1363 2384 Hexapla.
1379 2303 1492 2367 Etiam
1515 2309 1606 2366 nunc
1626 2305 1702 2384 post

151 2405 233 2470 tecti
247 2403 429 2468 consilium
445 2403 693 2483 restitueretur,
706 2403 905 2467 volnitcum
949 2411 1059 2473 muita
1081 2424 1249 2472 annorum
1273 2409 1382 2472 instra
1403 2407 1701 2489 stupefactum-me

151 2505 399 2587 1111181111011ιί11
424 2505 592 2570 columnis
615 2523 690 2570 enin
717 2507 905 2572 redivivnm
935 2513 1065 2578 ‘videre
1079 2511 1206 2593 videor,
1221 2513 1368 2577 stantem
1390 2513 1522 2591 oxonii,
1538 2513 1574 2575 in
1589 2521 1702 2576 'reces-

151 2611 218 2677 sub
231 2611 340 2675 oculis
351 2626 485 2692 ponere,
497 2613 532 2676 et
541 2611 676 2690 erigere
691 2611 904 2690 redintegra·
949 2637 991 2682 su
1002 2614 1376 2698 Litlemoriano,coram
1388 2617 1583 2696 Newmann,
1596 2630 1701 2680 mann

153 2721 235 2782 tam.
247 2716 427 2780 Mndeniinn
442 2714 733 2794 cantabrigiensis
751 2715 906 2794 neglexit
948 2722 1105 2786 suamihi
1113 2723 1286 2803 aperiente
1297 2720 1422 2785 summi
1435 2721 1582 2784 Maurini
1598 2719 1702 2783 Atha·

151 2822 352 2903 opulentum
368 2819 459 2884 buno
474 2822 686 2901 apparatum,
708 2835 776 2901 quo
791 2819 904 2901 potius
949 2827 1094 2906 nasinm,
1121 2827 1210 2889 notis
1225 2825 1392 2889 Bonuetii
1416 2824 1452 2888 ln
1466 2819 1589 2906 amplis
1612 2838 1701 2886 mar·

148 2927 299 2989 castaus
322 2928 357 2986 et
371 2941 495 2988 vacuas
518 2922 616 3003 ades,
635 2940 738 3004 quem
758 2938 901 2987 renova-
948 2916 1090 2993 ginibus
1115 2913 1343 2978 nobilitatum.
1367 2912 1462 2990 Quod
1482 2914 1613 2995 spectat
1634 2914 1700 2976 He-

149 3032 225 3093 tum
248 3027 430 3092 aedilicium
451 3028 646 3109 conspicere
669 3032 732 3092 est.
749 3027 844 3094 Unde
867 3029 903 3092 in
949 3020 1060 3100 neplu,
1091 3036 1146 3082 me
1173 3036 1241 3082 non
1268 3018 1435 3097 ingerunt
1463 3035 1615 3082 censurae
1641 3033 1701 3098 per

150 3133 351 3214 angustiore
379 3149 459 3197 aren
484 3132 597 3196 locum
627 3132 697 3196 sibi
726 3147 903 3196 reservans
950 3124 1169 3188 Germaniam
1186 3124 1406 3203 circumiere,
1422 3126 1457 3186 et
1472 3137 1539 3204 quo
1554 3121 1700 3184 acriores

151 3238 361 3320 ampliorem,
387 3237 585 3300 innumeras
610 3235 724 3318 potuit
745 3240 779 3298 et
801 3251 906 3298 novas
951 3231 1058 3308 erant,
1079 3227 1316 3291 vehementius
1331 3227 1416 3290 mibi
1440 3225 1704 3304 augebaturvo-

154 3343 316 3408 lectiones
327 3358 508 3422 accersere,
521 3357 607 3424 quaa
619 3338 793 3420 prebuere
805 3339 906 3403 multi
951 3339 1036 3412 turn,
1059 3337 1099 3395 ut
1121 3333 1268 3395 oriretur
1295 3330 1433 3394 tandem
1460 3347 1568 3392 novus
1592 3327 1703 3422 operis

152 3445 285 3510 codices
300 3443 527 3528 undequaque
542 3462 563 3506 a
583 3442 716 3508 duobus
740 3448 830 3507 retro
844 3462 906 3508 sm·
952 3431 1153 3516 Heraplaris
1171 3421 1424 3516 instaurator.³)
1638 3507 1641 3512 ¹

152 3551 242 3616 culis
257 3551 382 3632 reperti
398 3553 432 3614 et
451 3547 596 3614 excussi.
866 3577 869 3582 ·
984 3539 1136 3604 Proiecto
1148 3537 1236 3602 nibil
1247 3537 1428 3617 similepro
1439 3534 1699 3614 mesomniotus,

196 3656 300 3719 Notes
318 3655 545 3718 variatissima
571 3652 763 3718 eruditione
784 3650 826 3715 ad
849 3669 906 3716 cu·
950 3661 1014 3708 nec
1035 3641 1076 3707 de
1095 3659 1160 3721 me,
1183 3640 1241 3704 sed
1257 3641 1298 3704 de
1321 3641 1399 3703 eliis
1421 3638 1589 3717 cogitans,
1611 3637 1704 3702 haud

152 3761 287 3824 mulum
303 3760 454 3842 oppletas
465 3757 620 3837 subjecit,
633 3754 692 3819 ubi
705 3755 802 3837 quasi
814 3773 908 3846 gem-
952 3749 1142 3827 omiseram,
1155 3746 1241 3809 dum
1257 3745 1294 3807 in
1309 3744 1435 3806 multos
1457 3742 1588 3804 codices
1603 3739 1706 3804 bibli-

153 3869 303 3930 maetum
318 3839 908 3945 primumemicant'scbolia'u'a'fsio-
953 3869 1009 3916 cos
1031 3850 1146 3930 incidi,
1163 3847 1257 3913 aliud
1279 3865 1397 3928 egens,
1420 3847 1489 3909 cite
1504 3843 1563 3910 sed
1585 3844 1705 3909 sedula

153 3939 906 4065 riis'b‘y'rbssbeaffipjrisssffiffpffibffif‘i'nb
953 3973 1068 4036 manu,
1092 3955 1127 4019 in
1148 3952 1288 4017 schedas
1311 3967 1404 4014 meas
1429 3953 1587 4014 excutere
1609 3949 1705 4014 scbo-

153 4059 371 4141 incunabulis
394 4072 561 4154 usquead
579 4069 906 4134 consummationem
952 4061 1035 4125 licia
1058 4059 1298 4140 Hexaplorum.
1319 4058 1461 4120 crevere
1483 4053 1653 4136 manipuli
1667 4054 1705 4118 in

153 4179 265 4261 operis
294 4176 429 4258 adjutor
462 4174 769 4254 indefatigabilis.»
804 4175 906 4236 Anto-
952 4167 1102 4228 Romano
1118 4180 1249 4244 campo,
1265 4165 1300 4224 et
1313 4161 1425 4227 adbuc
1442 4161 1479 4225 in
1494 4159 1587 4224 hisce
1609 4157 1702 4223 arvis

153 4283 233 4348 nius
248 4281 353 4347 Maria
363 4278 509 4359 ceriani,
520 4277 635 4342 doctor
650 4277 904 4357 Ambrosianus,
950 4285 1050 4348 seges
1066 4268 1149 4332 latet
1172 4267 1275 4344 longe
1291 4263 1566 4344 locupletissima.
1590 4263 1654 4326 Sed
1670 4265 1726 4325 o-‘

191 4516 220 4589 1)
233 4515 361 4587 Odqerrir
373 4517 502 4588 Heraplu
514 4532 575 4588 que
585 4519 746 4588 ruperunt,
756 4515 816 4572 etue
829 4521 904 4572 uete-
983 4509 1013 4581 2)
1025 4506 1119 4565 Fiald.
1136 4506 1168 4562 in
1185 4505 1251 4580 ipsa
1270 4501 1368 4578 operis
1384 4500 1576 4576 epigrcpbics
1587 4497 1704 4555 dedice-

154 4619 218 4659 rum
236 4605 417 4676 interpretum
431 4603 634 4674 praeverteris
653 4607 737 4658 bium
754 4607 834 4658 velere
858 4602 906 4658 lb·
950 4592 1044 4650 tiones
1630 4669 1636 4684 ι

153 4696 320 4748 sternentem
331 4690 504 4762 smyrnenta,
511 4697 576 4762 poet
585 4689 753 4746 munuum
759 4687 905 4755 Nobilium,
986 4681 1015 4754 3)
1028 4679 1128 4736 Etiam
1147 4695 1203 4749 ego
1215 4680 1319 4732 auctor
1335 4672 1381 4730 fui
1393 4671 1513 4744 egregio
1531 4670 1639 4770 editors
1650 4669 1706 4728 rn-

155 4777 289 4834 Druer‘um
301 4785 329 4834 et
340 4777 591 4849 diorrtesnlcorriurrr³
605 4774 731 4832 adbibita
747 4775 831 4830 elium
843 4789 906 4832 ver·
953 4767 1074 4838 eonfiat
1086 4761 1271 4832 parisiensis,
1281 4767 1316 4817 nt
1324 4759 1414 4816 nullia
1426 4761 1567 4832 impensis
1579 4773 1703 4831 parcens

154 4863 233 4920 ⁴rr'orre
245 4863 496 4937 Suro-besaplcrr‘,
509 4863 695 4930 cmrcinrrnor‘t,
709 4861 866 4918 emendavit
880 4865 911 4916 et
953 4852 1075 4926 Origeni
1091 4869 1146 4908 sne
1156 4848 1293 4922 chspla
1310 4847 1490 4916 restitueret,
1502 4861 1568 4916 quse
1580 4850 1642 4900 tres
1661 4849 1705 4900 to-

157 4949 251 5006 mucre
266 4951 394 5022 partibus
411 4951 494 5007 aucit
510 4949 677 5008 eraderem
695 4945 782 5004 rterd.
802 4946 851 5004 ΛΔ.
870 4947 906 5002 ΙΙ.
955 4959 1019 5000 mos
1038 4957 1088 5011 xv,
1106 4935 1404 5008 xrr,xrrr.imp10nt,
1427 4937 1548 4988 carente
1565 4930 1600 4987 P.
1618 4931 1652 4987 L.
1670 4931 1705 4986 B.

157 5035 259 5092 Oscae
275 5053 290 5091 e
311 5034 504 5109 ippoqrapheo
523 5032 753 5094 aarmdoauno.
771 5032 850 5088 lete.
868 5031 908 5090 4‘.
952 5027 1062 5099 Drach,
1074 5026 1125 5100 qni
1136 5024 1230 5081 multo
1242 5021 1366 5096 peritior
1376 5018 1514 5098 hebraico
1531 5035 1620 5091 qnam
1628 5035 1706 5092 grn-

155 5127 228 5194 tom,
238 5139 259 5194 ι,
268 5122 380 5198 proleg.
394 5137 458 5182 ι-οι.
474 5122 565 5194 1815,
579 5126 651 5178 tom.
662 5133 695 5190 ιι,
708 5117 816 5175 1-1034.
824 5117 912 5178 Aust.
953 5132 997 5186 ce,
1009 5129 1064 5170 nec
1076 5110 1151 5170 setis
1167 5106 1367 5168 ecclesiastica
1384 5105 1549 5164 eruditione
1565 5103 1706 5176 munitus,

156 5208 231 5268 1-74.
955 5199 1174 5279 spemmnltam
1185 5194 1301 5254 fefellit
