4036 6090
809 433 850 496 IN
875 434 1062 497 PSALMOS
1416 451 1423 460 ·
1651 438 1717 500 117-

176 597 239 642 των
253 573 431 658 κλυδώνιον,
448 572 580 658 δυνηθῶ,
603 569 775 656 εύεργεθείς
792 571 851 635 ύπδ
867 581 922 636 τοῦ
966 573 1035 634 culi
1051 571 1169 650 undas,
1187 571 1322 652 possim,
1347 572 1520 636 beneficiis
1535 592 1556 636 a
1571 576 1640 638 Deo
1656 593 1713 638 cu·
1774 585 1779 593 ’

177 678 271 763 Θεοῦ,
294 681 369 746 ἰδεῖν
391 675 694 752 καταποντισθέντας
708 677 782 752 τούς
796 677 923 759 νοεροὺς
965 676 1126 754 mulatus,
1149 676 1262 739 videre
1296 676 1487 740 submersos
1516 678 1710 758 spirituales

174 782 364 869 Αἰγυπτίους
385 785 440 847 καί
463 785 516 847 τὸν
535 783 647 865 νοητὸν
663 778 795 864 Φαραύ.
818 778 921 857 Atra,
964 779 1140 860 AEgyptios
1178 784 1212 842 et
1244 780 1450 843 invisibilem
1486 780 1705 844 Pharaonem.

175 887 210 952 δέ
225 887 269 952 ὢν
290 888 324 952 ἐν
345 895 388 972 τῷ
411 873 499 970 φωτί
512 894 569 970 της
591 881 722 970 ἡμέρας,
746 882 921 968 σκεποίμην
966 884 1039 963 lpse
1055 887 1169 946 autem
1182 897 1247 960 ego
1262 883 1326 944 sub
1341 884 1415 946 luce
1428 884 1505 962 diei,
1517 887 1709 963 protagora

173 991 234 1054 ὑπὸ
256 989 390 1076 νεφέλης
412 999 469 1074 της
490 988 614 1073 κούφης
636 989 691 1051 καί
718 987 778 1051 ύπδ
808 1001 921 1072 φωτισ-
964 986 1054 1050 nube
1067 987 1144 1066 levi,
1157 993 1191 1050 et
1202 986 1244 1049 ab
1256 988 1338 1065 igne
1351 989 1523 1067 rutilante,
1533 986 1562 1050 si
1573 988 1709 1066 quando

174 1102 234 1180 μού
256 1095 362 1178 πυρὸς,
379 1092 435 1157 ἐάν
457 1091 534 1157 ποτέ
558 1113 596 1177 με
617 1091 763 1156 σκοτεινὰ
787 1092 842 1156 καί
870 1090 921 1154 δύ·
963 1090 1048 1153 lorte
1063 1108 1117 1153 me
1133 1090 1309 1154 tenebrosa
1333 1095 1367 1153 et
1381 1091 1488 1153 ardua
1510 1090 1708 1154 discrimina

173 1197 276 1262 σκολα
289 1194 469 1280 καταλάύη,
486 1196 540 1260 καί
552 1195 569 1260 ὁ
583 1194 701 1281 κύαμος
714 1195 769 1280 μέν
783 1193 919 1260 ἐσκύτω-
963 1193 1136 1272 invadant,
1152 1194 1208 1257 vel
1219 1194 1366 1257 mundus
1378 1194 1527 1271 caligine
1542 1194 1708 1274 obscuret,

175 1321 236 1384 ται,
252 1301 307 1364 καί
322 1299 427 1366 πάντα
441 1297 570 1385 ἀγνοίας
585 1297 798 1383 πεπλήρωται
965 1301 1025 1360 aut
1040 1297 1154 1360 omnia
1168 1297 1238 1360 sint
1254 1298 1456 1375 ignorantiae
1472 1296 1605 1361 referta.

216 1403 293 1491 Ἐίιν
307 1404 341 1469 ἐν
355 1413 396 1488 τη
418 1401 526 1488 ἐρήμῳ
547 1411 603 1467 τού
619 1400 696 1487 βίου,
717 1400 792 1466 ἔνθα
814 1401 918 1487 πολλὴ
1008 1401 1101 1476 Quod
1123 1400 1152 1464 si
1186 1401 1221 1463 in
1248 1399 1352 1480 huJ'us
1385 1403 1464 1464 vitae
1497 1415 1619 1481 erema,
1650 1403 1712 1466 ubi

171 1509 334 1594 ἐπικρατεῖ
347 1509 438 1573 ἄνοια
452 1517 513 1573 τῶν
528 1505 731 1591 πραγμάτων,
744 1505 854 1572 διελὼν
866 1508 919 1571 τὸν
963 1506 1072 1567 multa
1088 1503 1282 1568 dominatur
1297 1505 1467 1569 dementia
1486 1507 1712 1588 negotiorum,

172 1611 377 1698 στερρότατον
399 1613 496 1676 αὐτού
508 1610 611 1695 λόγον,
635 1609 752 1695 πέτραν
768 1610 919 1696 ὀνομαζό·
963 1607 1117 1672 dividens
1133 1607 1366 1672 firmissimum
1379 1627 1480 1672 suum
1492 1609 1644 1690 verbum,
1656 1629 1713 1691 pe·

173 1736 274 1802 μενον,
291 1713 433 1800 ἀφθόνως
447 1716 502 1779 καί
516 1715 561 1791 είς
576 1713 670 1798 κόρον
685 1712 799 1798 ποτίσῃ
816 1736 864 1800 με,
877 1714 919 1791 ὡς
963 1716 1050 1774 tram
1074 1711 1213 1791 dictum,
1238 1711 1371 1776 abunde
1395 1719 1429 1776 et
1450 1713 1493 1775 ad
1520 1715 1712 1778 satietatem

172 1817 414 1904 παραθληθηναι
436 1821 471 1883 τὸ
494 1817 565 1903 ῥέον
590 1819 672 1901 ύδωρ
700 1816 837 1903 ἀθύσσιμ,
863 1821 919 1883 καί
963 1817 1011 1878 ita
1027 1818 1150 1895 irrigat
1164 1833 1228 1894 me,
1241 1817 1588 1881 utconferaturunda
1604 1817 1714 1882 fluens

171 1926 245 2000 τοὺς
259 1923 297 1986 ἐκ
310 1931 369 2007 της
383 1931 596 2008 πνευματικης
611 1920 731 1998 κοιλίας
748 1922 919 2008 ποταμούς·
963 1939 1040 1984 cum
1056 1920 1176 2003 abysso
1191 1925 1225 1983 et
1243 1919 1442 1984 fluminibus
1465 1939 1485 1983 a
1507 1925 1624 1984 ventre
1647 1923 1714 2002 api·

174 2027 236 2112 ἐγὼ
263 2025 299 2091 δὲ
321 2023 559 2110 παραπικραίνω
580 2028 634 2091 τδν
658 2021 808 2111 Ὕψιστον
830 2027 864 2092 ἐν
884 2027 919 2092 ἀ·
963 2025 1079 2088 rituali
1095 2025 1350 2104 inundantibus,
1369 2042 1434 2103 ego
1449 2029 1564 2088 tamen
1580 2043 1713 2088 exacer-

172 2133 282 2218 νύδριμ,
299 2135 355 2198 ἐὰν
377 2133 457 2217 μετὰ
472 2133 530 2216 την
552 2129 759 2197 διδασκαλίαν
774 2133 868 2199 πάλιν
883 2131 918 2199 a·
963 2129 1005 2191 bo
1019 2127 1227 2194 ditissimum
1245 2130 1282 2192 ιἰι
1304 2129 1369 2194 loco
1391 2129 1559 2211 inaquoso,
1585 2129 1614 2193 si
1638 2134 1715 2210 post

172 2235 330 2322 μαρτάνω,
345 2233 627 2320 ἐπιλανθανόμενος
648 2243 710 2300 τῶν
732 2233 834 2321 λόγων
856 2245 917 2302 τῶν
962 2233 1179 2297 didascaliam
1193 2234 1317 2296 iterum
1329 2250 1439 2314 pecco,
1453 2234 1630 2306 immemor
1645 2251 1714 2297 ser-

171 2339 351 2423 τρεψάντων
367 2359 415 2425 με,
430 2339 486 2404 καί
508 2347 564 2403 τού
580 2337 692 2414 ύδατος
708 2341 768 2404 τοῦ
783 2339 846 2403 ἀπὸ
860 2349 918 2425 της
962 2353 1100 2399 monum
1124 2338 1184 2418 qui
1207 2339 1446 2404 enutrirerunt
1468 2355 1532 2417 me,
1556 2341 1591 2401 et
1612 2355 1710 2419 aqna

171 2440 297 2526 πέτρας,
320 2443 388 2527 ἥτις
410 2443 494 2507 ἐστίν
509 2441 526 2506 ὁ
542 2439 685 2525 Χριστός.
702 2440 809 2527 Πέτρᾳ
832 2441 866 2506 δὲ
882 2443 917 2507 ἀ·
962 2439 1002 2502 de
1018 2445 1114 2521 petra
1129 2458 1205 2521 qnae
1221 2444 1272 2503 est
1294 2440 1456 2504 Christus.
1480 2443 1587 2504 Petrae
1609 2459 1708 2523 porro

171 2546 355 2624 πεικύιζεται
369 2546 386 2610 δ
402 2546 537 2631 Χριστὸς
551 2545 603 2609 διὰ
617 2547 654 2608 τδ
670 2544 847 2629 ἄθραυστον
863 2547 918 2610 καὶ
964 2545 1173 2608 assimilatur
1184 2545 1347 2625 Christus,
1359 2550 1537 2626 propterea
1548 2547 1638 2628 quod
1650 2564 1712 2610 nec

172 2649 358 2734 ἀκλύνητον.
378 2648 576 2735 Ἐρήρεισται
597 2649 659 2734 γὰρ
679 2647 765 2726 ἰδίοις
788 2649 917 2734 ἀγαθοῖς
962 2647 1087 2728 frangi,
1104 2665 1166 2711 nec
1188 2649 1323 2712 concuti
1346 2653 1465 2729 potest.
1489 2651 1639 2713 Firmato
1661 2657 1714 2715 est

170 2752 192 2838 ἡ
208 2752 283 2818 θεία
293 2755 391 2818 τεκαὶ
402 2753 572 2836 ὑπέρτατος
584 2753 684 2838 τρύσις.
701 2751 747 2817 oo
760 2754 814 2816 καί
824 2775 917 2819 κατε-
963 2754 1054 2817 enim
1070 2752 1219 2816 inbonis
1234 2752 1438 2816 suisdivina
1453 2757 1487 2816 et
1509 2755 1711 2819 sublimissi-

110 2937 113 2944 Δ
169 2856 315 2943 λάλησαν
331 2856 372 2935 ύς
394 2857 429 2922 ἐν
448 2856 604 2941 προσώπῳ
628 2855 766 2934 Μωσέως
787 2856 918 2942 ησυνα-
963 2875 1019 2920 ma
1044 2861 1181 2920 natura:
1198 2861 1315 2920 contra
1330 2874 1433 2938 quem
1455 2858 1602 2922 oblocuti
1617 2863 1711 2938 sunt,

170 2963 272 3046 γωγη,
287 2969 539 3045 κατηγοροῦντες
557 2960 608 3024 ἐπὶ
631 2959 770 3045 Πιλάτιρ,
794 2964 848 3026 καὶ
870 2959 917 3025 τύ·
962 2967 1125 3044 tanquam
1141 2962 1178 3024 in
1200 2978 1343 3042 persona
1366 2962 1499 3044 Moysis,
1522 2979 1713 3044 synagoge
1775 2951 1787 2978 ⁸

171 3063 259 3153 Αἶρε,
283 3064 474 3148 σταύρωσον,
491 3063 755 3148 ἀνακεκράγασιν.
780 3064 860 3129 Elec
882 3065 917 3130 δὲ
963 3067 1110 3145 asseclae,
1134 3067 1194 3148 qui
1220 3065 1310 3146 apud
1334 3067 1482 3129 Pilatum
1504 3071 1709 3130 accusarunt

171 3169 240 3232 δυσί
262 3165 461 3252 λελυπήκασι
483 3167 630 3252 πληγαῖς,
657 3166 698 3246 ὡς
720 3170 778 3253 την
800 3167 918 3254 πέτραν
964 3189 1053 3250 eum,
1069 3174 1103 3234 et
1118 3172 1325 3233 clamarunt:
1347 3171 1482 3250 «Tolle,
1505 3170 1710 3250 crucifige.»

172 3271 310 3357 Μωϋσης
322 3273 367 3350 δίς
379 3271 542 3351 ἐπάταξεν.
563 3268 852 3357 Ἀπεκτείνασιγδιρ
864 3275 918 3337 τὸν
962 3275 1091 3338 Deinde
1109 3291 1189 3337 vero
1212 3273 1339 3354 duplici
1363 3272 1576 3338 offenderunt
1597 3277 1711 3357 plaga,

171 3375 315 3464 ἀρχηγὸν
329 3385 388 3461 της
399 3375 493 3461 ζωης,
506 3375 562 3441 εἴθ’
573 3377 621 3440 θτι
633 3375 809 3462 μεμένηκεν
824 3376 858 3443 ἐν
869 3397 918 3443 νε·
964 3381 1053 3443 sicut
1068 3383 1199 3459 petram
1214 3378 1344 3459 Moyses
1358 3377 1411 3440 bis
1426 3379 1601 3458 percussit.
1629 3381 1713 3441 «In-

171 3489 268 3564 κροῖς,
291 3480 471 3546 ἀναπείθειν
493 3480 610 3546 ἔθελον.
631 3480 722 3546 Ἀλλ’
744 3481 918 3548 ἐκδέδωκεν
962 3482 1168 3547 terfecerunt
1186 3482 1277 3544 enim
1293 3485 1463 3544 auctorem
1478 3483 1596 3544 vita.»
1621 3485 1708 3545 Tum

171 3581 193 3667 ἡ
216 3583 317 3668 πέτρα
342 3583 499 3661 πλουσίως
520 3586 556 3648 τὸ
571 3593 665 3668 νᾶμα,
688 3586 743 3649 καί
768 3583 918 3649 πεπότικε
963 3588 1066 3650 etiam
1081 3584 1285 3666 persuadere
1299 3585 1483 3647 voluerunt
1505 3585 1595 3665 quod
1618 3603 1712 3648 man-

171 3696 277 3752 πᾱσαν
290 3689 349 3773 την
371 3687 759 3774 assumpserimus
777 3690 839 3775 γὰρ
858 3692 916 3776 την
963 3691 1046 3755 serit
1073 3691 1162 3752 inter
1184 3691 1343 3751 mortuos.
1369 3687 1463 3750 «Sed
1485 3687 1631 3752 reddidit
1655 3706 1713 3771 pe-

170 3791 358 3878 οίκουμένην
373 3792 509 3876 Χριστος
524 3793 617 3877 ἱεροῖς
630 3815 665 3858 τε
680 3796 734 3858 καὶ
749 3791 848 3872 θείοις
863 3794 917 3860 νά·
964 3797 1017 3856 tra
1029 3791 1195 3856 fluentum
1204 3791 1391 3870 abundans,
1400 3795 1434 3853 et
1441 3793 1570 3872 potavit
1577 3793 1711 3874 plebem

171 3913 275 3982 μασιν.
290 3893 329 3961 ‘0
344 3896 497 3981 πηγάζων
519 3898 554 3961 τὸ
578 3896 661 3962 θεῖον
676 3906 761 3983 νᾶμα
783 3907 848 3976 τοῖς
871 3898 913 3962 δι-
963 3899 1167 3962 universam.
1183 3917 1199 3955 υ
1215 3893 1398 3958 inundavit
1409 3896 1500 3957 enim
1512 3897 1626 3960 orbern
1642 3900 1709 3961 ter·

176 3998 269 4082 ψύαι,
282 3999 336 4062 καί
347 3997 492 4084 προχέων
504 4001 540 4063 τδ
552 3999 634 4085 ὕδωρ
645 4001 684 4065 ἐκ
698 4009 755 4087 της
770 4000 917 4086 πλευρᾶς,
963 4019 1078 4065 rarum
1094 4001 1247 4064 Christus
1258 4001 1385 4062 sanctis
1397 3999 1592 4080 divinisque
1603 3999 1710 4064 fluen-

172 4111 229 4166 τού
249 4099 379 4186 σιδήρου
403 4105 462 4189 τὴν
489 4101 591 4188 φλέύα
612 4105 731 4189 ταύτην
753 4102 919 4191 ἀναστομί-
963 4107 1017 4169 tis.
1034 4107 1109 4185 Ipse
1124 4105 1184 4185 qui
1207 4105 1349 4167 scaturit
1364 4102 1532 4167 fluentum
1555 4104 1710 4170 divinum

173 4226 297 4288 σαντος,
313 4207 418 4271 καὶτὸ
433 4210 543 4291 πικρὸν
558 4217 615 4292 της
635 4207 770 4292 mappa,
787 4218 842 4272 τού
865 4229 918 4272 κο-
962 4209 1166 4286 sitientibus,
1180 4211 1214 4270 et
1225 4207 1398 4289 profundit
1409 4224 1533 4288 aquam
1545 4207 1711 4288 delatore,

174 4311 293 4376 λαστού
308 4311 413 4397 νόμου,
431 4311 601 4398 μετέύαλεν
616 4313 659 4390 είς
681 4313 863 4399 γλυκύτητα
878 4323 918 4398 τη
963 4312 1146 4375 ferrohanc
1158 4328 1279 4374 venam
1291 4311 1473 4391 aperiente,
1488 4311 1576 4374 idem
1588 4313 1711 4375 amari·

171 4415 342 4500 παραδοχη
364 4425 421 4480 τοῦ
440 4415 533 4495 ξύλου
548 4426 603 4481 τού
625 4426 760 4501 σταυροῦ
783 4420 838 4482 καί
863 4429 918 4484 τοῦ
963 4417 1115 4480 tudinem
1132 4417 1259 4494 Merrae,
1274 4415 1362 4493 legis
1382 4432 1503 4496 nempe
1525 4416 1708 4495 saevientis,

171 4517 307 4605 έπάὐτῷ
319 4519 501 4605 μυστηρίου·
512 4523 548 4586 τὸ
559 4522 621 4605 γὰρ
631 4521 763 4606 γράμμα
774 4523 828 4586 καί
839 4522 856 4587 ὁ
868 4521 919 4588 νύ-
962 4521 1109 4583 mutavit
1121 4519 1155 4582 in
1168 4518 1339 4582 dulcorem
1351 4519 1440 4597 ligni
1451 4519 1562 4582 crucis
1575 4522 1609 4581 et
1616 4534 1707 4600 mya-

174 4643 232 4708 μος
246 4622 433 4706 ἀποκτείνει,
446 4627 482 4690 τὸ
494 4625 530 4689 δέ
543 4634 666 4711 πνεῦμα
677 4621 762 4708 καὶὴ
779 4625 813 4692 ἐν
827 4627 918 4692 πνεύ-
962 4624 1041 4688 terii
1057 4623 1147 4703 ejus:
1166 4625 1322 4687 «Littera
1336 4624 1428 4686 enim
1443 4626 1477 4686 et
1492 4623 1560 4686 Lex
1572 4623 1705 4704 occidit,

172 4746 245 4811 ματι
260 4725 390 4812 λατρεία
404 4727 425 4814 ἡ
443 4728 632 4814 εθαγγελικη
649 4728 803 4808 ζωοποιεῖ.
963 4731 1103 4811 spiritus
1117 4746 1197 4793 vero
1215 4734 1249 4792 et
1266 4728 1454 4811 spiritualis
1473 4729 1586 4792 cultus
1609 4746 1710 4792 evan·

963 4833 1096 4912 gelicus
1111 4830 1262 4894 viviticat
1274 4852 1303 4894 υ.

219 4935 325 5001 Πάλαι
351 4937 408 5022 μέν
434 4937 552 5022 [ἀρτον]
583 4938 700 5002 ἔδωκεν
725 4937 743 5002 ὁ
769 4936 849 5016 Θεὸς
873 4947 918 5026 τῷ
1009 4949 1026 4997 ιι·
1039 4939 1126 5003 Olim
1141 4937 1278 5018 quidem
1293 4936 1386 5000 dedit
1398 4937 1564 5000 Dominus
1580 4938 1707 5018 populo

171 5038 240 5124 λαῷ
255 5041 352 5105 αὐτοῦ
367 5039 565 5118 ἀκοπίαστως
588 5044 664 5126 πρὸς
679 5049 785 5106 πᾶσαν
799 5039 918 5128 ἡδονὴν
964 5059 1026 5106 suo
1040 5059 1163 5123 panem
1176 5041 1251 5105 sine
1273 5040 1397 5121 labore,
1413 5041 1502 5105 vires
1517 5059 1596 5105 cum
1615 5041 1709 5104 omni

172 5143 341 5230 ἰσχύοντα·
356 5148 434 5229 πρὸς
448 5144 538 5229 δγίιρ
550 5165 595 5222 τις
606 5144 764 5227 έθούλετο,
778 5144 917 5232 μετεκρί-
964 5147 1132 5212 suavitate
1152 5145 1374 5230 reficientem,
1389 5150 1491 5228 prout
1508 5147 1598 5211 enim
1618 5147 1710 5226 quis·
