4044 6104
287 447 352 511 418
954 445 1165 513 ORIGENES

332 583 398 653 Νῦν
412 586 447 651 δέ
467 585 543 664 τέως
558 585 633 674 ἡμῖν
648 589 701 653 τὸν
717 585 850 674 βασιλέα
864 593 965 652 σῶσον
976 587 1036 652 Δα-
1124 591 1188 666 Qui
1204 607 1295 654 nuno
1318 607 1427 672 usque
1443 590 1478 654 in
1494 607 1555 652 uos
1570 586 1738 666 regnavit,
1760 585 1824 648 sal-

289 683 349 754 υίδ.
366 685 442 753 Nost
453 690 508 753 καί
518 690 630 768 ίππους
644 692 685 755 τὰ
696 689 894 776 σκιρτήματα
906 695 967 756 ἐῶν
977 713 1037 756 πα-
1079 712 1162 757 vum
1176 695 1229 757 fao
1244 695 1416 758 Davidem.
1435 695 1547 758 Etiam
1567 692 1724 769 intellige
1740 691 1775 752 in
1791 707 1827 752 e-

288 791 361 876 θῶν,
376 793 421 870 οίς
434 791 641 860 έπιθοιίνουσιν
653 795 681 860 οί
692 793 847 881 δαίμονες·
862 798 989 882 ἅρματα
1001 797 1036 861 δὲ
1080 799 1158 879 quis
1172 799 1337 878 impetum
1353 799 1544 877 libidinum,
1557 799 1592 860 iu
1604 813 1689 878 quas
1715 811 1829 858 aseen-

290 898 349 982 τὴν
361 897 535 984 σύμπνοιαν
549 907 610 965 τῶν
625 899 804 985 ἁρματικῶν
819 901 927 966 παθιῖιν
941 901 975 967 έν
991 902 1036 979 οίς
1082 904 1168 967 dunt
1186 903 1369 982 doemones3
1385 903 1421 965 in
1436 902 1594 965 ourribus
1609 905 1736 978 autem,
1751 915 1829 960 oon·

289 999 588 1084 παρασκευάζονται
603 1003 676 1068 καθ’
686 1001 784 1088 ἡμῶν.
1081 987 1299 1088 spirationem
1311 1007 1506 1088 passionum
1522 1007 1744 1082 invectarum,
1757 1001 1831 1084 qui-

1081 1112 1224 1175 busoum
1241 1112 1276 1174 in
1292 1127 1353 1173 nos
1368 1111 1476 1174 aciem
1487 1111 1672 1173 instruunt.

324 1342 352 1381 v.
366 1326 408 1380 10.
422 1326 468 1382 Ex
480 1325 575 1383 Vatio.
589 1328 631 1384 16.
646 1361 679 1370 -
692 1329 774 1385 Editi
782 1333 983 1389 commentarii
994 1331 1039 1388 ul·
1083 1331 1227 1388 Eusebius
1240 1329 1278 1386 ab
1290 1329 1418 1402 OrIgene
1430 1329 1462 1384 iu
1473 1345 1517 1402 ps.
1531 1345 1567 1386 ιιι
1583 1327 1695 1400 recepit
1708 1325 1831 1400 (PatroL

291 1407 364 1465 tima
385 1411 475 1468 verba
495 1411 693 1488 maximopere
715 1417 845 1473 notanda
871 1424 948 1474 sunt.
965 1419 1040 1474 Post
1084 1433 1139 1489 x11,
1153 1417 1253 1488 1166).
1271 1415 1349 1471 Ante
1369 1415 1544 1486 magistrum
1567 1413 1647 1469 enim
1668 1416 1699 1467 et
1720 1415 1831 1483 quanto

290 1514 378 1568 quam
402 1499 547 1555 Eusebius
570 1501 707 1558 ultimum
730 1504 908 1560 versiculum
931 1504 1040 1562 Davidi
1082 1504 1178 1576 magis
1187 1503 1224 1559 ab
1235 1503 1287 1558 illo
1297 1501 1554 1575 addisoipnlumet
1565 1499 1710 1572 deinceps,
1720 1497 1831 1567 allego-

290 1582 356 1654 regi
368 1583 528 1641 seeundum
540 1585 694 1644 historiam
705 1589 848 1660 retulerit,
861 1590 958 1647 addit:
970 1594 1041 1662 Νοή-
1082 1590 1128 1646 ria
1139 1589 1247 1644 biblica
1258 1604 1327 1643 suas
1338 1586 1443 1643 habuit
1451 1587 1540 1658 leges,
1551 1591 1752 1656 statutamque
1764 1601 1831 1638 uor-

291 1689 347 1738 σιις
364 1676 394 1726 δέ
412 1679 496 1727 ταῦτα
511 1681 559 1730 καί
575 1679 647 1729 κατὰ
663 1679 711 1732 τὸν
727 1684 776 1746 τῆς
794 1682 936 1748 ἀναγωγῆς
951 1683 1040 1751 νόμον,
1082 1693 1160 1731 mam
1172 1675 1209 1730 ab
1220 1674 1419 1730 remotissima
1429 1670 1606 1743 antiquitate
1616 1670 1778 1726 christiana
1787 1687 1833 1726 re-

291 1773 357 1828 quae
367 1764 503 1815 contorte
512 1759 759 1818 Montefaloonius
765 1764 931 1820 transtulit:
943 1767 957 1798 ί
967 1765 1041 1822 Haeo
1083 1761 1250 1834 petundum.
1269 1758 1327 1816 Sed
1338 1759 1390 1815 ubi
1401 1759 1495 1814 ultera
1512 1757 1657 1830 expositio
1675 1773 1763 1829 quam
1774 1757 1833 1812 Eu·

230 1839 243 1858 '
291 1845 1039 1923 porroanagogico,rioeredootilio,moreaooipias.„
1084 1847 1338 1922 sebiuspromittit
1349 1851 1466 1920 aperte:
1483 1847 1595 1914 Νοήσεις
1607 1844 1757 1899 σιτευτοί
1774 1844 1833 1898 Do-

291 1931 412 2001 Δσσίρίεε
424 1930 591 2003 requiritur,
604 1951 638 1989 ae
651 1931 756 1990 deinde
772 1934 860 2004 jorra
872 1937 957 2008 legem
968 1953 1039 1992 απα-
1082 1934 1201 1991 laudum
1209 1933 1284 1990 nihil
1293 1933 1331 1989 ad
1343 1951 1397 1988 nos
1412 1931 1581 2005 pervenisse
1599 1949 1687 2003 quam
1698 1935 1786 1986 tenua
1798 1931 1834 1985 il·

288 2015 428 2086 ρυρίοοιιι,
441 2017 505 2076 sive
517 2017 614 2089 legem
626 2019 805 2077 sublimioris
817 2022 983 2079 intellectus
1001 2023 1039 2079 ad
1082 2021 1134 2077 lud
1151 2021 1294 2077 scholium
1313 2019 1401 2078 vatio.
1414 2019 1456 2086 16,
1474 2035 1534 2073 nou
1549 2015 1768 2090 despiciendum
1788 2021 1834 2072 ta-

194 2104 198 2112 '
291 2119 417 2175 superna
430 2103 569 2176 dogmata
580 2104 736 2163 referendi·
749 2108 850 2180 Neque
862 2108 939 2165 eiooo
957 2109 1040 2182 pede,
1083 2126 1160 2165 men.
1169 2107 1215 2164 cf.
1227 2107 1264 2163 de
1276 2122 1409 2177 anagoge
1420 2103 1537 2175 Origeu.
1547 2103 1579 2158 in
1591 2117 1659 2176 μιν
1670 2101 1730 2176 (1.1.
1742 2103 1832 2175 1125),

291 2205 345 2244 neo
363 2207 422 2246 uon
443 2192 556 2247 monito
575 2192 685 2249 lectore
702 2193 895 2252 transilienda
912 2201 977 2252 erat
995 2199 1041 2252 ier
1083 2195 1171 2269 paulo
1194 2197 1262 2268 post
1279 2193 1439 2249 solemnem
1456 2189 1606 2247 Melitouis
1623 2189 1802 2260 memoriam,
1815 2208 1835 2246 a

293 2278 459 2346 ακαρυρίοα,
472 2277 534 2336 eive
551 2279 633 2351 loges
644 2281 750 2353 (νόμους
762 2283 924 2356 ἀνογιογήςμ
937 2300 1040 2341 vooem
1084 2299 1141 2354 quo
1154 2279 1315 2354 symbolica
1328 2278 1422 2336 omnis
1433 2276 1584 2350 theologia
1594 2273 1711 2350 pendet.

925 2498 1093 2577 Ρυυίικιιε
1117 2497 1209 2574 XX.

339 2747 370 2793 v.
400 2730 429 2793 1.
456 2727 512 2807 Εἰς
534 2732 570 2794 τὸ
601 2728 690 2809 τέλος
717 2731 841 2817 ψαλμὸς
868 2740 911 2817 τῷ
936 2729 1041 2796 Δαυίδ.
1131 2751 1162 2794 ν.
1181 2734 1209 2795 l.
1226 2733 1378 2815 Ιπρίιιοιιι
1390 2730 1540 2812 psalmos
1555 2727 1671 2795 Ιλιιοιλί.

304 2834 402 2900 Votis.
420 2837 494 2916 634,
512 2835 542 2898 2.

338 2935 394 3015 Εἰς
407 2938 507 3002 αἶσιον
518 2935 609 3016 τέλος
620 2940 677 3003 καί
688 2939 705 3002 b
716 2937 957 3026 παρὼνψαλμὸς
969 2937 1044 3002 ἀνα·
1130 2943 1294 3005 Faustum
1309 2940 1455 3021 insitam
1467 2955 1574 3019 quum
1586 2953 1733 3018 praesens
1748 2937 1836 3016 psal·

296 3037 426 3126 πέμπων
441 3043 481 3106 r&
496 3041 530 3106 ἐν
545 3044 629 3128 αὑτῷ
652 3041 836 3129 λελεγμένα,
853 3041 1043 3128 έπιγέγραπ-
1087 3063 1164 3109 mus
1179 3063 1219 3109 ea
1234 3045 1356 3108 referet
1371 3061 1447 3124 quse
1463 3044 1498 3106 in
1514 3044 1573 3105 illo
1587 3042 1758 3120 dicuntur,
1784 3042 1835 3104 in-

297 3163 347 3207 ται
362 3145 406 3220 εἰς
428 3147 465 3209 τὸ
479 3144 587 3224 τέλος·
611 3145 696 3213 ἀλλὰ
715 3149 770 3212 καί
792 3147 938 3225 ἐπινίκιός
960 3149 1044 3213 ἐστιν
1087 3148 1407 3228 scribitnriofinem.
1419 3149 1525 3208 Immo
1533 3145 1635 3210 etiam
1646 3146 1833 3209 secundum

296 3248 374 3333 ι’μδὴ,
389 3249 474 3312 κατὰ
495 3253 549 3315 τὸν
564 3249 756 3338 Σύμμαχον·
778 3253 800 3337 ἠ
823 3254 878 3316 καί
896 3259 939 3337 τῷ
963 3273 1044 3316 νικο-
1088 3253 1338 3334 Symmachum,
1358 3249 1553 3332 triumphale
1575 3251 1746 3314 canticum
1769 3257 1835 3315 eat:

297 3359 378 3436 ποιῷ
401 3351 574 3438 μελῴδημα
595 3353 744 3441 περιέχει,
767 3356 853 3419 κατα
874 3357 927 3420 τὸν
948 3353 1044 3421 Ἀκύ-
1088 3357 1142 3418 vel
1157 3357 1259 3418 etlam
1272 3352 1490 3434 irirtmptooti
1503 3353 1748 3418 modulatiorem
1759 3371 1835 3418 oon-

299 3453 376 3517 λαν·
392 3455 439 3518 διὸ
455 3477 509 3520 και
524 3459 585 3522 τῶν
600 3457 721 3543 ἐχθρῶν
742 3461 870 3525 καὶτῶν
889 3458 1045 3544 πολεμίων
1088 3462 1185 3540 tinet,
1196 3459 1297 3540 juxta
1305 3461 1473 3541 Aquilam,
1482 3464 1659 3542 propterea
1670 3460 1759 3541 quod
1771 3462 1834 3524 ini·

297 3569 353 3623 τοῡ
368 3558 452 3626 Θεοῦ
466 3564 520 3626 τὸν
536 3561 665 3647 θλεθρον
679 3562 881 3650 διεξέρχεται.
985 3595 991 3612 ι
1090 3566 1255 3629 micorum
1271 3567 1305 3628 et
1319 3564 1468 3628 hostium
1490 3566 1551 3628 Dei
1567 3564 1737 3628 excidium
1763 3581 1837 3646 per-

1088 3670 1253 3750 sequitur.

341 3787 372 3830 v.
389 3769 419 3831 2.
436 3767 543 3852 Κύριε,
567 3769 601 3836 ἐν
623 3779 662 3857 τῇ
682 3769 812 3859 δυνάμει
834 3795 890 3838 σου
913 3773 1045 3858 εὐρροιν·
1133 3791 1164 3834 ν.
1180 3774 1210 3836 2.
1233 3772 1377 3851 Domino,
1395 3771 1432 3834 in
1453 3772 1574 3837 uirtute
1592 3774 1650 3836 toa
1672 3769 1834 3836 ίπίοθίίιιι·

298 3868 428 3954 θήσεται
443 3872 459 3936 ὁ
476 3871 632 3958 βασιλεὺς,
645 3878 698 3940 καί
713 3876 764 3941 ἐπί
775 3886 818 3963 τῷ
829 3875 972 3962 σωτηρίῳ
988 3900 1044 3942 σου
1088 3894 1152 3956 νεα,
1175 3880 1206 3939 τί
1222 3893 1319 3957 super
1333 3877 1478 3942 salutm
1500 3880 1592 3940 tuom
1606 3875 1763 3941 eructabit
1782 3892 1832 3940 oe·

298 3973 527 4058 ἀγαλλιίισεται
542 3977 673 4063 σφόδρα.
702 3984 800 4048 Votis.
818 3985 891 4063 635,
908 3986 938 4048 2.
1088 3983 1258 4046 demutor.

342 4078 411 4156 Πᾶς
426 4079 557 4165 εὐσεθὴς
580 4080 726 4167 βασιλεὺς
745 4085 817 4149 κατ’
828 4083 978 4170 ἀλήθειαν
993 4085 1044 4151 λέ·
1133 4086 1249 4148 Οιυπ1ιι
1272 4085 1325 4148 vir
1340 4085 1522 4163 religiosus
1545 4101 1580 4149 re
1603 4101 1684 4148 vera
1710 4086 1834 4149 dicitur

298 4202 398 4266 γετοιι,
422 4182 463 4260 ὡς
480 4185 590 4270 μηδενί
615 4187 670 4272 μέν
684 4186 769 4273 πλὴν
789 4188 860 4274 Θεῷ
879 4189 1042 4274 δουλεύων,
1088 4207 1157 4268 rex,
1181 4189 1294 4269 utqui
1317 4190 1446 4252 nemini
1469 4195 1591 4270 praeter
1608 4191 1717 4253 Deum
1741 4205 1834 4252 man-

299 4293 342 4371 τῷ
375 4285 409 4352 δέ
432 4309 470 4374 γε
496 4289 684 4377 αὐτεξουσίῳ
714 4295 791 4377 πρὸς
820 4295 855 4357 τὸ
885 4294 1043 4380 συμφέρον
1087 4294 1229 4373 oipatur‚
1254 4310 1317 4355 neo
1339 4292 1404 4354 nisi
1433 4309 1492 4373 pro
1511 4293 1621 4356 salute
1644 4293 1750 4356 libero
1772 4309 1833 4356 suo

298 4389 469 4476 χρώμενος.
485 4387 581 4459 Ὅθεν
600 4403 644 4480 τῷ
659 4393 815 4482 Ἀδραθιμ,
832 4396 973 4483 παροίκῳ
988 4402 1043 4464 καί
1087 4396 1197 4458 utitur
1222 4395 1372 4458 arbitrio.
1401 4395 1495 4458 Unde
1515 4395 1716 4474 Abrabamo,
1743 4413 1836 4476 pere·

298 4492 431 4559 ένταῡθα
453 4497 527 4578 θντι,
547 4497 576 4561 οί
598 4507 653 4563 τοῦ
669 4498 826 4566 Χετταίου
848 4501 925 4565 υίοί·
948 4501 1044 4568 Βασιὲ
1088 4501 1188 4578 grino
1219 4500 1254 4561 in
1284 4499 1348 4562 bac
1373 4502 1473 4577 terra,
1500 4496 1563 4561 filii
1589 4498 1715 4562 oethaei
1746 4498 1833 4561 dioe-

297 4599 369 4676 λεὺς
385 4601 472 4684 παρὰ
487 4600 570 4666 Θεοῦ
585 4603 623 4666 σὺ
639 4603 668 4668 εί
677 4602 710 4667 έν
722 4603 806 4689 ἡμῖν,
822 4603 943 4691 έλεγον.
959 4606 998 4671 El
1009 4609 1044 4672 δὲ
1088 4605 1186 4667 baut:
1220 4606 1322 4667 «Rex
1349 4621 1371 4665 a
1395 4604 1464 4666 Deo
1491 4621 1527 4666 es
1549 4603 1639 4666 iuter
1664 4620 1769 4666 nos.»
1798 4603 1832 4665 Si

296 4703 370 4780 ἴσως
393 4701 538 4788 βασιλεὺς
562 4705 693 4793 εὐσεβὴς
716 4707 916 4798 ὀνομάζεται,
937 4710 1045 4798 πολλῷ
1090 4705 1275 4788 aequojure
1291 4707 1368 4788 pius
1383 4708 1436 4770 vir
1458 4725 1518 4770 rex
1533 4710 1683 4787 vocatur,
1706 4712 1833 4787 quanto

334 4910 382 4964 Pe.
401 4928 453 4969 xx.
466 4910 539 4966 Tam
551 4901 645 4968 Vatia.
666 4912 700 4968 13
719 4913 750 4968 in
763 4930 791 4969 v.
811 4916 835 4984 1,
854 4931 941 4987 quam
954 4915 1048 4973 Vatia.
1126 4929 1155 4968 ν.
1166 4913 1193 4967 2.
1206 4911 1301 4968 Vatis.
1314 4913 1357 4967 16.
1369 4911 1521 4968 Historioa
1532 4912 1678 4986 expositio
1686 4913 1766 4970 edita
1775 4930 1837 4968 mo·

298 4996 333 5050 16
351 4995 381 5050 in
400 4995 488 5052 finem
501 4999 558 5054 v.9
575 4998 648 5054 satis
666 5003 733 5072 apte
747 5000 925 5057 residuntin
938 5000 1049 5058 editum
1093 4998 1194 5054 naliter
1215 5015 1308 5070 neque
1336 4998 1508 5055 inoouoinne
1526 4999 1782 5058 hiocoutinuatur.
1800 4999 1838 5054 ol.

299 5085 546 5154 oommentarium,
560 5084 612 5139 sed
624 5101 691 5140 oum
702 5086 778 5142 serie
795 5103 860 5159 quae
873 5088 968 5159 magia
991 5090 1049 5146 sin-
1095 5085 1167 5141 Gen.
1180 5101 1271 5154 xxm,
1283 5086 1308 5140 6.
1322 5087 1337 5141 1
1351 5086 1430 5142 Petr.
1446 5103 1478 5155 ιι,
1490 5089 1515 5142 9.

299 5183 367 5222 oera
379 5168 503 5225 videtur.
516 5171 553 5224 οἱ
566 5171 659 5226 Field.
673 5187 706 5241 11,
717 5173 777 5228 113.
823 5226 826 5233 .
