4020 6098
767 459 810 521 IN
834 458 1034 522 PsaLMUM
1056 459 1190 523 CXVIII
1688 465 1751 528 247

200 615 257 663 mo
273 597 338 662 erit
352 599 407 664 cui
427 598 602 680 placuerit,
630 598 825 677 excogitata
852 597 956 662 fnisse
998 598 1185 678 singularis
1201 603 1261 678 est,
1284 597 1327 663 ad
1343 607 1505 664 remotam
1533 605 1667 668 aetatem
1695 621 1750 668 eos

200 703 578 786 alphabetiacrosticha,
587 706 764 781 utsenum,
773 719 956 784 puerorum
998 702 1195 784 ascendere;
1216 706 1398 769 nonnullos
1420 707 1508 770 inter
1531 709 1683 772 unciales
1702 727 1752 772 re-

200 807 461 888 puellarumque
477 806 640 869 memoria
651 803 881 885 adjuvaretur,
889 820 956 886 quo
998 807 1139 887 censeri,
1161 810 1196 870 et
1210 809 1389 889 plerosque
1413 811 1549 891 optima
1570 828 1643 875 esse
1663 818 1752 877 notae

199 911 334 979 facilius
360 913 396 975 in
419 913 571 975 omnium
596 912 873 990 recordationem,
899 911 954 973 vel
998 917 1101 991 atque
1123 912 1309 993 scriptura.
1328 913 1392 976 Sed
1419 931 1598 979 commune
1625 916 1749 981 vitium

199 1016 464 1094 ambulantium,
484 1019 519 1078 et
541 1016 632 1080 inter
653 1014 786 1079 itineris
810 1013 955 1095 fastidia,
999 1031 1135 1102 quoque
1147 1019 1208 1094 est,
1219 1018 1308 1079 male
1323 1019 1418 1081 olens
1430 1035 1542 1097 genus
1553 1025 1751 1084 catenarum

197 1120 352 1184 salubres
367 1119 544 1185 sententia
560 1123 810 1182 revocarentur.
997 1116 1211 1198 biblicarum,
1242 1137 1317 1201 qua
1346 1120 1530 1186 dilacerata
1552 1124 1680 1204 passim
1712 1131 1748 1188 et

244 1225 412 1287 Oaeterum
428 1225 591 1303 psalmus,
605 1224 641 1285 in
653 1239 868 1303 quocumque
884 1239 956 1286 aevo
1000 1221 1142 1301 disjecta
1157 1223 1359 1305 scriptorum
1378 1225 1530 1289 membra
1545 1224 1749 1307 dIspertiun·

147 1373 152 1384 .
198 1330 234 1390 et
258 1328 341 1407 loco,
361 1326 481 1391 laudes
503 1327 631 1389 meruit
652 1342 737 1407 quas
759 1326 957 1391 Ambrosius
997 1329 1065 1390 tur.
1079 1327 1297 1390 Vernmcum
1313 1330 1475 1410 permulti
1491 1329 1622 1394 codices
1637 1333 1746 1395 nostri

199 1431 321 1496 effudit
342 1433 379 1496 in
402 1433 466 1496 hoc
489 1430 694 1496 mellifluum
732 1433 955 1514 prooemium,
997 1430 1077 1510 sint,
1088 1448 1200 1511 neque
1222 1449 1312 1495 unns
1334 1437 1488 1514 repertus
1511 1435 1557 1498 alt
1580 1435 1639 1516 qui
1664 1435 1746 1500 alte-

202 1539 327 1601 «Licet
341 1538 486 1620 mystica
507 1553 661 1618 quaque,
677 1537 774 1602 velut
794 1537 886 1601 tubae
905 1537 957 1600 in·
998 1534 1070 1598 rius
1085 1533 1151 1598 dici
1171 1534 1292 1598 debeat
1307 1535 1482 1620 integrum
1498 1539 1745 1620 apographum,

201 1665 219 1703 ιι
236 1643 407 1724 crepuerit
420 1659 513 1722 sono,
529 1641 637 1706 David
648 1641 823 1724 propbeta,
839 1646 955 1705 tamen
998 1638 1148 1716 singulis
1161 1656 1240 1702 cum
1263 1640 1414 1719 singulis
1429 1641 1614 1721 diligenter
1635 1646 1670 1706 et
1684 1644 1748 1706 mi-

199 1768 217 1808 ιι
230 1747 411 1810 moralium
424 1762 572 1825 magnus
584 1746 749 1824 magister
758 1746 793 1808 in
802 1762 841 1810 eo
851 1763 957 1826 quan·
1000 1743 1148 1806 nutatim
1164 1742 1306 1821 oollatIs,
1319 1745 1466 1822 contigit
1484 1743 1595 1828 (venia
1611 1746 1657 1809 sit
1675 1763 1750 1827 pro·

200 1855 305 1913 «tum
331 1850 502 1929 excelluit,
544 1849 656 1913 ethica
685 1850 809 1931 psalmi
851 1847 955 1928 barjus
999 1845 1143 1927 pbeticae
1166 1845 1327 1928 imagini)
1355 1849 1444 1912 ntIn
1471 1850 1750 1944 campouossibus

199 1971 365 2018 «summa
376 1955 526 2018 declarat
536 1955 659 2032 gratia.
675 1955 711 2018 si
727 1954 864 2036 quidem
876 1971 955 2018 cum
997 1950 1109 2034 pleno,
1125 1949 1223 2014 fieret
1238 1953 1381 2032 sonitus,
1400 1951 1492 2016 baud
1514 1953 1588 2016 sine
1603 1970 1748 2018 commo-

201 2059 348 2122 «suavis
363 2059 473 2122 omnis
489 2058 642 2122 doctrina
657 2059 795 2122 moralis
811 2059 865 2138 sit,
880 2062 955 2121 tum
997 2053 1090 2117 tione
1098 2073 1107 2135 ;
1121 2058 1155 2116 et
1165 2055 1373 2118 accesserint
1384 2073 1460 2120 ossa
1471 2057 1514 2120 ad
1526 2072 1611 2137 ossa,
1625 2075 1748 2121 unum·

200 2162 378 2225 «maxime
393 2162 563 2226 suavitate
578 2162 738 2226 carminis
763 2166 797 2226 et
810 2163 956 2244 psallen·
997 2158 1154 2241 qnodque
1165 2159 1209 2222 ad
1219 2158 1417 2240 juncturam
1429 2178 1542 2241 suam;
1556 2167 1590 2224 et
1604 2179 1680 2226 ecce
1692 2181 1748 2226 su-

201 2266 267 2329 «dl
288 2265 477 2346 dulcedine,
492 2263 639 2330 delectat
656 2283 766 2344 aures,
786 2266 954 2329 animum·
996 2278 1057 2343 per
1087 2279 1127 2326 ea
1141 2263 1239 2327 nervi
1259 2267 1293 2326 et
1315 2281 1434 2328 carnes
1457 2265 1693 2345 ascenderunt,
1715 2271 1749 2330 et

203 2391 221 2429 a
237 2387 304 2451 que
321 2371 463 2434 mulcet:
486 2388 526 2434 ac
541 2371 663 2434 merito
677 2370 848 2452 plerisque
869 2371 952 2434 locis
997 2373 1134 2432 extenta
1149 2373 1201 2434 est
1211 2369 1247 2432 in
1259 2369 1308 2434 eis
1324 2371 1413 2435 cutis
1428 2369 1581 2453 desuper,
1595 2377 1630 2435 et
1641 2373 1745 2438 etiam

181 2474 417 2537 'amoralinm
436 2475 622 2537 sententias
643 2475 851 2555 psalmorum
870 2477 954 2537 tam-
995 2473 1139 2555 spIritus
1165 2490 1233 2537 non
1257 2473 1466 2539 desideratus
1482 2479 1533 2538 est
1546 2471 1588 2540 ὅ).

202 2597 219 2637 a
233 2594 336 2659 quam
351 2579 527 2642 stellarum
540 2576 701 2642 diffundit
719 2577 861 2657 lumina,
874 2595 951 2659 quae
1039 2579 1512 2660 cuiquenotumest,nu11um
1524 2578 1594 2643 fere
1607 2582 1746 2645 Petrum

201 2680 348 2745 «lucent
361 2689 463 2763 atque
479 2683 636 2762 emicant,
658 2682 881 2745 centesImum
897 2699 953 2746 ve·
995 2681 1190 2746 Graecorum
1201 2687 1236 2746 et
1247 2683 1482 2764 Orientalium,
1498 2685 1747 2749 maximeinter

200 2803 268 2850 «ro
285 2791 318 2850 et
333 2790 491 2850 octavum
507 2786 676 2850 decimum
696 2788 876 2868 psalmum,
894 2805 951 2851 ve·
993 2787 1205 2867 vetustiores,
1216 2785 1260 2850 ad
1271 2787 1382 2851 lucem
1400 2789 1545 2867 venisse,
1558 2788 1641 2870 quia
1658 2789 1745 2853 mul·

204 2889 289 2953 «lut
304 2890 396 2972 pleni
408 2891 550 2955 luminis
565 2893 671 2955 solem
684 2890 873 2954 meridiano
887 2889 952 2955 fer·
994 2894 1038 2971 ta,
1054 2890 1158 2954 immo
1180 2907 1248 2953 non
1264 2890 1369 2954 semel
1392 2908 1470 2972 pars
1486 2889 1594 2971 major
1616 2909 1658 2955 ex
1673 2909 1745 2956 cor-

204 3013 222 3053 ι
235 2999 372 3059 ventem
388 2995 499 3057 calore
515 2999 630 3059 etc...»
993 2994 1078 3058 rasis
1101 2997 1297 3057 catenarum
1313 2993 1446 3056 laciniis
1461 2992 1607 3057 conflata
1630 2993 1743 3058 fuerit.

242 3099 329 3174 Quid
350 3099 477 3162 verosi
502 3098 654 3178 psalmus
677 3115 788 3180 neque
810 3097 950 3164 Davidis
992 3097 1095 3161 Nobis
1120 3097 1230 3176 igitur
1248 3097 1452 3160 concedatur
1474 3097 1564 3178 quod
1579 3099 1744 3162 Maurinis

198 3200 254 3280 sit,
271 3217 382 3282 neque
406 3201 479 3282 ejus
501 3203 672 3284 temporis,
688 3203 747 3266 sed
769 3207 949 3285 praeposte·
993 3202 1118 3283 inipso
1144 3201 1301 3281 Origene,
1325 3200 1416 3282 quod
1438 3203 1526 3265 Maio
1541 3203 1577 3266 in
1604 3202 1741 3284 cyrillo,

199 3322 276 3368 rum
303 3321 387 3386 opus
403 3306 522 3387 psalta
551 3306 685 3385 ignoti?
708 3309 760 3370 lta
786 3307 949 3372 recentio-
991 3305 1028 3368 in
1044 3305 1199 3388 Didymo,
1212 3306 1248 3368 in
1260 3306 1417 3385 Eusebio,
1430 3306 1466 3369 in
1480 3307 1621 3386 Asterio,
1638 3307 1742 3370 etiam

198 3427 261 3489 res,
278 3409 337 3473 sed
348 3427 415 3491 quo
428 3409 567 3474 tibicine
584 3409 686 3474 fulti?
706 3413 777 3486 Quo
793 3415 948 3476 veterum
991 3410 1028 3473 in
1039 3413 1153 3474 nostro
1160 3407 1391 3473 adamantino
1398 3408 1530 3473 abunde
1543 3427 1740 3474 concessum

196 3513 414 3577 testimonio?
429 3516 544 3589 Quave
558 3519 651 3578 certa
662 3513 827 3593 iodagine
843 3533 946 3596 quam
992 3517 1052 3576 est.

197 3620 321 3680 vocant
337 3617 601 3699 philologicamt
617 3620 724 3681 Nemo
739 3637 760 3680 a
771 3617 868 3682 nobis
891 3636 947 3682 ex·
1036 3616 1137 3680 aliud
1153 3617 1311 3697 estquod
1327 3632 1426 3680 nemo
1443 3618 1523 3696 ulla,
1544 3618 1673 3699 opinor,
1689 3620 1740 3682 in-

194 3725 335 3802 spectat,
352 3738 462 3802 neque
477 3724 637 3804 exposcit,
654 3723 745 3785 utin
768 3723 859 3786 bunc
875 3725 949 3805 pul·
990 3722 1083 3785 ridle
1098 3721 1287 3800 negaverIt.
1301 3721 1462 3796 Quamvis
1482 3737 1522 3784 ea
1536 3721 1582 3784 sit
1593 3722 1741 3786 Anecdo

136 3835 139 3840 '
195 3842 311 3890 verem
327 3827 583 3904 immergamur.
990 3829 1104 3890 torum
1120 3825 1185 3905 lex,
1202 3828 1241 3888 ut
1256 3828 1388 3888 recocta
1406 3824 1545 3890 omnino
1560 3826 1603 3888 ab
1618 3827 1667 3890 eis
1683 3844 1739 3890 ex·

239 3929 333 4005 Quod
348 3935 479 4011 spectat
492 3930 535 3994 ad
547 3930 627 3994 novi
642 3931 782 3996 editoris
797 3949 945 4013 operam,
991 3929 1183 4009 eludantur,
1199 3928 1349 4008 urgebat
1364 3944 1425 3992 nos
1443 3930 1518 4010 ipsa
1533 3947 1648 3994 rerum
1663 3947 1741 3994 con·

193 4034 278 4096 satis
293 4051 464 4116 superque
488 4035 524 4098 in
540 4036 647 4099 altero
669 4039 770 4116 tomo,
794 4036 853 4099 ubi
876 4035 948 4102 baec
991 4034 1075 4098 ditio
1098 4037 1131 4098 et
1145 4035 1279 4113 natura,
1296 4036 1336 4096 ιιι
1349 4034 1541 4112 integritati
1556 4052 1628 4098 suae
1644 4036 1739 4099 resti-

195 4139 402 4216 Origeniana
416 4139 651 4217 exordiuntur,
668 4139 881 4221 disputatum
896 4145 948 4204 est
991 4141 1170 4203 tuerentur
1193 4154 1242 4217 aa,
1266 4155 1341 4219 qua
1364 4137 1400 4200 in
1423 4137 1595 4203 codicibus
1617 4141 1742 4204 nostris

195 4240 236 4304 de
259 4240 431 4306 codicibus
447 4261 525 4306 mss.
549 4244 711 4324 excussis,
729 4248 769 4306 ut
790 4242 877 4308 ninil
892 4246 949 4309 ad·
991 4244 1123 4323 mutila,
1138 4242 1359 4324 requirebant
1373 4245 1434 4304 ant
1449 4241 1602 4324 initium,
1617 4249 1679 4308 aut
1692 4245 1745 4308 in-

195 4345 343 4409 dendum
358 4347 404 4411 sit
419 4347 460 4410 de
481 4364 598 4412 eornm
621 4364 774 4426 numero,
801 4348 948 4429 antiqui·
990 4352 1212 4427 crementum,
1228 4349 1289 4408 aut
1303 4346 1464 4410 ultimum
1480 4347 1682 4427 membrum,
1708 4366 1742 4411 a·

197 4455 267 4514 tate
283 4456 317 4515 et
332 4454 543 4517 auctoritate.
559 4455 721 4517 Omnium
744 4453 814 4518 fere
828 4459 879 4517 tot
892 4472 949 4519 ve-
991 4453 1053 4517 libi
1065 4470 1107 4516 ex
1119 4449 1299 4514 manifesta
1310 4451 1397 4513 serie
1410 4454 1444 4514 et
1454 4449 1468 4530 j
1473 4457 1618 4514 unctura
1632 4451 1745 4515 adser-

195 4559 308 4620 terum
326 4556 491 4621 librorum
502 4559 578 4622 laus
591 4559 784 4622 communis
795 4565 831 4622 et
840 4557 948 4624 bonor
990 4561 1119 4620 vatum.
1135 4556 1243 4629 Quam
1260 4554 1369 4616 multa
1383 4557 1498 4617 autem
1509 4558 1544 4618 et
1558 4558 1642 4635 quot
1657 4555 1741 4635 opti·

229 4743 258 4817 3)
269 4743 342 4820 Opp.
353 4749 374 4800 t
385 4761 406 4817 1,
416 4765 444 4820 p.
453 4746 504 4802 971
516 4745 641 4802 Manrin.
652 4745 696 4802 cf.
706 4745 801 4802 Hilar.
812 4755 884 4820 opp:
891 4752 914 4803 t.
926 4763 946 4805 ι.
991 4748 1007 4780 ‘⁸
1019 4741 1325 4816 queliltrouvaittant
1332 4738 1369 4796 ds
1376 4739 1480 4796 choses
1485 4738 1745 4813 admirables,qn'il

193 4847 223 4903 p.
235 4831 296 4886 272.
309 4833 355 4888 De
365 4833 429 4890 viro
442 4833 630 4890 celeberrimo
640 4833 740 4889 Blasio
754 4835 859 4890 Pascal
876 4834 947 4891 scri-
991 4835 1007 4867 ‘⁸
1020 4827 1131 4886 sentait
1142 4829 1179 4885 da
1188 4829 1218 4883 la
1227 4825 1434 4883 delectatione
1445 4827 1474 4882 le
1485 4827 1600 4899 tacitam
1613 4828 1712 4900 quand
1723 4827 1746 4884 il

194 4922 282 4990 ptum
303 4923 349 4975 ast
361 4937 380 4974 a
392 4919 473 4975 fideli
486 4925 563 4976 testa
575 4919 668 4992 ipsius
681 4935 790 4976 sorore:
804 4919 853 4974 “II
866 4919 948 4976 avait
991 4922 1006 4954 ‘⁸
1020 4914 1223 4974 s’entratanait
1234 4929 1306 4970 avoc
1316 4913 1447 4968 sesamis
1459 4912 1649 4971 danbsauta
1663 4915 1700 4972 ds
1715 4933 1749 4971 cs

195 5006 211 5038 ‘²
224 5020 265 5060 nn
282 5022 386 5062 amour
403 5005 531 5062 sensibls
549 5023 624 5080 pour
640 5004 745 5062 l’office
763 5005 854 5078 dimn,
871 5007 947 5063 mais
991 5010 1007 5041 *ι
1018 5020 1148 5077 psaurne,
1166 4997 1230 5057 ilse
1243 5001 1445 5072 transportait,
1456 5018 1493 5058 an
1511 5007 1591 5058 sorte
1607 5002 1685 5074 qn'il
1696 5021 1747 5076 pa-

195 5091 211 5122 “
223 5095 341 5146 surtont
349 5109 423 5165 pour
434 5092 478 5149 lss
487 5093 596 5167 petitas
604 5093 719 5164 beares,
726 5111 813 5166 parce
825 5094 947 5166 qn’ella's
991 5094 1006 5126 ‘¹
1018 5089 1138 5147 raiasait
1146 5088 1218 5144 hors
1227 5085 1264 5143 ds
1274 5085 1456 5159 lui-mama„
1469 5088 1612 5160 Faugbre,
1623 5089 1746 5158 baltea,

194 5177 210 5209 “
223 5181 291 5233 aaut
308 5178 477 5252 composees
494 5178 535 5237 du
552 5196 673 5254 pssum
690 5195 796 5252 oxvrn,
815 5179 888 5236 dans
906 5181 946 5238 ls-
990 5177 1132 5251 opmculea
1146 5182 1174 5232 ct
1184 5174 1330 5232 memoim
1344 5175 1377 5230 de
1389 5174 1425 5231 lt.
1439 5175 1551 5246 Plator,
1565 5193 1593 5250 p.
1607 5175 1650 5232 36.
