4044 6104
863 496 1069 561 EUSEBIUS
1670 489 1734 564 379

194 632 436 719 πιβουλεόοντάς
459 653 518 718 μου
532 643 600 712 ταῖς
622 635 692 718 περί
710 641 768 718 της
790 633 941 720 κληρονο-
985 637 1058 701 dias
1085 643 1222 703 struunt
1248 643 1365 702 contra
1399 657 1491 702 meas
1528 641 1734 705 baereditatis

195 736 268 822 μίας
283 736 395 818 ὶλπίσι,
410 737 670 804 miscebimus&
686 760 722 804 σε
733 736 942 824 παραπικραί-
985 757 1072 820 spes,
1090 746 1123 803 et
1138 743 1197 822 qui
1212 747 1389 824 propterea
1404 749 1437 806 te
1453 744 1496 806 ad
1515 745 1600 807 iram
1616 762 1733 825 provo·

193 861 314 922 νοντας,
338 850 452 927 κρίνον,
476 845 581 927 φησίν,
604 841 728 925 οΘεός,
752 843 799 908 ότι
822 845 861 908 σὺ
885 845 941 928 μὲν
985 843 1208 925 centwino,
1240 847 1297 925 ait,
1320 849 1418 927 Dens,
1448 849 1530 929 quia
1556 854 1595 912 tu
1622 867 1732 912 meam

192 947 252 1031 τήν
267 944 347 1032 ίμήν
363 947 550 1025 σπουδάζεις
564 944 827 1032 περιποιήσασθαι
840 967 941 1031 σωιη·
984 947 1147 1012 conficere
1173 951 1319 1014 salutem
1336 951 1475 1030 satagis.
1502 953 1563 1016 Isti
1585 969 1665 1016 vero
1691 953 1733 1017 ed

193 1047 272 1134 ρίαν.
288 1048 327 1116 Οἱ
346 1051 381 1116 δὲ
393 1049 568 1137 θεομαχιιν
579 1048 874 1137 παρασκευασμένοι
886 1052 941 1115 καί
988 1051 1117 1115 bellurn
1130 1055 1165 1116 in
1178 1053 1287 1116 Deum
1301 1071 1374 1118 sese
1389 1055 1617 1136 accingentes,
1633 1060 1735 1136 teque

190 1153 227 1216 σὲ
250 1152 562 1239 παραπικραίνοντες,
579 1156 616 1219 οὐ
638 1152 847 1220 διαλείπουσιν
869 1155 936 1219 ίπι-
984 1156 1175 1236 irritantes,
1203 1175 1271 1221 non
1297 1159 1469 1222 abstinent
1493 1176 1530 1223 se
1560 1177 1582 1222 a
1606 1161 1734 1240 paratis

192 1254 393 1342 βουλεύοντες
409 1279 475 1343 μοι·
490 1259 538 1325 διὸ
553 1267 658 1343 κρῖνον
673 1259 787 1336 αῐιτσδς
799 1257 940 1324 ἐντεῦθεν
984 1259 1069 1322 mihi
1095 1261 1237 1325 insidiis.
1264 1264 1444 1343 Propterea
1469 1263 1590 1327 'exinde
1617 1263 1733 1344 jndice

190 1359 265 1445 ήδη,
282 1361 365 1438 όπως
382 1363 425 1446 μή
439 1361 532 1448 μόνον
543 1362 613 1448 ἐμοί
624 1363 806 1428 παύσωνται
817 1360 938 1427 ἐπιδου-
984 1379 1044 1443 σοι,
1068 1369 1108 1427 ut
1134 1381 1201 1428 non
1227 1366 1337 1429 solum
1367 1365 1465 1430 modo
1491 1371 1624 1430 cessent
1653 1368 1734 1430 insi-

192 1465 347 1549 λεόοντες,
365 1464 448 1531 ἀλλὰ
462 1467 518 1530 καί
532 1466 622 1534 αὐτοὶ
636 1475 698 1532 τῶν
713 1473 859 1552 πονηρῶν
874 1466 939 1530 δια-
985 1467 1071 1531 diari
1087 1469 1184 1549 mibi,
1198 1469 1257 1534 sed
1273 1471 1385 1550 stipsi
1401 1469 1444 1532 ab
1459 1470 1622 1551 improbis
1636 1471 1734 1533 moli·

192 1568 326 1656 βουλιῶν
341 1570 443 1636 αὐτῶν
456 1569 651 1651 ἐκπεσόντες,
667 1571 722 1634 καί
732 1580 788 1634 τοῦ
799 1567 939 1653 πλήθους
986 1571 1137 1636 tionibus
1152 1573 1223 1638 suis
1239 1572 1441 1652 decidentes,
1458 1579 1493 1636 et
1506 1577 1602 1637 extra
1617 1574 1733 1637 multi-

191 1675 254 1740 τῶν
270 1672 480 1760 ἀσεδημάτων
494 1672 554 1753 ἔξω
568 1673 740 1759 γενόμενοι,
753 1671 939 1759 ῶφεληθῶσι
984 1675 1139 1740 tudinem
1151 1677 1363 1759 impietatum
1380 1695 1520 1741 suarum
1536 1678 1648 1758 positi,
1660 1694 1735 1759 pro-

190 1778 242 1842 διά
255 1788 313 1865 τής
328 1786 387 1863 σής
409 1776 551 1863 κρίσεως,
573 1777 769 1864 παυσάμενοι
783 1787 841 1864 τής
864 1776 939 1842 πολ-
984 1779 1111 1861 finiant,
1130 1781 1264 1846 favente
1280 1786 1338 1845 tuo
1350 1781 1490 1862 judicio,
1505 1782 1644 1846 dimissa
1659 1798 1734 1863 pro-

190 1881 249 1966 λης
266 1883 369 1946 αὐτῶν
384 1879 569 1967 μοχθηρίας.
983 1885 1053 1947 lixa
1070 1901 1186 1949 eorum
1204 1885 1428 1966 improbitate.

233 2005 264 2050 v.
284 1987 333 2050 12.
349 1984 415 2051 Καί
435 1983 701 2071 εόρρανθήτωσαν
719 1986 771 2051 ἐπί
793 1987 843 2050 σοί
861 1983 939 2049 ποίν-
1027 2005 1059 2052 ν.
1079 1990 1129 2053 12.
1152 1991 1198 2054 Εί
1219 1990 1367 2054 ίαίοκόκν
1392 2005 1499 2053 ornnes
1520 1989 1581 2072 ραι·
1602 1995 1734 2071 speram

189 2109 241 2166 τες
256 2089 284 2154 οἱ
298 2088 478 2169 ἐλπίζοντες
493 2089 544 2154 ίπί
559 2091 605 2172 σὲ,
618 2089 663 2168 είς
674 2090 774 2155 αίῶνα
785 2087 939 2176 ἀγαλλιά·
983 2093 1022 2156 in
1032 2096 1062 2157 ίσ
1069 2117 1083 2172 ,·
1096 2093 1134 2157 in
1148 2097 1301 2158 atomum
1316 2092 1514 2173 reclausae,
1529 2098 1561 2159 σί
1574 2093 1734 2160 stabilwis

189 2211 307 2274 σονται,
322 2195 378 2258 καί
392 2192 650 2278 κατασκηνώσεις
665 2193 700 2259 ἒν
715 2193 831 2270 αὐτοῖς.
982 2195 1020 2261 in
1034 2195 1092 2258 είε.

235 2295 337 2362 Τοῦτο
362 2298 424 2382 γάρ
450 2295 541 2374 τέλος
566 2306 628 2362 τῶν
655 2295 791 2382 ἀγαθῶν,
818 2299 854 2362 τό
879 2297 938 2382 τήν
1027 2300 1091 2362 Hic
1107 2297 1187 2363 linis
1202 2299 1293 2363 enim
1310 2303 1361 2363 est
1379 2301 1531 2364 virorum
1557 2301 1733 2380 bonorum,

188 2398 454 2488 προσδοκωμένην
469 2401 575 2479 αὐτοῖς
589 2399 803 2486 κληρονομίαν
819 2399 938 2465 ἀπσλα-
983 2419 1103 2485 ιιειιιμε
1129 2404 1300 2485 suscipere
1326 2405 1525 2486 promissam
1545 2404 1614 2468 illis
1629 2404 1734 2468 haere-

189 2501 263 2589 6εῐν,
278 2507 314 2570 τό
329 2506 383 2570 τόν
397 2504 514 2590 Κύριον
537 2505 656 2592 κλήρου
671 2505 790 2591 ἀγαθόν
805 2505 936 2590 άπειλη-
982 2505 1135 2586 uitatem,
1150 2508 1312 2589 consequi
1327 2503 1509 2573 Dominum
1524 2525 1585 2589 pro
1605 2508 1733 2590 optima

188 2607 290 2693 φίναι,
311 2611 348 2674 τό
370 2611 456 2697 ἔχειν
482 2609 576 2676 αὐτόν
599 2610 782 2676 ἐνοικοῦντα
803 2611 858 2674 καί
878 2631 936 2674 κα-
982 2615 1088 2692 parte,
1105 2629 1182 2675 eum
1209 2611 1333 2675 habere
1360 2612 1454 2674 intus
1483 2611 1730 2675 inhabitantem

188 2723 419 2798 τασκηνοῦντα,
431 2715 551 2800 καθ’ήν
562 2713 730 2800 πεποίηται
744 2712 939 2800 ἐπαγγελίαν
982 2719 1017 2778 et
1030 2714 1317 2795 contubernalem,
1329 2713 1430 2794 jnrta
1453 2731 1492 2778 ea
1507 2730 1584 2795 qua
1601 2717 1730 2796 pollici·

189 2817 302 2884 είπῶν·
322 2817 499 2904 Ἐνοικήσω
521 2820 555 2885 ἐν
570 2820 676 2897 αιίιοῖς
698 2821 753 2884 καί
767 2819 937 2905 ἐμπεριπα-
981 2822 1038 2882 tus
1054 2821 1115 2898 est,
1130 2817 1266 2882 dicens:
1285 2817 1551 2882 «commorabor
1574 2819 1611 2882 in
1632 2819 1681 2882 eis
1696 2823 1731 2882 et

188 2921 276 3008 τήσω
292 2925 346 2988 καί
369 2925 481 3009 ἔσομαι
503 2927 606 2990 αὐτῶν
620 2922 711 3007 Θεός,
731 2924 786 2989 καί
801 2923 889 2988 αὐτοὶ
904 2924 934 2988 ί·
982 2921 1212 3002 inambulabo,
1227 2925 1262 2986 et
1283 2938 1340 2986 ero
1356 2937 1473 2984 eorum
1489 2923 1589 3006 Deus,
1606 2926 1640 2985 et
1665 2923 1728 3003 ipsi

191 3025 300 3092 σονταί
315 3049 367 3114 μοι
381 3026 469 3106 λαός.
983 3031 1084 3089 erunt
1098 3026 1183 3091 mibi
1199 3027 1386 3108 populus.»
1730 3107 1732 3110 Ι

233 3151 265 3195 ν.
283 3134 334 3196 13.
351 3130 416 3197 Kal
426 3130 645 3218 καυχήσωνται
655 3131 707 3196 ίπί
719 3133 768 3196 σοί
779 3129 895 3208 πάντες
908 3129 938 3195 οί
1025 3148 1058 3194 ν.
1088 3134 1138 3195 13.
1165 3131 1399 3198 aemulamur
1424 3133 1462 3196 ιἰι
1484 3135 1514 3196 la
1539 3149 1646 3198 οκιιιαι
1669 3134 1728 3215 ραι·

189 3234 372 3321 ἀγαπῶντες
394 3237 429 3300 τό
445 3235 544 3322 όνομά
566 3257 635 3300 σου.
655 3231 728 3301 Ὅτι
743 3238 783 3300 σὺ
797 3235 936 3321 εὐλαγεῐς
981 3233 1125 3318 όίίιριιπό
1137 3253 1249 3300 annun
1264 3241 1364 3316 tuom,
1383 3238 1535 3319 qooniom
1558 3242 1594 3302 ίιι
1608 3238 1730 3304 διαισθά-

188 3336 326 3404 δίκαιον·
348 3338 456 3425 Κύριε,
473 3339 515 3419 ῶς
534 3339 621 3426 όπλμ
637 3337 781 3416 εὐδοκίας
803 3338 936 3423 ἐστεφά-
981 3339 1139 3419 majasco.
1155 3340 1301 3420 Domitio,
1319 3345 1358 3404 ct
1375 3345 1462 3406 scuto
1484 3340 1567 3406 όοιια
1580 3343 1727 3408 eduma-

189 3443 401 3529 νωσαςήμάς.
981 3444 1027 3508 ta
1042 3445 1357 3537 ίιιαοονυιιαεόίιιοι.

231 3543 337 3634 Οὔσης
356 3547 474 3634 ἀλόγου
493 3544 681 3634 καυχήσεως
700 3549 754 3612 καί
772 3544 937 3631 διαδεόλη-
1026 3550 1136 3624 Quum
1167 3549 1326 3627 gloriatio
1355 3551 1461 3614 stulta
1490 3551 1537 3616 sit
1565 3569 1604 3614 ac
1634 3547 1729 3613 diffa-

189 3649 296 3736 μίνης,
312 3655 382 3738 περί
397 3653 437 3737 ής
459 3652 587 3738 ιρησινδ
606 3651 801 3728 ἀπόστολος·
816 3649 936 3735 Μηδιίς
982 3657 1083 3732 mata,
1110 3650 1151 3716 de
1178 3669 1246 3733 qua
1278 3654 1327 3715 ait
1355 3650 1558 3735 Apostolus:
1596 3655 1727 3717 «Nemo

189 3755 363 3841 καυχάσθω
382 3756 416 3823 ίν
438 3755 621 3842 ἀνθρώποις,
644 3757 730 3821 καὶὸ
747 3753 935 3842 προφήτης·
982 3757 1149 3835 glorietur
1172 3757 1208 3819 in
1231 3757 1467 3836 hominibus»
1490 3762 1524 3820 et
1546 3757 1729 3838 Propheta:

190 3857 245 3944 Μή
261 3859 434 3946 καυχάσθω
456 3859 586 3946 δουρός
601 3861 635 3926 ἐν
656 3869 696 3944 τῇ
712 3857 808 3944 σοφίᾳ
827 3859 935 3942 αὐτοῦ,
984 3861 1056 3924 «Ne
1071 3860 1239 3940 glorietur
1253 3861 1388 3940 sapiens
1404 3861 1439 3923 in
1452 3861 1618 3942 sapientia
1633 3877 1727 3940 sua,»

188 3963 243 4028 καί
261 3966 301 4030 τόι
316 3963 405 4049 ἑξῆς·
422 3965 459 4029 οὐ
473 3965 603 4051 τοιαύτη
619 3964 768 4050 τυγχάνει
779 3961 801 4047 ή
813 3973 869 4028 τοῦ
885 3962 936 4028 λί-
982 3967 1172 4048 etreliqua,
1193 3981 1261 4028 non
1283 3963 1386 4045 hujus
1409 3965 1499 4028 modi
1522 3966 1633 4045 gloria
1655 3965 1730 4046 ejus

187 4088 308 4153 γοντος·
322 4067 413 4154 Ἐμοί
423 4070 459 4135 δὲ
474 4071 517 4156 μή
534 4069 655 4156 γίνοιτο
670 4069 835 4154 καύχημα,
848 4069 875 4133 εί
890 4069 933 4154 μή
982 4072 1033 4132 ast
1059 4069 1119 4150 qui
1145 4069 1209 4132 ait:
1247 4068 1364 4133 «Mihi
1395 4075 1509 4132 autem
1538 4070 1627 4133 absit
1657 4071 1730 4149 glo-

187 4171 222 4237 ἐν
237 4181 281 4258 τῷ
297 4183 420 4258 σταυρῷ
435 4183 492 4238 τοῦ
505 4172 624 4259 Κυρίου
640 4173 731 4259 ήμῶν
740 4171 849 4257 Ἰησοῦ
860 4171 935 4256 Χρι·
981 4171 1073 4253 riari,
1089 4172 1156 4236 nisi
1172 4172 1207 4236 in
1225 4190 1325 4236 cruce
1353 4173 1489 4236 Domini
1512 4175 1618 4237 nostri
1644 4176 1727 4238 Jesu

187 4285 274 4341 σποῦ.
296 4275 379 4342 Καί·
394 4277 609 4365 Καυχιθμενος
624 4280 658 4344 ἐν
673 4276 780 4363 Κυρίῳ
795 4275 937 4363 καυχάσ-
981 4275 1105 4340 Christi
1114 4297 1149 4357 ;»
1167 4282 1217 4340 et:
1236 4277 1327 4352 «Qui
1341 4277 1519 4356 gloriatur,
1532 4279 1568 4340 in
1583 4279 1727 4341 Domino

190 4380 267 4448 θω...
285 4379 357 4467 [Οὔ]
373 4402 426 4461 τος
440 4382 476 4447 δὲ
488 4381 696 4470 καυχήσεται,
709 4383 767 4446 οίικ
782 4381 936 4466 ἐπ’άλλιμ,
981 4380 1188 4460 glorietur.»
1206 4383 1297 4447 Talis
1312 4399 1393 4446 sane
1415 4384 1452 4445 in
1475 4384 1570 4447 nulla
1593 4400 1628 4446 re
1659 4384 1727 4447 alia

189 4483 279 4571 ήίπί
294 4485 378 4571 μόνῳ
400 4494 444 4572 τῷ
463 4486 667 4572 ἠγαπηκέναι
689 4489 724 4551 τό
747 4484 846 4571 όνομόι
868 4505 935 4569 σου,
982 4485 1185 4564 gloriabitur
1207 4503 1309 4569 quarn
1327 4488 1361 4550 in
1385 4486 1449 4550 bac
1470 4488 1551 4566 sols,
1567 4485 1725 4550 dilexisse

187 4592 242 4654 καί
257 4598 301 4676 τῷ
316 4589 495 4675 προαιρέσει
510 4592 565 4656 καί
585 4599 703 4675 στοργή
718 4591 773 4654 καί
788 4585 934 4670 διαθέσει,
981 4607 1104 4655 nomen
1131 4596 1240 4669 tuum,
1264 4608 1326 4656 nec
1352 4592 1418 4655 nisi
1440 4594 1558 4673 sponte
1586 4596 1620 4654 et
1649 4608 1727 4654 cum

191 4693 263 4760 αλλ’
274 4696 312 4759 ob
326 4693 413 4780 ρόδιρ
425 4695 499 4760 οὐδὲ
515 4695 640 4780 ἀνάγκη
656 4697 692 4759 τό
708 4695 763 4760 σόν
778 4694 877 4779 όνομα
887 4714 936 4759 τε·
981 4713 1094 4760 amore
1120 4700 1155 4759 et
1168 4697 1355 4773 voluntate,
1381 4695 1522 4758 minime
1544 4700 1658 4758 autem
1687 4711 1728 4758 ex

185 4796 363 4885 τιμηκίναι.
387 4797 496 4866 Αἴτιον
511 4799 546 4863 δὲ
561 4799 651 4864 ἔσται
665 4807 723 4884 της
745 4795 934 4884 καυχήσεως
979 4799 1112 4880 timore,
1127 4799 1181 4864 vel
1207 4799 1407 4862 necessitate
1433 4798 1651 4863 honoravisse
1673 4815 1730 4862 no·

188 4905 304 4986 αὐτοῑς,
328 4906 363 4969 τό
386 4902 583 4988 ιόλαγεῖσθαι
604 4903 664 4967 bnt
687 4911 744 4966 σοῦ
767 4901 871 4968 πάντα
892 4902 936 4969 at·
980 4919 1059 4966 men
1085 4905 1205 4967 tuum.
1232 4903 1342 4966 causa
1367 4905 1481 4965 autem
1514 4903 1729 4980 gloriationis

219 5131 247 5172 ν.
262 5114 304 5169 la.
316 5112 391 5170 Ibid.
405 5129 429 5171 rr
441 5111 507 5168 Gor.
520 5128 560 5182 rr,
575 5112 617 5168 16.
629 5109 726 5178 Lavit.
739 5127 825 5184 τινι,
838 5127 872 5170 ιι.
980 5125 1020 5180 vr,
1034 5108 1075 5162 14.
1095 5106 1201 5179 tiphos.
1222 5105 1246 5174 1,
1258 5105 1284 5160 3.
1304 5121 1327 5160 n
1345 5103 1418 5159 Tim.
1438 5119 1479 5174 ιν,
1491 5104 1517 5159 8.
1537 5097 1607 5159 (lod.
1626 5104 1730 5177 incipit

220 5220 248 5260 ν.
262 5201 304 5257 13.
316 5197 548 5270 ibid.100r.n1‚
559 5200 594 5257 nl
608 5200 716 5258 Jerem.
728 5215 770 5270 ιι,
782 5197 934 5256 κθῶείιιι.
981 5193 1328 5267 ἱιιεριειῶόοηςεκλόγου.
1389 5209 1410 5218 ·’
