4044 6104
267 419 331 486 398
936 429 1146 495 obruamus

313 561 380 649 Τὴν
402 564 597 633 κατάστασιν
620 571 677 654 τὴν
700 570 792 657 ἐντῷ
815 571 946 655 παρόντι
962 569 1017 655 βίῳ
1106 573 1338 637 conditionem
1356 573 1390 636 in
1403 571 1596 636 decurrenti
1612 573 1683 634 vita
1696 587 1811 634 eorum

265 677 327 733 τῶν
342 672 395 735 τὸν
418 669 498 737 Θεὸν
515 674 558 757 μὴ
582 673 709 739 εἰδότων
732 672 935 760 διεξέρχεται,
958 695 1017 740 πα-
1062 679 1120 758 qui
1138 679 1245 740 Deum
1265 678 1436 756 ignorant,
1457 678 1682 758 persequitur,
1698 677 1814 739 obten-

266 781 423 855 ραστησαι
446 774 635 863 βουλόμενος
659 779 834 866 ἀναγκαῖον
856 781 937 847 εἶναι
958 784 1017 867 την
1061 781 1141 843 dere
1158 780 1190 843 id
1206 782 1357 862 cupiens,
1372 781 1602 844 necessarium
1617 796 1690 842 esse
1716 777 1806 841 iutu-

267 877 444 962 μέλλουσαν
460 877 645 965 ἐφίστασθαι
660 893 716 948 τοῦ
732 883 816 951 Θεοῦ
838 882 952 968 κρίσιν·
971 888 1014 971 μὴ
1062 899 1138 946 rum
1153 900 1339 966 proponere
1359 885 1420 948 Dei
1437 884 1617 964 jndioium.
1633 885 1705 946 Nisi
1721 884 1812 946 onim

265 981 329 1065 γάρ
344 981 466 1068 ἐκείνης
482 985 747 1071 ἐπιστησαμένης,
763 985 831 1071 ἠέν
843 987 1016 1073 ἀνθρώποις
1061 1005 1129 1069 prae
1145 991 1253 1052 oculis
1268 990 1388 1068 adstet,
1405 989 1582 1052 hominum
1613 987 1812 1069 improbitas

266 1084 365 1149 κακία
386 1090 584 1173 περιγραφὴν
607 1089 667 1173 ούχ
698 1087 777 1168 eea·
801 1089 871 1155 ἀντὶ
900 1091 935 1155 δέ
957 1103 1013 1158 τοῦ
1060 1095 1186 1157 limites
1203 1111 1269 1156 non
1285 1093 1432 1158 habebit.
1452 1097 1516 1158 Pro
1532 1095 1587 1158 his
1611 1099 1725 1157 autem
1738 1111 1811 1155 ver-

266 1188 429 1272 παρύξυνε
445 1190 628 1276 abritrium
645 1193 662 1258 ὁ
682 1193 877 1278 ἁμαρτωλὸς,
891 1191 1015 1261 ύἈκύ-
1060 1198 1123 1261 bis:
1134 1197 1348 1264 armabant
1359 1199 1533 1262 Dominum
1537 1202 1695 1278 peccator,
1709 1197 1811 1276 Aqui·

265 1291 324 1369 λας
340 1293 541 1379 ἐρμήνευσεν·
556 1295 702 1382 Διίσυρεν
718 1295 834 1384 Κύριον
851 1298 868 1363 ό
883 1300 1011 1386 άσεύης.
1060 1302 1092 1363 la
1120 1303 1362 1383 interpretatus
1393 1307 1458 1364 est:
1491 1301 1610 1366 Inritit
1635 1301 1810 1364 Dominum

266 1390 310 1462 Ὅ
325 1399 380 1462 καί
403 1401 479 1463 αῦτὸ
502 1401 654 1480 πολλάκις
678 1404 798 1490 ὁρῶμεν
820 1404 1012 1491 γιγνόμενον,
1059 1407 1190 1487 impiae.
1222 1407 1372 1487 Idipsum
1398 1407 1521 1487 saepius
1561 1407 1697 1468 evenire
1721 1405 1812 1468 vide·

265 1500 485 1584 χλευαζόντων
510 1509 584 1584 τοὺς
605 1509 675 1592 περὶ
701 1509 785 1576 Θεοῦ
812 1510 935 1595 λόγους,
959 1514 1014 1576 καί
1059 1527 1135 1574 mus
1150 1509 1262 1574 abhis
1278 1511 1338 1591 qui
1360 1512 1476 1574 sannis
1495 1510 1716 1591 proscindunt
1743 1511 1810 1572 elo·

265 1603 472 1690 διασυρόντων
488 1611 529 1673 τὰ
543 1613 613 1694 περί
629 1621 685 1696 της
700 1621 756 1676 τοῦ
772 1611 855 1680 Θεοῦ
871 1612 1013 1700 κρίσεως·
1059 1616 1141 1694 quia
1157 1615 1228 1693 Dei,
1240 1633 1279 1678 ao
1296 1613 1439 1677 irrident
1453 1613 1614 1692 dogmata
1626 1613 1666 1676 de
1678 1611 1809 1692 J'udioio

265 1707 282 1770 ὁ
298 1707 334 1771 δέ
349 1705 494 1795 ἐπίμονος
509 1717 577 1790 ταῖς
593 1712 768 1798 ἁμαρτίαις,
782 1715 901 1802 πλῆθος
916 1719 1013 1804 ῦργης
1058 1717 1129 1780 Dei.
1157 1720 1221 1794 Qui
1236 1722 1351 1781 autem
1381 1722 1598 1799 peccatorum
1617 1722 1719 1780 tenax
1745 1721 1807 1796 est,

265 1809 367 1897 ἑαυτῷ
382 1814 535 1901 συνάγων,
552 1817 825 1900 παραπεπύδισται
845 1829 900 1884 τοῦ
916 1819 1014 1906 μηκέ-
1059 1839 1222 1901 magnam
1248 1823 1313 1886 sibi
1329 1827 1501 1904 comparat
1525 1824 1584 1885 irae
1599 1824 1741 1903 copiam,
1769 1827 1809 1884 ut

265 1934 294 1978 τι
310 1914 456 1999 ἐκζητεῖν
470 1919 524 1982 τόν
541 1917 637 1985 Θέόν·
660 1920 707 1984 διὸ
723 1922 854 2006 είρηται·
871 1926 955 1989 κατὰ
976 1927 1012 1990 τό
1060 1929 1242 2008 quominus
1258 1928 1368 1990 Deum
1384 1931 1523 2007 quaerat,
1541 1925 1725 2007 impeditus
1751 1927 1806 1989 sit.

263 2017 383 2102 πλῆθος
408 2029 465 2106 τῆς
487 2024 584 2108 θργης
611 2027 707 2090 αύτοῦ
730 2029 789 2091 obn
811 2027 1010 2114 ἐκζητήσεις,
1060 2030 1154 2094 Unde
1184 2031 1325 2094 dieitur:
1358 2029 1539 2096 aemam
1569 2029 1811 2095 multitudinem

263 2121 335 2186 ἀλλ’
347 2124 420 2188 ούδέ
442 2127 525 2193 ἐστιν
547 2127 661 2206 δΘεῦς
684 2131 816 2198 ἐνύπιον
836 2136 942 2199 αὐτοῦ.
966 2136 1012 2202 Τό
1056 2135 1115 2198 ine
1128 2151 1194 2200 arta
1208 2153 1271 2199 non
1285 2140 1413 2216 pamma,
1435 2136 1493 2200 sed
1514 2142 1548 2200 et
1569 2137 1657 2200 Deae
1670 2154 1734 2200 non
1759 2141 1808 2201 eet

262 2229 325 2313 γὰρ
340 2229 460 2313 πλῆθος
475 2241 531 2317 τῆς
543 2235 640 2320 ὀργῆς
652 2236 758 2320 αὐτοῦ,
771 2237 943 2322 πληρῶσαν
955 2242 1011 2303 αύ-
1056 2238 1271 2319 incomperta
1286 2239 1367 2320 ejmt.
1391 2241 1531 2322 copiosa
1546 2242 1637 2303 euim
1664 2242 1716 2304 vie
1737 2241 1807 2321 irae,

173 2321 175 2327 ’
264 2342 319 2395 τοῦ
335 2335 394 2418 την
416 2334 533 2421 ψυχὴν,
549 2341 605 2416 τὰς
629 2345 761 2424 φυσικάς
777 2345 847 2429 περί
866 2343 949 2412 Θεοῦ
965 2347 1011 2411 ἐν-
1056 2358 1133 2423 quae
1147 2347 1253 2405 totam
1269 2345 1418 2407 animam
1439 2343 1511 2423 ejus
1528 2345 1691 2425 implevit,
1708 2348 1805 2406 natu·

263 2429 349 2512 νοίας
374 2446 435 2502 τῦν
465 2439 689 2528 ἐνθυμημάτων
716 2448 813 2512 αύτοῦ
839 2449 1010 2534 ἀφηρεῖτο·
1055 2448 1143 2510 rales
1163 2448 1224 2510 Dei
1241 2449 1378 2511 notitias
1405 2446 1707 2526 aoogitationibus
1733 2448 1806 2510 suis

262 2536 319 2602 εἶθ’
334 2538 406 2625 ἐξης
421 2540 585 2608 λέλεκται·
608 2543 814 2632 βεύηλοῦντοιι
830 2551 861 2616 αἱ
876 2553 942 2618 ὁδοί
958 2555 1011 2618 ab
1055 2551 1212 2629 abstulit;
1236 2550 1315 2614 hina
1334 2569 1433 2632 porro
1456 2552 1597 2616 dicitur:
1622 2552 1806 2634 Inquinata

262 2654 318 2708 τοῦ
333 2645 367 2711 ἐν
382 2649 474 2711 παντὶ
492 2659 602 2735 καιρῷ,
615 2650 737 2738 σφόδρα
752 2652 951 2735 ἀκολούθως·
967 2657 1009 2734 ὡς
1054 2659 1133 2720 runt
1160 2656 1221 2718 nia
1250 2655 1347 2720 itlius
1376 2656 1517 2720 inomni
1550 2660 1696 2736 tempore,
1727 2675 1805 2719 oum

261 2749 324 2832 γὰρ
337 2750 380 2835 μὴ
393 2752 447 2816 τὸν
458 2749 535 2818 θεὸν
547 2756 606 2837 πρὸ
615 2742 783 2841 ὀφθαλμῶν
794 2757 938 2844 θέμενος,
950 2761 1009 2825 πά-
1055 2760 1198 2837 egregia
1221 2761 1472 2840 consequentia,
1501 2761 1614 2841 utqui
1640 2761 1803 2822 nimirum

262 2872 321 2929 σας
336 2854 433 2918 αύτοῦ
448 2856 504 2931 τόις
519 2855 646 2939 πράξεις
659 2858 714 2922 καὶ
730 2869 784 2924 τοῦ
802 2859 868 2947 βίου
883 2864 940 2940 τάς
955 2885 1010 2928 πο
1054 2864 1163 2926 Deum
1179 2881 1248 2945 prae
1259 2865 1366 2928 oeulis
1382 2881 1449 2927 non
1462 2865 1584 2946 posuit,
1602 2865 1677 2928 ideo
1688 2881 1804 2927 omnes

263 2957 349 3040 ρείοις
365 2959 420 3023 καί
441 2961 498 3036 τὰς
513 2961 604 3040 ῦδοὺς
627 2961 779 3047 ύεύηλους
800 2967 855 3030 καὶ
871 2967 1010 3054 ἀκαθάρ
1054 2983 1133 3029 suos
1149 2973 1245 3030 actus
1260 2968 1408 3048 viteque
1428 2969 1565 3032 semitas
1581 2973 1616 3032 et
1638 2971 1711 3032 vias
1728 2967 1808 3031 fecit

262 3080 342 3136 τους,
365 3059 600 3146 ἀπειργάσατο·
629 3065 738 3152 ἐπειδη
765 3069 827 3154 γάρ
854 3071 913 3134 οῦκ
942 3074 1008 3138 ἐστι
1055 3070 1251 3152 inquinatas
1267 3076 1301 3133 et
1327 3071 1483 3151 pollutas,
1505 3072 1641 3152 quando
1670 3073 1807 3154 quidem

263 3161 344 3242 Θεὸς
359 3164 491 3231 ἐνώπιον
507 3169 612 3233 αύτοῦ.
629 3169 684 3247 Εἰς
699 3181 847 3236 τοσοῦτον
863 3173 898 3237 δέ
913 3178 968 3241 καὶ
990 3177 1007 3242 θ
1053 3188 1117 3238 non
1146 3179 1194 3239 eet
1224 3175 1313 3238 Deua
1337 3173 1375 3237 in
1396 3179 1561 3255 cartapeatu
1580 3177 1660 3257 ejtaa
1677 3180 1809 3252 Quanto

262 3267 380 3354 άσεύὴς
396 3271 488 3350 άθεος
503 3274 555 3338 ἐπί
568 3276 604 3338 τύ
619 3278 719 3361 παρόν
734 3278 953 3360 κατευοδοῦτο,
967 3281 1008 3358 ὡς
1054 3283 1168 3341 autem
1185 3281 1335 3358 tempore
1355 3279 1479 3360 impius
1495 3281 1554 3359 qui
1570 3281 1643 3343 aine
1657 3283 1726 3344 Deo
1742 3286 1805 3359 est,

262 3375 317 3436 καὶ
332 3373 456 3440 πάντων
471 3385 532 3440 τῶν
554 3377 676 3462 ἐχθρῶν
690 3381 787 3444 abeno
804 3396 1008 3468 κατακυριεῦ-
1055 3382 1090 3444 in
1107 3381 1170 3444 hao
1185 3382 1257 3444 vita
1269 3398 1427 3463 prospere
1439 3384 1645 3464 ambulabat,
1658 3387 1705 3447 ita
1717 3391 1756 3448 ut
1768 3386 1804 3448 in

262 3498 326 3560 σοι,
344 3480 399 3542 καὶ
414 3481 562 3566 ἐντούτῳ
578 3483 613 3547 δέ
635 3485 694 3568 τὴν
710 3483 823 3551 ἑαυτοῦ
839 3487 955 3553 κακίαν
978 3491 1009 3553 ὲ.
1055 3485 1168 3548 hostes
1193 3502 1273 3549 suos
1302 3485 1543 3566 dominaretur,
1572 3489 1674 3550 etiam
1704 3490 1737 3551 in
1765 3505 1805 3551 eo

261 3580 442 3665 πιτρίύεται,
458 3583 491 3648 ἐν
514 3595 557 3671 τῷ
580 3585 789 3674 περιγίνεσθαι
811 3598 873 3656 τῶν
895 3590 1009 3658 ἑαυτοῦ
1055 3591 1186 3654 malitia
1208 3589 1282 3670 ejus
1311 3592 1511 3671 castigatur,
1535 3591 1625 3673 quod
1648 3593 1807 3657 inimicos

261 3685 392 3771 ἐχθρῶν.
1056 3709 1135 3756 suos
1151 3699 1299 3774 superat.
1584 3763 1588 3771 ,

305 3813 337 3856 ν.
354 3795 450 3859 27-31
478 3795 533 3878 (al.
551 3797 629 3880 6-9).
653 3797 732 3862 Είπε
751 3799 813 3884 γάρ
837 3797 870 3863 ἐν
892 3797 1009 3886 καρδίᾳ
1098 3815 1129 3860 ν.
1160 3798 1257 3861 27-31
1291 3798 1384 3881 (6-9).
1411 3799 1509 3863 Diait
1536 3801 1622 3864 enim
1647 3802 1684 3864 in
1713 3801 1805 3866 carde

261 3896 377 3960 αὐτοῦ·
394 3895 440 3962 Οὐ
457 3900 500 3983 μὴ
517 3897 659 3962 σαλευθῶ
683 3899 745 3963 ἀπὸ
768 3911 880 3988 γενεάς
896 3903 939 3980 είς
955 3925 1007 3990 γε·
1052 3917 1130 3965 atto:
1145 3903 1220 3966 Noa
1233 3901 1374 3967 maeror
1390 3905 1629 3986 aperuerate‘one
1653 3907 1690 3968 in
1710 3923 1802 3988 pene·

219 4079 227 4094 ·
261 4002 335 4065 νεὰν
357 4003 431 4067 ἄνευ
446 4012 559 4085 κακοῦ,
581 4005 619 4067 ού
641 4004 720 4089 ἀράς
735 4007 769 4070 τύ
787 4007 888 4092 στόμα
910 4009 1008 4074 atreo
1052 4006 1211 4069 ratmmm
1236 4007 1308 4070 aine
1328 4007 1422 4070 mata.
1454 4009 1555 4089 Graiam
1584 4009 1807 4075 maledictione

261 4103 352 4190 γέμει
366 4106 420 4169 καί
436 4103 563 4190 πικρίας
577 4109 632 4170 καί
644 4106 748 4190 δόλου,
761 4109 820 4174 ὑπὸ
832 4112 890 4195 τὴν
904 4111 1007 4195 γλῶσ-
1053 4127 1088 4176 aa
1095 4110 1231 4190 pienum
1249 4114 1300 4176 eat
1312 4115 1344 4175 et
1357 4113 1576 4176 amaritudine
1591 4118 1622 4178 et
1647 4113 1726 4193 dato,
1746 4115 1805 4180 aab

261 4228 321 4273 σαν
337 4211 433 4276 αὐτοῦ
455 4210 553 4289 κόπος
572 4214 626 4276 καί
646 4211 749 4290 πόνος.
766 4213 963 4301 Ἑγκάθηται
977 4218 1007 4282 ἐ-
1052 4215 1166 4296 tinpua
1188 4215 1259 4294 ηἰιο
1281 4214 1371 4278 tabor
1392 4220 1424 4280 et
1447 4216 1547 4280 dator.
1571 4217 1664 4284 Sedet
1689 4219 1726 4281 in
1752 4220 1801 4282 in·

260 4311 354 4399 νίδρᾳ
366 4316 445 4399 μετὰ
457 4311 614 4380 πλουσίων
624 4315 659 4380 ἐν
671 4315 865 4402 ἀποκρύροις
877 4319 958 4405 [τοῦ]
972 4320 1007 4384 ά·
1051 4319 1149 4383 radiis
1177 4335 1249 4383 cum
1274 4317 1431 4383 divitibus
1460 4321 1497 4384 in
1523 4323 1665 4401 occultis,
1691 4327 1731 4387 ut
1755 4323 1805 4387 in·

261 4428 424 4484 ποκτεῖναι
439 4418 558 4486 ἀθῶον·
570 4420 598 4484 oi
614 4421 769 4508 ὀφθαλμοί
785 4423 882 4487 αὐτοῦ
897 4425 940 4500 είς
952 4428 1006 4490 τὸν
1051 4423 1190 4504 tenstat'at
1204 4423 1409 4487 innocentem.
1429 4425 1522 4489 Orati
1539 4425 1610 4506 ejtar
1624 4427 1661 4489 in
1680 4445 1801 4508 paupe-

258 4521 381 4607 πένητοι
403 4521 644 4588 ἀποθλέπουσιν.
673 4524 847 4610 Ἐνεδρεύει
869 4527 902 4591 ἐν
929 4527 1006 4592 ἀπο-
1050 4543 1119 4591 rem
1132 4528 1330 4608 respiciam
1351 4528 1532 4595 amantur
1546 4531 1582 4594 in
1610 4530 1799 4612 abramdito,

258 4627 377 4713 κρύριρ,
394 4626 435 4704 ὡς
458 4627 537 4695 λέων
555 4628 589 4693 ἐν
605 4639 643 4714 τῇ
660 4629 782 4715 μάνδρᾳ
807 4633 916 4697 αὐτοῦ·
942 4632 1006 4698 ἐνε-
1050 4635 1147 4715 quati
1161 4635 1209 4698 tao
1235 4635 1270 4698 in
1285 4636 1436 4716 spetunca
1461 4653 1532 4715 mea,
1560 4635 1741 4702 insidiatur
1766 4643 1804 4702 at

258 4731 360 4817 δρεύει
374 4741 431 4796 τοῦ
450 4732 592 4817 ἁρπάσαι
606 4737 742 4820 πτωχὸν,
767 4736 909 4820 ἁρπάσαι
923 4759 1005 4802 πτω
1049 4739 1160 4819 rupim
1172 4755 1360 4820 pauperem,
1388 4756 1504 4822 rapere
1524 4757 1701 4822 pauperem
1726 4741 1804 4806 anm

257 4838 316 4923 χόν
346 4836 379 4902 ἐν
408 4846 453 4923 τῷ
482 4837 613 4904 ἐλκύσαί
641 4839 736 4903 αύτθν
766 4839 799 4904 ἐν
825 4849 865 4925 τῇ
897 4839 1004 4926 παγίδι
1049 4843 1274 4908 σόύκαίιόύσιιικ
1289 4844 1325 4907 ia
1341 4843 1491 4926 taqueum
1506 4861 1620 4923 amn,-
1648 4843 1802 4909 inmitia-

290 5001 318 5038 v.
330 4983 421 5039 ii-ffl.
436 4983 529 5041 Vatia.
543 4985 585 5041 13.
598 4987 691 5042 Field.
703 5005 731 5060 p.
745 4989 795 5044 101
808 4987 840 5044 in
856 4987 1003 5062 Symmao-
1048 4990 1071 5041 Β
1088 4992 1118 5042 et
1135 4986 1156 5040 s.
1176 4987 1321 5046 Eusebius
1339 4989 1455 5060 legunt:
1474 4991 1518 5046 Ἐν
1537 4992 1700 5058 ἀποκρύφους
1719 4995 1802 5046 ἀποκ-

256 5068 312 5124 eho
324 5069 430 5142 reeipit
440 5075 490 5138 τὰς
511 5075 604 5140 πολλάς,
616 5074 833 5132 oxoludit·vero
846 5079 894 5142 τὰς
911 5079 1003 5143 mitae,
1049 5081 1139 5127 eatam

256 5151 335 5226 quod
346 5155 427 5212 aolus
438 5156 501 5213 aaa
513 5157 614 5230 regius
626 5159 792 5220 servavisse
804 5160 920 5218 dieitur.
935 5163 1003 5220 λίπε.
