4020 6098
283 404 348 466 264
950 407 1158 472 ORIGENES

281 537 352 604 ἀλλ’
364 541 458 619 αὐτός
481 565 529 628 με,
546 545 634 629 φησὶ,
657 542 801 630 στήριξον
818 544 854 610 έν
875 552 914 629 τῇ
929 544 1027 629 έπαγ-
1072 551 1111 609 tu
1129 547 1211 627 ipse,
1228 547 1349 628 inquit,
1367 565 1421 612 me
1436 513 1496 612 tiis
1508 548 1728 630 promissione
1745 561 1829 612 oon·'

279 643 371 730 γελέηι
392 667 459 712 σου.
476 641 522 712 Ἢ
543 649 613 713 ἐπεὶ
627 645 648 732 ἡ
664 647 824 733 προσύολη
848 655 906 730 της
928 647 1028 733 ἀμαρ-
1072 650 1180 713 firma.
1193 652 1254 714 Vel
1273 653 1434 732 quoniam
1458 668 1689 734 saepenumero
1714 649 1823 730 adjec-

280 747 348 825 τίας
359 759 474 834 χαυνοῖ
482 753 536 816 τὸν
547 751 696 838 λογισμὸν
708 753 762 815 καὶ
778 750 912 836 ἀκηδίαν
935 751 1027 837 έργά-
1072 756 1120 817 tio
1142 757 1270 836 peccati
1303 773 1444 834 segnem
1467 756 1577 820 reddit
1600 757 1765 819 rationem
1788 757 1824 817 et

282 849 412 938 ζεταηη
430 855 487 938 μὲν
498 859 684 940 νυσταγμδν,
697 857 714 918 δ
726 856 760 919 δὲ
772 854 922 920 θάνατον.
933 893 973 904 -
983 850 1026 920 Ὃ
1073 859 1226 922 acediam
1240 864 1408 940 operatur,
1421 860 1537 924 acedia
1548 865 1641 923 creat
1654 875 1821 939 somnum,

283 954 387 1041 μέντοι
409 957 582 1044 Σύμμαχος
604 961 659 1024 καλ
673 957 813 1037 Ἀκύλας
834 957 1026 1038 κατέσταξεν
1073 963 1191 1040 segnis
1199 981 1281 1026 vero
1293 965 1378 1027 ratio
1390 968 1543 1028 mortem.
1558 997 1596 1008 -
1610 965 1681 1026 Hoc
1693 964 1823 1026 interea

283 1061 379 1126 εἶπον.
393 1060 479 1126 Ἡδὲ
492 1060 508 1126 έ
522 1061 786 1148 καὶ’ς’έσταξενὴ
801 1061 888 1148 ψυχή
903 1083 961 1149 μου
974 1084 1027 1128 πε-
1073 1067 1296 1148 symmachus
1319 1072 1354 1130 et
1368 1067 1490 1147 Aquila
1507 1067 1685 1130 dixerunt:
1704 1063 1823 1129 Destil-

281 1161 388 1249 ριέχει.
405 1164 499 1249 Παρδι
520 1168 555 1231 δὲ
571 1174 614 1252 τῷ
637 1166 811 1251 Συμμάγφ,
834 1166 1027 1246 κατέσταξεν
1074 1169 1165 1234 lucit.
1184 1170 1308 1245 Quinta
1326 1187 1408 1234 vero
1423 1175 1457 1234 et
1481 1175 1577 1234 sexta
1596 1169 1716 1234 editio:
1743 1168 1823 1234 Stil·

277 1265 403 1354 ἡψυγη
421 1290 488 1354 μου.
513 1269 578 1334 Καὶ
593 1271 682 1335 δοκεῖ
696 1289 757 1354 μοι,
780 1271 824 1356 μὴ
847 1269 966 1355 νοήσας
981 1291 1026 1348 τις
1075 1274 1158 1338 lucit
1169 1273 1637 1356 aninaomco,etSymmacbus
1649 1277 1820 1356 praeterea:

279 1373 315 1435 τδ
335 1371 475 1455 έσταξεν,
499 1373 569 1437 ἀλλ’
580 1371 746 1438 ύπολαύὼν
768 1373 969 1459 ἁμαρτησθαι
990 1376 1026 1439 τδ
1072 1377 1261 1441 Distillccit
1274 1379 1386 1442 ιιιιύυια
1411 1394 1490 1442 mcc.
1507 1379 1551 1440 Et
1576 1377 1712 1441 videtur
1737 1377 1822 1441 mihi

281 1473 481 1561 ἀντίγραφον,
497 1477 722 1562 πεποιηκέναι·
745 1477 947 1562 ένύσταξενὴ
971 1479 1027 1563 ψυ-
1072 1481 1267 1560 nonnullus,
1287 1498 1364 1543 eum
1394 1498 1461 1545 non
1498 1482 1711 1560 intelligeret
1736 1480 1823 1545 illud

280 1576 326 1664 χή
343 1600 411 1666 μου,
427 1590 483 1666 τῆς
499 1583 550 1648 ἐπὶ
564 1584 600 1646 τδ
616 1581 776 1666 έσταξενὴ
790 1580 879 1668 ψυχή
896 1602 955 1669 μου
970 1581 1027 1668 ζη-
1071 1585 1223 1664 stillanti,
1232 1602 1424 1667 supponens
1435 1586 1557 1649 vitium
1574 1603 1646 1650 esse
1658 1587 1695 1649 in
1710 1603 1821 1650 exem·

279 1681 402 1768 τησεως
414 1683 638 1773 ἀπαλλαγῆναι
654 1683 851 1773 βουλόμενος.
1073 1689 1173 1770 plari,
1190 1689 1390 1754 coniecisse:
1404 1690 1605 1754 Dmmitccit
1617 1691 1727 1755 unium
1741 1705 1820 1770 αισα,

1074 1794 1122 1857 ita
1138 1795 1255 1858 volens
1267 1793 1425 1876 expedire
1440 1812 1476 1858 se
1492 1795 1535 1858 ab
1547 1796 1766 1877 inquisitione
1777 1795 1820 1860 de

1071 1896 1135 1960 hac
1152 1897 1316 1960 dictione:
1332 1898 1483 1964 scilicaet
1496 1900 1607 1964 animo
1627 1915 1706 1964 cecc.

322 1994 408 2081 Φησὶ
423 1999 495 2082 γὰρ,
512 1998 623 2085 ὅτανὴ
640 1999 728 2085 ψυχὴ
745 1999 779 2064 έν
804 1997 1027 2084 ἀκηδὶᾳγένη-
1119 2003 1177 2064 Ait
1192 2018 1312 2085 porro:
1340 2002 1479 2078 Quando
1507 2004 1620 2066 anima
1647 2005 1683 2066 in
1704 2003 1821 2068 acedia

277 2122 330 2166 ται
344 2102 399 2165 καὶ
418 2101 574 2188 ἀδημονίᾳ
588 2105 642 2168 καὶ
664 2102 759 2188 λύπη,
776 2101 929 2168 ἀπόλλυσι
944 2104 980 2166 τὸ
996 2104 1026 2166 t·
1081 2108 1191 2186 torpet
1202 2112 1237 2168 et
1247 2105 1283 2168 in
1295 2122 1437 2170 moerore
1450 2112 1484 2170 et
1494 2108 1599 2188 luctu,
1611 2110 1738 2172 amittit
1749 2109 1820 2172 vim

276 2213 482 2290 γρηγορῆναι,
498 2204 686 2291 καὶγίνεται
701 2207 734 2271 ὲν
749 2215 927 2291 νυσταγμῷ,
946 2204 1027 2270 ἀπα-
1076 2210 1274 2289 evigilandi,
1291 2215 1325 2272 et
1346 2210 1578 2275 dormitationi
1601 2213 1745 2276 obnoxia
1770 2211 1819 2294 fit,

277 2307 457 2394 γορευμένῳ
474 2310 507 2374 έν
522 2311 583 2395 τῷ·
600 2308 653 2394 Μὴ
671 2309 724 2387 δὸς
739 2311 835 2374 ύπνον
848 2318 914 2386 σοῖς
929 2309 1029 2393 ὄμμα·
1076 2332 1150 2396 quae
1163 2316 1377 2379 interdicitur
1388 2316 1452 2380 hoc
1463 2335 1575 2382 versu:
1585 2321 1652 2382 «Ne
1664 2319 1722 2382 des
1734 2335 1820 2382 som·

278 2434 336 2495 σιν,
354 2413 434 2497 μηδὲ
456 2415 633 2499 νυσταγμδν
652 2423 718 2491 σοῖς
742 2412 921 2499 βλεφάροις.
938 2410 976 2478 Ὁ
992 2411 1027 2475 δέ
1075 2435 1159 2482 num
1175 2421 1283 2483 oculis
1305 2421 1386 2500 tuis,
1411 2438 1521 2502 neque
1548 2421 1820 2486 dormitationem

278 2517 516 2603 δυσωπούμενος
537 2520 596 2603 τὴν
612 2514 869 2604 μαρτυρουμένην
892 2517 952 2580 bad
967 2525 1027 2581 τῶν
1073 2522 1243 2602 palpebris
1261 2525 1369 2586 tuis.»
1387 2525 1448 2588 Cui
1466 2542 1545 2588 vero
1563 2524 1718 2606 displicet
1731 2542 1819 2588 eom·

277 2619 428 2686 πλειύνιυν
443 2623 576 2704 ἔκδοσιν,
597 2623 656 2707 τὴν
677 2617 843 2704 έσταξενη
862 2618 949 2705 ψυχή
968 2640 1026 2705 μου
1072 2626 1248 2707 probatae
1269 2627 1425 2708 pluribus
1452 2629 1708 2708 interpretatio:
1738 2628 1819 2694 ste-

279 2726 343 2790 ἀπδ
365 2723 509 2810 ἀκηδίας,
533 2728 638 2811 φησὶν,
655 2726 701 2790 δτι
720 2723 946 2810 πεπυκνωμένη
970 2727 1026 2789 καὶ
1073 2731 1280 2794 lusitaniam
1294 2748 1364 2794 mco
1372 2749 1444 2812 pro
1459 2731 1562 2811 tedio,
1588 2733 1706 2810 arguit
1731 2731 1821 2813 quod

278 2828 399 2914 στέγειν
414 2828 571 2916 δυναμένη
588 2831 680 2912 έστῐν,
705 2827 746 2906 ὡς
763 2830 861 2914 μηδὲν
875 2829 974 2912 αὐτῆς
990 2826 1026 2892 ἀ·
1071 2835 1185 2896 anima
1193 2833 1279 2913 justi
1290 2835 1398 2898 solida
1408 2837 1462 2916 sit,
1475 2840 1509 2898 et
1520 2854 1556 2900 se
1568 2838 1743 2900 continere
1763 2855 1820 2900 na·

278 2933 415 3021 συρρεῖν,
430 2932 452 3019 ἡ
468 2943 523 2998 τού
539 2932 660 3000 δικαίου
675 2930 782 3018 ψυχή·
797 2931 819 3016 ἡ
832 2932 868 2996 δέ
879 2941 934 2995 τοῦ
947 2929 1026 3016 ραύ-
1072 2938 1149 3017 leat,
1165 2939 1213 3000 ita
1228 2942 1267 3001 ut
1281 2939 1368 3003 nihil
1383 2940 1490 3021 ipsius
1509 2940 1651 3020 diffluat,
1676 2940 1819 3022 improbi

277 3039 335 3104 λου
351 3040 387 3104 ού
402 3038 543 3123 τοιαύτη,
560 3036 644 3102 ἀλλὰ
667 3039 710 3123 μὴ
727 3035 883 3123 δυναμένη
900 3045 1026 3120 κρατεῖν
1070 3058 1150 3105 vero
1166 3061 1260 3106 mens
1276 3059 1342 3106 non
1367 3045 1427 3123 sie,
1456 3043 1515 3107 sed
1541 3045 1619 3108 talis
1646 3061 1722 3125 quaa
1751 3062 1818 3109 uon

276 3144 313 3209 δν
324 3143 504 3208 διδάσκεται
518 3141 613 3228 λύγον
625 3140 727 3208 Θεοῦ·
742 3139 848 3226 διόπερ
859 3141 880 3226 ἡ
893 3140 1022 3226 τοιαύτη
1071 3147 1183 3208 valeat
1196 3148 1367 3211 continere
1380 3166 1481 3229 quem
1497 3148 1615 3212 didicit
1630 3165 1818 3212 sermonem

280 3249 368 3334 ψυχὴ
385 3246 510 3326 στάζειν
525 3247 564 3311 ἂν
578 3245 713 3332 λέγοιτο.
727 3244 884 3329 Τοιαύτην
898 3242 1026 3329 δέχεται
1070 3249 1142 3313 Dei.
1159 3249 1286 3314 Idcirco
1311 3250 1506 3332 hm'usmodi
1522 3253 1670 3314 animam
1689 3253 1818 3317 stillare

278 3351 417 3418 διάνοιαν
432 3353 487 3415 καὶ
502 3350 555 3416 τύ·
570 3348 623 3416 Υἱέ
639 3372 708 3436 μου,
726 3352 768 3435 μὴ
782 3348 975 3434 παραρρυῇς,
991 3349 1026 3415 ἒν
1070 3354 1206 3419 dixeris.
1230 3357 1380 3418 Similem
1397 3373 1531 3436 quoque
1551 3358 1673 3437 recipit
1687 3363 1820 3433 senten-

281 3454 466 3540 Παροιμίαις
481 3453 708 3541 γεγραμμένον,
723 3455 778 3518 καλ
792 3452 839 3518 τύ·
853 3452 911 3518 Διὰ
933 3463 1025 3518 τούτο
1069 3460 1152 3521 tiam
1166 3460 1250 3523 illud
1267 3461 1303 3522 iu
1319 3460 1508 3524 Proverbiis
1520 3461 1698 3542 scriptum:
1717 3462 1818 3542 «Fili,

278 3559 328 3624 δεῖ
346 3558 573 3644 περισσοτέρως
599 3557 766 3644 προσέχειν
788 3555 873 3644 ἡμᾶς
902 3568 967 3636 τοῖς
989 3558 1024 3623 ἀ·
1071 3563 1128 3642 mi,
1158 3581 1200 3626 ne
1227 3562 1401 3643 diffluas»
1429 3569 1463 3627 et
1485 3563 1575 3644 quod
1600 3566 1751 3645 apposite
1781 3566 1817 3628 in

276 3663 468 3744 κουσθεῖσιν,
500 3662 622 3749 μήποτε
651 3661 895 3748 παραῤῥυύμεν,
921 3661 955 3728 έν
985 3673 1024 3749 τῆ
1070 3668 1211 3750 epistola
1225 3669 1266 3732 ad
1283 3669 1440 3732 Hebraeos
1455 3667 1588 3731 dicitur:
1608 3670 1818 3750 «Propterea

277 3769 354 3852 πρὸς
376 3763 540 3851 Ἑύραέους
562 3764 760 3851 λελεγμένον.
776 3804 818 3814 -
834 3764 1023 3849 Βεῦαύιυσον,
1068 3773 1297 3837 abundantius
1323 3777 1453 3855 oportet
1479 3789 1539 3836 nos
1571 3773 1748 3838 observare
1779 3791 1820 3837 ea

277 3870 371 3936 οἱονεὶ
393 3870 532 3936 τοιοῦτόν
556 3891 594 3955 με
611 3869 745 3955 ποίησον
767 3870 800 3962 έν
823 3879 886 3948 τοῖς
908 3870 1023 3956 λύγοις,
1071 3895 1146 3960 qua
1171 3877 1375 3956 audivimus,
1405 3895 1448 3940 ne
1478 3876 1758 3958 pereffluamus.»
1777 3912 1816 3922 -

278 3973 359 4040 ὥστε
376 3977 520 4040 ἄσειστον
543 3975 631 4057 εἶναι,
646 3975 702 4039 καὶ
725 3974 877 4061 μηδαμῶς
900 3994 1024 4059 μετακι-
1074 3981 1231 4063 confirmo
1251 3998 1314 4060 me,
1331 3981 1487 4044 videlicet
1503 3969 1606 4044 talem
1627 3999 1681 4044 me
1703 3981 1756 4044 iac
1782 3982 1818 4045 in

278 4079 439 4166 νούμενον.
1069 4087 1139 4148 tuis
1170 4085 1392 4164 sermonibus,
1416 4089 1455 4148 ut
1481 4085 1701 4148 inconcussus
1726 4084 1817 4165 fiam,

1070 4190 1232 4268 nulloque
1249 4187 1347 4252 modo
1362 4206 1507 4251 movear.

322 4310 354 4354 v.
368 4291 421 4354 29.
433 4284 526 4354 Ὁδδν
542 4286 664 4364 ἀδικίας
679 4285 861 4371 ἀπόστησον
876 4286 930 4350 ἀπ’
938 4287 1024 4373 ἐμοῦ,
1113 4311 1144 4354 v.
1160 4293 1212 4354 29.
1237 4293 1327 4356 Viam
1340 4292 1530 4372 iniquitatis
1544 4307 1684 4356 amoveo
1702 4307 1762 4372 ote,
1786 4293 1818 4356 et

277 4393 391 4478 καὶτῷ
407 4391 491 4478 νύμιμ
507 4413 563 4457 σου
578 4388 710 4476 ἐλέησόν
726 4411 774 4476 με.
1068 4395 1106 4458 ic
1119 4394 1186 4476 ἰορο
1201 4398 1257 4458 tuo
1271 4395 1423 4461 etiamn
1435 4397 1509 4460 mei.

319 4495 497 4583 Δυνάμενος
512 4497 626 4560 εἰπεῖν·
649 4491 831 4578 ἀπύσεησύν
846 4515 884 4580 με
900 4494 973 4562 ὁδοῦ
988 4496 1024 4560 ἀ·
1113 4499 1231 4562 Dicere
1247 4516 1352 4579 quum
1378 4501 1542 4580 potuerit:
1564 4501 1691 4561 Amove
1717 4515 1775 4562 me
1794 4516 1816 4561 a

275 4597 387 4681 διιύας,
403 4610 494 4665 τούτο
511 4601 566 4686 μέν
583 4599 640 4663 οὐκ
655 4599 783 4683 έρησεν,
805 4601 841 4663 τδ
856 4599 910 4664 δέ·
932 4599 1025 4666 Ὁδδν
1068 4603 1125 4666 via
1141 4603 1341 4684 iniquitatis,
1373 4604 1436 4667 boc
1462 4605 1562 4667 modo
1588 4620 1656 4666 non
1683 4602 1816 4667 locutus

309 4871 337 4910 v.
356 4854 399 4909 29.
419 4849 912 4924 vat.4,o,1o.1tan1mquaedsm
929 4871 948 4908 a
965 4853 1024 4909 ΒΒ.
1068 4858 1151 4911 δεύειν
1172 4857 1220 4924 τὴν
1241 4859 1429 4924 προιιρημύνην
1448 4858 1579 4924 tit-maa
1598 4854 1686 4927 Apud
1707 4855 1814 4911 Gorde-

273 4945 448 5010 mutuamur‚
461 4944 492 4995 at
504 4939 588 5011 plura
605 4937 813 4995 confirmantur
823 4939 860 4995 ab
868 4939 1024 4995 Heracleo·
1067 4941 1199 5012 niumm,
1212 4942 1273 4997 397.
1287 4940 1344 4997 Sed
1361 4941 1458 4997 Maius
1475 4941 1553 4997 inter
1565 4941 1677 4996 scholia
1694 4941 1815 5015 Didymi

274 5031 314 5080 tte
326 5023 500 5099 paraphrasi
512 5030 542 5081 at
559 5023 680 5098 Didymi
698 5025 851 5102 industria,
864 5027 915 5098 qni
932 5026 1024 5083 tacito
1067 5025 1250 5082 hunclocum
1259 5026 1398 5098 neglexit.
1410 5025 1625 5082 Confirmantur
1632 5025 1814 5102 Hexaplsab

275 5109 411 5183 Origene,
429 5111 510 5168 illius
529 5109 669 5182 exegesis
690 5109 762 5167 fecit
781 5129 878 5167 suam:
900 5115 937 5180 ύς
958 5115 1023 5182 ιιλη-
1067 5111 1194 5170 Eusebio
1206 5113 1319 5186 recipis
1330 5112 1408 5188 apud
1420 5113 1512 5170 Pield.
1525 5129 1556 5183 n,
1568 5113 1630 5169 272.
