4006 6090
323 419 386 480 304
986 419 1196 484 ORIGENES

319 557 457 643 ἐπιτύχω
479 567 535 644 τής
559 569 614 623 τοῦ
636 559 786 644 ἀληθινοῦ
809 561 910 644 φωτδς
938 559 982 638 τίς
1008 562 1067 646 τήν
1111 579 1182 626 rem
1202 563 1241 625 'in
1264 563 1378 626 anima
1400 579 1475 625 mea
1498 579 1596 624 verae
1619 561 1705 624 lucis
1720 577 1852 638 aurora,

322 661 429 747 ψυχήν
445 682 504 747 μου
520 661 688 750 ἀνατολῆς,
703 666 759 729 καί
773 665 850 750 πρὸς
861 672 905 749 τῷ
919 661 1067 746 ἐλπίζειν,
1112 683 1151 730 ao
1173 665 1298 728 nedum
1320 683 1490 747 sperarem
1512 669 1656 745 tautum,
1682 666 1785 728 immo
1800 683 1854 728 su·

321 767 415 832 πάλιν
430 764 602 852 ἐπήλπισα,
617 769 803 854 προκόπτων
814 779 853 856 τῇ
868 768 988 855 ἀγάπη,
1001 769 1069 835 ἐπεί
1111 786 1351 851 persperarem,
1373 770 1537 832 charitate
1560 767 1757 850 proficiens:
1788 773 1855 833 etc·

321 868 343 954 ή
360 871 470 957 ἀγάπη
486 872 590 938 πάντα
604 871 732 953 ἐλπίζει.
1111 874 1203 936 enim
1221 873 1401 938 «charitas
1423 873 1536 937 omnia
1558 877 1671 952 sperat
1683 892 1712 934 ν.

364 974 412 1040 Ού
434 975 621 1062 θαυμαστόν
644 977 689 1060 δέ,
713 978 752 1044 ἀν
774 977 792 1041 δ
814 973 989 1063 πρεσόύτης
1012 977 1068 1041 καὶ
1156 979 1294 1042 Minime
1323 995 1403 1042 vero
1429 978 1565 1056 mirum,
1591 978 1621 1040 si
1647 993 1761 1054 senex,
1784 974 1856 1056 jam

321 1074 434 1167 μηκέτι
450 1080 641 1167 δχλούμενος
655 1082 715 1148 trra
726 1089 787 1147 τῶν
798 1091 984 1168 σωματικῶν
999 1079 1066 1166 δρέ·
1112 1099 1180 1146 non
1201 1087 1343 1145 vexatus
1357 1082 1525 1162 corporeis
1548 1080 1725 1160 illecebris,
1748 1083 1856 1144 semet

320 1181 408 1267 ξεων,
424 1182 535 1274 ἑαυτὸν
550 1182 723 1251 ἐπιδίδωσιν
736 1183 872 1270 ἀσκήσει
883 1193 940 1270 της
954 1184 1066 1250 θεοσε-
1111 1187 1278 1251 addiderit
1291 1186 1452 1249 exercitio
1473 1185 1630 1267 pietatis:
1652 1184 1711 1248 sed
1729 1185 1855 1246 mirum

319 1285 425 1364 θείας·
439 1287 625 1375 θαυμαστὸν
640 1287 675 1352 δέ
690 1289 729 1354 ἂν
750 1287 819 1367 νόος
834 1297 1003 1374 καταπατή
1027 1289 1069 1353 τδι
1111 1290 1141 1354 si
1159 1288 1297 1370 J'uvenis
1325 1289 1390 1353 sub
1410 1288 1552 1370 pedibus
1580 1291 1669 1351 terat
1689 1288 1775 1351 vitia
1799 1285 1856 1366 ju-

319 1399 378 1476 της
388 1390 536 1477 νεότητος
556 1395 643 1458 κακόι
661 1394 716 1457 καί
731 1391 895 1478 προφθόινη
907 1393 941 1458 ἐν
957 1389 1066 1478 ἀωρίᾳ,
1111 1395 1314 1473 ventutis,et
1325 1393 1510 1474 preveniat
1521 1393 1556 1455 in
1567 1392 1854 1470 horaimmatura,

320 1494 508 1582 βουλόμενος
520 1506 646 1583 νικήσαι
656 1499 714 1583 τήν
725 1496 861 1581 νεότητα
872 1495 1068 1582 προσδυτικῷ
1111 1499 1247 1561 vincere
1276 1495 1416 1560 studens
1439 1513 1518 1558 cum
1547 1496 1647 1559 senili
1676 1494 1858 1576 prudentia

319 1597 506 1686 φρονήματι
527 1599 606 1667 Τότε
628 1601 690 1686 γὰρ
706 1601 823 1685 είποιμι
845 1601 884 1665 ἀν
906 1601 977 1685 περὶ
999 1597 1068 1664 τού-
1111 1601 1382 1666 adolescentiam.
1411 1603 1506 1664 'lunc
1528 1599 1691 1663 nimirum
1721 1598 1763 1662 de
1791 1598 1857 1662 hoc

318 1723 384 1788 του,
401 1704 449 1769 ότι
458 1713 676 1791 πνευματικῶς
687 1701 819 1789 ἐποίησε
834 1702 886 1768 τό·
903 1700 1066 1788 Προὲφθα
1111 1707 1238 1770 victore
1261 1706 1381 1783 dicam,
1404 1692 1516 1784 ipsum
1539 1703 1575 1765 in
1597 1702 1721 1783 spiritu
1736 1701 1856 1764 iecisse

319 1828 362 1873 σα
376 1808 410 1873 ἐν
426 1806 526 1895 ἀωρίρ
539 1810 594 1874 καί
617 1807 785 1894 ἐκέκραξα,
801 1809 846 1886 είς
859 1809 932 1886 τούς
953 1807 1067 1895 λόγους
1110 1809 1337 1873 versiculum:
1359 1807 1509 1872 Ρτοιοεοί
1522 1809 1596 1870 aare
1614 1804 1726 1885 ίιιοεαι,
1744 1809 1776 1870 et
1789 1803 1856 1870 τίο-

319 1931 376 1975 οου
393 1910 564 1996 ἐφήλπισα.
1110 1914 1208 1993 moot',
1234 1917 1266 1978 at
1285 1912 1323 1976 itt
1343 1911 1439 1976 verbo
1461 1915 1520 1976 tac
1538 1909 1774 1991 supersperavi.

362 2033 394 2080 v.
428 2016 501 2081 148.
532 2013 742 2101 Προὲφθασαν
770 2013 800 2078 οί
825 2011 980 2100 ὀφθαλμοί
1004 2035 1062 2099 μου
1155 2039 1187 2084 v.
1212 2019 1284 2082 148.
1307 2018 1538 2081 preterierant
1551 2013 1637 2080 aaut
1657 2012 1722 2077 mci
1735 2010 1858 2076 ούοιο·

318 2121 396 2206 πρδς
411 2118 522 2204 όρθρον
535 2130 592 2185 τοῦ
608 2121 743 2208 μελετᾶν
757 2123 797 2187 τόι
812 2120 905 2206 λόγιά
921 2141 987 2186 σου.
1111 2125 1264 2202 tatinum,
1289 2127 1327 2188 at
1346 2119 1520 2185 mercar
1542 2119 1669 2202 cloquio
1690 2123 1757 2183 tac.

363 2223 519 2302 Βασιλεύς
545 2225 588 2290 ὢν
614 2225 631 2291 δ
657 2222 833 2310 προφήτης,
860 2226 916 2289 καί
944 2221 1067 2309 μυρίαις
1155 2232 1226 2292 Rex
1248 2242 1354 2307 quum
1376 2228 1465 2289 esset
1486 2224 1659 2306 propheta,
1674 2223 1858 2286 sexcentis·

321 2326 461 2411 φροντίσι
475 2326 748 2414 περικλυζόμενος,
765 2327 824 2392 οὐκ
846 2327 880 2392 ἐν
893 2322 1000 2412 ήμίρςι
1015 2325 1068 2411 μό
1111 2349 1177 2415 que
1196 2331 1287 2394 curis
1301 2331 1572 2407 circummersus,
1587 2344 1656 2391 non
1670 2331 1803 2390 tantum
1821 2327 1857 2390 in

320 2450 374 2496 νον
388 2430 565 2516 προσέφερε
579 2441 623 2517 τῷ
638 2429 709 2518 Θεῷ
724 2434 780 2509 τὰς
796 2428 966 2514 ἱκετηρίας,
983 2429 1068 2494 ἀλλά
1111 2437 1165 2500 die
1180 2433 1341 2499 offerebat
1362 2435 1431 2497 Deo
1452 2437 1531 2496 vota
1550 2449 1613 2496 sua
1627 2433 1780 2513 supplex,
1795 2431 1856 2494 sed

320 2535 375 2598 καί
388 2535 544 2620 μεσούσης
556 2536 676 2619 νυκτός,
689 2535 748 2599 οὐκ
759 2532 922 2619 ἀναμένων
933 2534 990 2610 τὰς
1004 2541 1066 2598 τῶν
1111 2540 1192 2603 etin
1205 2540 1316 2604 media
1331 2541 1437 2620 nocte,
1451 2537 1535 2618 quin
1547 2538 1739 2616 expectaret
1749 2536 1858 2613 gallo·

320 2637 537 2724 ἀλεκτρυόνων
561 2639 654 2724 ᾡδάς,
681 2642 779 2717 ούτως
804 2637 909 2704 ἐπόθει
934 2638 988 2701 τὸν
1013 2657 1067 2700 πε-
1111 2660 1187 2707 rum
1210 2643 1407 2724 cantilenas,
1430 2640 1512 2704 adeo
1535 2639 1702 2718 diligebat
1730 2643 1859 2702 creato

319 2742 476 2825 ποιηκότα
490 2741 581 2825 Θεὸν,
597 2743 678 2806 ούτω
692 2740 857 2827 προθύμως
872 2742 931 2826 τήν
946 2739 1066 2805 ἐκεῖθεν
1110 2764 1182 2810 rem
1204 2748 1323 2826 Deum,
1346 2746 1430 2810 adeo
1452 2744 1600 2809 studiose
1615 2760 1659 2806 ex
1680 2742 1743 2806 hac
1765 2746 1859 2806 terra

317 2846 387 2930 ήτει
408 2843 564 2931 βοήθειαν.
591 2883 633 2894 -
655 2843 694 2911 ‘O
717 2845 755 2910 ἐκ
781 2847 892 2922 νυκτδς
915 2843 1065 2929 δρθρίζων
1110 2850 1290 2914 invocabat
1303 2851 1481 2912 auxilium.
1496 2883 1535 2894 —
1560 2847 1624 2922 Qui
1639 2844 1680 2909 de
1696 2849 1793 2908 nocte
1808 2847 1861 2909 vi·

318 2950 395 3033 πρὸς
410 2948 491 3017 Θεόν
506 2948 593 3033 λόγοι
608 2949 647 3014 ἂν
662 2959 773 3015 τούτο·
788 2950 1014 3034 προτρεπτικόν
1030 2945 1066 3012 δέ
1110 2954 1199 3032 gilat
1211 2956 1247 3017 in
1258 2971 1357 3016 mane
1370 2953 1411 3016 ad
1423 2954 1542 3030 Deum,
1552 2951 1616 3014 hoc
1623 2952 1721 3015 dicat.
1730 2950 1860 3013 Exhor-

318 3053 402 3116 ἐστιν
426 3054 477 3118 ἐπί
498 3055 535 3117 τδ
561 3051 657 3118 ἕωθεν
680 3053 813 3138 μελετᾶν
837 3055 877 3119 τόι
897 3052 991 3139 λόγια
1010 3061 1066 3117 τού
1110 3058 1193 3121 tatio
1215 3062 1330 3121 autem
1352 3055 1467 3120 estad
1489 3054 1721 3119 meditandum
1736 3051 1779 3116 ab
1794 3069 1856 3115 au·

322 3152 415 3222 Θεοῦ.
431 3153 564 3240 Μήποτε
579 3156 615 3221 δέ
630 3155 713 3220 καλό
728 3155 844 3242 λύχνος
855 3166 911 3221 τού
922 3155 1067 3243 ούματος
1110 3180 1187 3227 rora
1210 3164 1344 3243 eloquia
1365 3162 1438 3226 Dei.
1469 3163 1586 3225 Nonne
1609 3175 1689 3223 vero
1717 3159 1859 3221 lucerna

317 3255 407 3343 ήμῶν
422 3259 439 3325 δ
453 3271 535 3343 νοῦς,
551 3259 719 3346 λεγόμενος
735 3260 905 3346 όφθαλμδς,
924 3259 1065 3346 προφθόι-
1110 3269 1259 3348 corporis
1275 3267 1392 3346 nostri,
1408 3281 1513 3344 mens,
1529 3281 1605 3345 qum
1620 3267 1761 3328 vocatur
1776 3279 1857 3326 ocu·

318 3381 379 3427 νων
393 3363 510 3447 ὀφείλει
528 3373 596 3456 ταῖς
620 3362 709 3441 ἰδίαις
733 3363 901 3450 ἐνεργείαις
923 3365 977 3428 τόν
1000 3363 1063 3428 ἀπὸ
1110 3373 1173 3451 lus,
1183 3372 1369 3451 praevenire
1384 3371 1492 3450 debet,
1504 3369 1576 3434 suis
1587 3369 1732 3450 propriis
1746 3370 1857 3448 operi-

317 3475 373 3531 τοῦ
387 3465 479 3550 ήλίου
502 3477 559 3554 της
581 3467 781 3552 δικαιοσύνης
803 3467 924 3554 όρθρον,
947 3466 1064 3552 ἐξαιρί·
1108 3474 1183 3555 bus,
1207 3492 1306 3538 mane
1329 3475 1418 3557 quod
1433 3473 1656 3552 singulariter
1678 3473 1787 3536 oritur
1810 3491 1855 3536 ex

316 3590 378 3647 τως
400 3565 627 3650 ἀνατέλλοντος
648 3580 713 3649 τοῖς
727 3571 946 3657 προφθάσασιν
968 3573 1064 3638 attor
1109 3581 1178 3643 sole
1197 3577 1342 3658 justitiae
1358 3578 1401 3641 ad
1416 3578 1531 3641 oculos
1554 3593 1632 3640 eum
1648 3575 1857 3657 praevenien-

319 3674 509 3761 ὁφθαλμοῐςς
1109 3683 1183 3746 tes?

361 3799 393 3844 v.
413 3780 485 3845 149.
503 3779 569 3866 Τής
584 3789 691 3866 φωνῆς
712 3801 770 3866 μου
793 3781 940 3865 ἀκουσον,
955 3778 1063 3866 Κύριε,
1151 3804 1184 3850 v.
1202 3786 1274 3850 149.
1302 3787 1408 3852 vocar
1421 3799 1524 3850 metm
1537 3783 1626 3865 audi,
1640 3785 1785 3862 Domine,
1803 3799 1853 3849 ae·

316 3884 450 3948 κατὰτὸ
465 3883 553 3961 ἔλεός
574 3903 641 3967 σου,
657 3887 741 3949 κατόν
762 3886 799 3949 τδ
815 3884 912 3972 κρίμα
937 3905 994 3950 σου
1010 3885 1065 3971 (tl-
1108 3889 1246 3954 οιιαιίιοιιι
1262 3887 1517 3954 misericordium
1532 3893 1631 3969 tuom,
1649 3889 1781 3972 οιῖορλίοο
1795 3905 1856 3968 ote,

319 3987 376 4052 cdv
391 4008 439 4072 με.
1101 3992 1379 4074 joculatorum
1396 3995 1496 4057 ίυιαα.

363 4090 473 4177 Ἔχεις
497 4091 645 4177 μεθόδους
664 4092 794 4177 πολλὰς,
810 4095 893 4173 ὅπως
912 4091 1065 4178 ζωοποιή-
1152 4097 1303 4176 Domine,
1319 4098 1444 4162 multas
1459 4096 1563 4162 habes
1579 4097 1763 4176 methodos,
1778 4099 1855 4177 qui·

321 4215 379 4279 σης
394 4198 466 4274 τοὺς
489 4195 634 4276 ἀναξίους
649 4205 706 4282 της
722 4197 815 4282 ζυης,
839 4198 924 4263 κατὰ
937 4206 1014 4283 γοῦν
1029 4199 1064 4262 τὸ
1108 4200 1172 4263 bus
1193 4201 1305 4264 salvos
1327 4199 1430 4264 facias
1448 4201 1519 4264 vita
1535 4201 1705 4282 indignos,
1721 4201 1853 4266 scilicet

321 4299 420 4385 κρίμα
437 4320 495 4364 σου
509 4300 564 4365 καί
578 4302 712 4366 κατὰτὸ
727 4301 817 4380 ἔλεός
831 4323 898 4386 σου,
914 4301 1067 4386 ζωοποίη-
1108 4303 1294 4367 secundnm
1324 4303 1493 4383 iudicium
1526 4310 1635 4384 tuum,
1665 4305 1855 4370 secuudum

316 4404 372 4471 σύν
388 4425 436 4490 με,
452 4402 560 4488 Κύριε,
574 4406 611 4469 ού
622 4405 684 4490 γὰρ
696 4404 807 4490 θαρρῶ
819 4407 904 4471 κατὰ
914 4407 973 4491 τήν
984 4406 1065 4491 ἐμήν
1108 4407 1374 4471 misericordiam
1389 4413 1483 4470 tuam
1506 4407 1645 4473 vivifica
1666 4426 1738 4488 me;
1760 4407 1854 4471 haud

318 4507 430 4595 πρᾶξιν
446 4505 747 4592 ἐπακουσθήσεσθαι,
764 4507 870 4593 Κύριε,
884 4507 968 4574 ἀλλὰ
980 4509 1065 4572 κατὰ
1109 4513 1199 4575 enim
1215 4510 1345 4576 confido
1357 4530 1398 4575 ex
1411 4529 1487 4575 mea
1498 4514 1623 4592 agendi
1636 4515 1776 4592 ratione,
1788 4513 1854 4574 Do

321 4615 358 4678 τὸ
378 4609 477 4698 κρίμα
499 4631 566 4694 σου,
582 4611 740 4679 τουτέστιν
762 4611 804 4691 ιύς
826 4614 882 4681 ἐὰν
897 4610 1064 4699 σογκρίνης
1109 4617 1211 4697 mine,
1227 4615 1476 4680 exaudiendum
1492 4634 1546 4681 me
1569 4634 1652 4698 esse,
1675 4615 1734 4680 sed
1751 4613 1855 4695 juxta

322 4717 463 4801 περὶτοῦ
479 4713 576 4800 ζήσαί
591 4737 639 4802 με.
1104 4720 1273 4800 judicium
1285 4725 1393 4798 tuum,
1406 4720 1440 4783 id
1456 4724 1516 4799 est,
1528 4722 1634 4785 donec
1645 4719 1854 4801 judicaveris

1109 4824 1271 4888 advitam
1287 4824 1371 4888 mihi
1387 4825 1610 4904 largiendam.

353 5148 383 5189 ν.
399 5131 458 5189 148
471 5131 539 5192 Vat.
552 5133 688 5193 &Pauca
699 5134 845 5209 excerpsit
854 5133 1063 5194 nicomatus.
1143 5153 1172 5194 ν.
1190 5134 1249 5192 149.
1262 5133 1330 5194 Vat
1342 5132 1368 5203 4,
1381 5133 1406 5202 θ,
1419 5133 1444 5202 9,
1458 5133 1500 5188 id.
