<?xml version="1.0" encoding="UTF-8"?>
<!DOCTYPE html PUBLIC "-//W3C//DTD XHTML 1.0 Transitional//EN"
    "http://www.w3.org/TR/xhtml1/DTD/xhtml1-transitional.dtd">
<html xmlns="http://www.w3.org/1999/xhtml" xml:lang="en" lang="en">
 <head>
  <title>
</title>
<meta http-equiv="Content-Type" content="text/html;charset=utf-8" />
  <meta name='ocr-system' content='tesseract 3.04.00' />
  <meta name='ocr-capabilities' content='ocr_page ocr_carea ocr_par ocr_line ocrx_word'/>
</head>
<body>
  <div class='ocr_page' id='page_1' title='image "./analectasacrasp00pitrgoog_0430.png"; bbox 0 0 4044 6104; ppageno 0'>
   <div class='ocr_carea' id='block_1_1' title="bbox 879 467 1752 566">
    <p class='ocr_par' dir='ltr' id='par_1_1' title="bbox 879 467 1752 566">
     <span class='ocr_line' id='line_1_1' title="bbox 879 467 1752 566; baseline 0.006 -33"><span class='ocrx_word' id='word_1_1' title='bbox 879 467 1087 566; x_wconf 80' lang='lat' dir='ltr'>susumus</span> <span class='ocrx_word' id='word_1_2' title='bbox 1688 473 1752 538; x_wconf 83' lang='lat'><strong>419</strong></span> 
     </span>
    </p>
   </div>
   <div class='ocr_carea' id='block_1_2' title="bbox 52 605 1753 1218">
    <p class='ocr_par' dir='ltr' id='par_1_2' title="bbox 207 605 1753 696">
     <span class='ocr_line' id='line_1_2' title="bbox 207 605 1753 696; baseline 0.003 -21"><span class='ocrx_word' id='word_1_3' title='bbox 207 608 328 696; x_wconf 82' lang='grc' dir='ltr'><strong>μᾶλλον</strong></span> <span class='ocrx_word' id='word_1_4' title='bbox 350 609 368 675; x_wconf 85' lang='grc' dir='ltr'><strong>ὑ</strong></span> <span class='ocrx_word' id='word_1_5' title='bbox 390 607 511 694; x_wconf 84' lang='grc' dir='ltr'><strong>κληρος</strong></span> <span class='ocrx_word' id='word_1_6' title='bbox 533 607 606 686; x_wconf 84' lang='grc' dir='ltr'><strong>ὅλος</strong></span> <span class='ocrx_word' id='word_1_7' title='bbox 632 616 688 674; x_wconf 92' lang='grc' dir='ltr'><strong>τοῦ</strong></span> <span class='ocrx_word' id='word_1_8' title='bbox 714 605 805 674; x_wconf 90' lang='grc' dir='ltr'><strong>λαοῦ.</strong></span> <span class='ocrx_word' id='word_1_9' title='bbox 830 606 953 675; x_wconf 79' lang='grc' dir='ltr'><strong>Οὐκοῦν</strong></span> <span class='ocrx_word' id='word_1_10' title='bbox 998 613 1110 692; x_wconf 82' lang='lat' dir='ltr'>magis</span> <span class='ocrx_word' id='word_1_11' title='bbox 1126 615 1217 678; x_wconf 87' lang='lat' dir='ltr'>totus</span> <span class='ocrx_word' id='word_1_12' title='bbox 1233 614 1379 695; x_wconf 90' lang='lat' dir='ltr'>populus</span> <span class='ocrx_word' id='word_1_13' title='bbox 1395 615 1531 680; x_wconf 88' lang='lat' dir='ltr'>electus.</span> <span class='ocrx_word' id='word_1_14' title='bbox 1551 617 1669 681; x_wconf 81' lang='lat' dir='ltr'>Nonne</span> <span class='ocrx_word' id='word_1_15' title='bbox 1696 617 1753 680; x_wconf 88' lang='lat' dir='ltr'>bie</span> 
     </span>
    </p>

    <p class='ocr_par' dir='ltr' id='par_1_3' title="bbox 52 712 1753 1218">
     <span class='ocr_line' id='line_1_3' title="bbox 189 712 1751 802; baseline 0.002 -22"><span class='ocrx_word' id='word_1_16' title='bbox 189 733 190 736; x_wconf 69' lang='grc'>’</span> <span class='ocrx_word' id='word_1_17' title='bbox 207 725 263 781; x_wconf 92' lang='grc' dir='ltr'><strong>νῦν</strong></span> <span class='ocrx_word' id='word_1_18' title='bbox 285 717 339 780; x_wconf 88' lang='grc' dir='ltr'><strong>τδν</strong></span> <span class='ocrx_word' id='word_1_19' title='bbox 352 716 462 779; x_wconf 82' lang='grc' dir='ltr'><strong>πιστὸν</strong></span> <span class='ocrx_word' id='word_1_20' title='bbox 481 712 559 779; x_wconf 85' lang='grc' dir='ltr'><strong>λαὸν</strong></span> <span class='ocrx_word' id='word_1_21' title='bbox 574 714 609 778; x_wconf 84' lang='grc' dir='ltr'><strong>τὸ</strong></span> <span class='ocrx_word' id='word_1_22' title='bbox 630 712 761 799; x_wconf 79' lang='grc' dir='ltr'><strong>Πνεῦμα</strong></span> <span class='ocrx_word' id='word_1_23' title='bbox 776 713 952 794; x_wconf 80' lang='grc' dir='ltr'><strong>αἰνίττεται,</strong></span> <span class='ocrx_word' id='word_1_24' title='bbox 999 717 1108 796; x_wconf 84' lang='lat' dir='ltr'>igitur</span> <span class='ocrx_word' id='word_1_25' title='bbox 1124 719 1269 799; x_wconf 81' lang='lat' dir='ltr'>Spiritus</span> <span class='ocrx_word' id='word_1_26' title='bbox 1295 718 1470 798; x_wconf 77' lang='lat' dir='ltr'>significat</span> <span class='ocrx_word' id='word_1_27' title='bbox 1484 720 1619 785; x_wconf 89' lang='lat' dir='ltr'>fidelem</span> <span class='ocrx_word' id='word_1_28' title='bbox 1646 737 1751 802; x_wconf 90' lang='lat' dir='ltr'>popu·</span> 
     </span>
     <span class='ocr_line' id='line_1_4' title="bbox 52 815 1751 906; baseline 0.004 -25"><span class='ocrx_word' id='word_1_29' title='bbox 52 823 55 830; x_wconf 84' lang='lat'>&#39;</span> <span class='ocrx_word' id='word_1_30' title='bbox 202 819 273 904; x_wconf 88' lang='grc' dir='ltr'><strong>περί</strong></span> <span class='ocrx_word' id='word_1_31' title='bbox 289 821 331 884; x_wconf 94' lang='grc' dir='ltr'><strong>ών</strong></span> <span class='ocrx_word' id='word_1_32' title='bbox 347 815 468 902; x_wconf 79' lang='grc' dir='ltr'><strong>Πέτρος</strong></span> <span class='ocrx_word' id='word_1_33' title='bbox 491 817 648 903; x_wconf 81' lang='grc' dir='ltr'><strong>ἔγραψεν·</strong></span> <span class='ocrx_word' id='word_1_34' title='bbox 670 815 773 902; x_wconf 76' lang='grc' dir='ltr'><strong>Ὑμεῖς</strong></span> <span class='ocrx_word' id='word_1_35' title='bbox 796 815 954 904; x_wconf 88' lang='grc' dir='ltr'><strong>βασίλειον</strong></span> <span class='ocrx_word' id='word_1_36' title='bbox 998 822 1138 901; x_wconf 82' lang='grc' dir='ltr'><strong>1ιτιιτ,ὑο</strong></span> <span class='ocrx_word' id='word_1_37' title='bbox 1157 829 1224 904; x_wconf 83' lang='lat' dir='ltr'><strong>quo</strong></span> <span class='ocrx_word' id='word_1_38' title='bbox 1244 825 1363 888; x_wconf 88' lang='lat' dir='ltr'>Petrus</span> <span class='ocrx_word' id='word_1_39' title='bbox 1390 824 1543 906; x_wconf 82' lang='lat' dir='ltr'><strong>scripsit:</strong></span> <span class='ocrx_word' id='word_1_40' title='bbox 1572 827 1673 889; x_wconf 84' lang='lat' dir='ltr'>«Vos</span> <span class='ocrx_word' id='word_1_41' title='bbox 1700 842 1751 888; x_wconf 87' lang='lat' dir='ltr'>re-</span> 
     </span>
     <span class='ocr_line' id='line_1_5' title="bbox 202 908 1753 1008; baseline 0.005 -24"><span class='ocrx_word' id='word_1_42' title='bbox 202 920 389 1007; x_wconf 84' lang='grc' dir='ltr'><strong>ίεράτευμα;</strong></span> <span class='ocrx_word' id='word_1_43' title='bbox 414 920 514 998; x_wconf 88' lang='grc' dir='ltr'><strong>Οὑτος</strong></span> <span class='ocrx_word' id='word_1_44' title='bbox 537 921 571 985; x_wconf 80' lang='grc' dir='ltr'><strong>ἐν</strong></span> <span class='ocrx_word' id='word_1_45' title='bbox 585 931 625 1006; x_wconf 79' lang='grc' dir='ltr'><strong>τῇ</strong></span> <span class='ocrx_word' id='word_1_46' title='bbox 642 908 771 1008; x_wconf 82' lang='grc' dir='ltr'><strong>δυνάμει</strong></span> <span class='ocrx_word' id='word_1_47' title='bbox 791 931 848 986; x_wconf 89' lang='grc' dir='ltr'><strong>τοῦ</strong></span> <span class='ocrx_word' id='word_1_48' title='bbox 870 922 953 990; x_wconf 84' lang='grc' dir='ltr'><strong>Θεοῦ</strong></span> <span class='ocrx_word' id='word_1_49' title='bbox 998 925 1077 1002; x_wconf 81' lang='lat' dir='ltr'>gale</span> <span class='ocrx_word' id='word_1_50' title='bbox 1089 925 1360 988; x_wconf 67' lang='lat' dir='ltr'>sacerdotium»</span> <span class='ocrx_word' id='word_1_51' title='bbox 1375 926 1500 990; x_wconf 83' lang='lat' dir='ltr'>Eccillc</span> <span class='ocrx_word' id='word_1_52' title='bbox 1513 927 1753 1008; x_wconf 77' lang='lat' dir='ltr'>quiiooirtotc</span> 
     </span>
     <span class='ocr_line' id='line_1_6' title="bbox 203 1023 1750 1112; baseline 0.004 -22"><span class='ocrx_word' id='word_1_53' title='bbox 203 1028 259 1091; x_wconf 88' lang='grc' dir='ltr'><strong>καί</strong></span> <span class='ocrx_word' id='word_1_54' title='bbox 274 1035 318 1112; x_wconf 82' lang='grc' dir='ltr'><strong>τῷ</strong></span> <span class='ocrx_word' id='word_1_55' title='bbox 334 1023 488 1110; x_wconf 78' lang='grc' dir='ltr'><strong>σωτηρίῳ,</strong></span> <span class='ocrx_word' id='word_1_56' title='bbox 511 1023 670 1092; x_wconf 83' lang='grc' dir='ltr'><strong>τουτέστιν</strong></span> <span class='ocrx_word' id='word_1_57' title='bbox 693 1025 727 1092; x_wconf 77' lang='grc' dir='ltr'><strong>ἐν</strong></span> <span class='ocrx_word' id='word_1_58' title='bbox 749 1035 793 1112; x_wconf 86' lang='grc' dir='ltr'><strong>τῷ</strong></span> <span class='ocrx_word' id='word_1_59' title='bbox 815 1026 952 1112; x_wconf 83' lang='grc' dir='ltr'><strong>Χριστῷ,</strong></span> <span class='ocrx_word' id='word_1_60' title='bbox 997 1028 1131 1092; x_wconf 76' lang='grc' dir='ltr'><strong>Βυταίαν·</strong></span> <span class='ocrx_word' id='word_1_61' title='bbox 1144 1035 1176 1095; x_wconf 78' lang='lat' dir='ltr'>et</span> <span class='ocrx_word' id='word_1_62' title='bbox 1190 1029 1226 1093; x_wconf 79' lang='lat' dir='ltr'><strong>itt</strong></span> <span class='ocrx_word' id='word_1_63' title='bbox 1240 1029 1394 1110; x_wconf 78' lang='lat' dir='ltr'>solutori,</span> <span class='ocrx_word' id='word_1_64' title='bbox 1414 1031 1449 1094; x_wconf 93' lang='lat' dir='ltr'><strong>id</strong></span> <span class='ocrx_word' id='word_1_65' title='bbox 1476 1036 1528 1096; x_wconf 88' lang='lat' dir='ltr'>est</span> <span class='ocrx_word' id='word_1_66' title='bbox 1542 1031 1578 1095; x_wconf 94' lang='lat' dir='ltr'><strong>in</strong></span> <span class='ocrx_word' id='word_1_67' title='bbox 1605 1031 1750 1112; x_wconf 79' lang='lat' dir='ltr'>Christe,</span> 
     </span>
     <span class='ocr_line' id='line_1_7' title="bbox 200 1126 1749 1218; baseline 0.005 -26"><span class='ocrx_word' id='word_1_68' title='bbox 200 1126 305 1215; x_wconf 87' lang='grc' dir='ltr'><strong>χαίρει</strong></span> <span class='ocrx_word' id='word_1_69' title='bbox 320 1131 375 1193; x_wconf 88' lang='grc' dir='ltr'><strong>καί</strong></span> <span class='ocrx_word' id='word_1_70' title='bbox 390 1128 599 1213; x_wconf 83' lang='grc' dir='ltr'><strong>εὐφραίνεται,</strong></span> <span class='ocrx_word' id='word_1_71' title='bbox 612 1130 720 1215; x_wconf 81' lang='grc' dir='ltr'><strong>ἐπειδὴ</strong></span> <span class='ocrx_word' id='word_1_72' title='bbox 737 1128 954 1195; x_wconf 65' lang='lat' dir='ltr'>testicutes</span> <span class='ocrx_word' id='word_1_73' title='bbox 997 1132 1133 1196; x_wconf 83' lang='lat' dir='ltr'>laetatur</span> <span class='ocrx_word' id='word_1_74' title='bbox 1159 1137 1194 1196; x_wconf 90' lang='lat' dir='ltr'>et</span> <span class='ocrx_word' id='word_1_75' title='bbox 1207 1133 1345 1213; x_wconf 81' lang='lat' dir='ltr'>gaudet,</span> <span class='ocrx_word' id='word_1_76' title='bbox 1370 1134 1504 1216; x_wconf 87' lang='lat' dir='ltr'>quaudo</span> <span class='ocrx_word' id='word_1_77' title='bbox 1524 1135 1663 1216; x_wconf 87' lang='lat' dir='ltr'>quidem</span> <span class='ocrx_word' id='word_1_78' title='bbox 1688 1153 1749 1218; x_wconf 89' lang='lat' dir='ltr'>per</span> 
     </span>
    </p>
   </div>
   <div class='ocr_carea' id='block_1_3' title="bbox 194 1230 1813 4448">
    <p class='ocr_par' dir='ltr' id='par_1_4' title="bbox 202 1230 1750 1320">
     <span class='ocr_line' id='line_1_8' title="bbox 202 1230 1750 1320; baseline 0.003 -22"><span class='ocrx_word' id='word_1_79' title='bbox 202 1233 322 1318; x_wconf 82' lang='grc' dir='ltr'><strong>κλῆρον</strong></span> <span class='ocrx_word' id='word_1_80' title='bbox 337 1241 395 1318; x_wconf 80' lang='grc' dir='ltr'><strong>τῆς</strong></span> <span class='ocrx_word' id='word_1_81' title='bbox 411 1230 557 1319; x_wconf 76' lang='grc' dir='ltr'><strong>εὐλογίας</strong></span> <span class='ocrx_word' id='word_1_82' title='bbox 573 1232 694 1298; x_wconf 81' lang='grc' dir='ltr'><strong>ἔλαθεν·</strong></span> <span class='ocrx_word' id='word_1_83' title='bbox 712 1231 817 1320; x_wconf 84' lang='grc' dir='ltr'><strong>χαίρει</strong></span> <span class='ocrx_word' id='word_1_84' title='bbox 832 1234 876 1316; x_wconf 78' lang='grc' dir='ltr'><strong>δὲ,</strong></span> <span class='ocrx_word' id='word_1_85' title='bbox 893 1234 953 1319; x_wconf 84' lang='grc' dir='ltr'><strong>οὑχ</strong></span> <span class='ocrx_word' id='word_1_86' title='bbox 997 1235 1148 1299; x_wconf 91' lang='lat' dir='ltr'>illumin</span> <span class='ocrx_word' id='word_1_87' title='bbox 1164 1240 1290 1301; x_wconf 81' lang='lat' dir='ltr'>sortem</span> <span class='ocrx_word' id='word_1_88' title='bbox 1314 1240 1441 1319; x_wconf 88' lang='lat' dir='ltr'>recepit</span> <span class='ocrx_word' id='word_1_89' title='bbox 1469 1238 1750 1303; x_wconf 85' lang='lat' dir='ltr'>benedictionem.</span> 
     </span>
    </p>

    <p class='ocr_par' dir='ltr' id='par_1_5' title="bbox 201 1337 1750 1426">
     <span class='ocr_line' id='line_1_9' title="bbox 201 1337 1750 1426; baseline 0.003 -24"><span class='ocrx_word' id='word_1_90' title='bbox 201 1337 244 1416; x_wconf 88' lang='grc' dir='ltr'><strong>ώς</strong></span> <span class='ocrx_word' id='word_1_91' title='bbox 259 1339 381 1424; x_wconf 79' lang='grc' dir='ltr'><strong>ἔτυχεν,</strong></span> <span class='ocrx_word' id='word_1_92' title='bbox 404 1337 489 1403; x_wconf 79' lang='grc' dir='ltr'><strong>ἀλλὰ</strong></span> <span class='ocrx_word' id='word_1_93' title='bbox 508 1339 564 1403; x_wconf 88' lang='grc' dir='ltr'><strong>καί</strong></span> <span class='ocrx_word' id='word_1_94' title='bbox 586 1337 718 1423; x_wconf 80' lang='grc' dir='ltr'><strong>σφόδρα,</strong></span> <span class='ocrx_word' id='word_1_95' title='bbox 741 1339 850 1424; x_wconf 81' lang='grc' dir='ltr'><strong>ἐπειδὴ</strong></span> <span class='ocrx_word' id='word_1_96' title='bbox 875 1340 953 1426; x_wconf 84' lang='grc' dir='ltr'><strong>ὑπὲρ</strong></span> <span class='ocrx_word' id='word_1_97' title='bbox 998 1339 1132 1404; x_wconf 79' lang='lat' dir='ltr'>Gaudet</span> <span class='ocrx_word' id='word_1_98' title='bbox 1146 1346 1271 1420; x_wconf 86' lang='lat' dir='ltr'>autem,</span> <span class='ocrx_word' id='word_1_99' title='bbox 1287 1357 1355 1404; x_wconf 93' lang='lat' dir='ltr'><strong>non</strong></span> <span class='ocrx_word' id='word_1_100' title='bbox 1376 1341 1614 1423; x_wconf 82' lang='lat' dir='ltr'>perfunctorie,</span> <span class='ocrx_word' id='word_1_101' title='bbox 1629 1341 1750 1406; x_wconf 80' lang='lat' dir='ltr'>sedoc-</span> 
     </span>
    </p>

    <p class='ocr_par' dir='ltr' id='par_1_6' title="bbox 202 1440 1750 1628">
     <span class='ocr_line' id='line_1_10' title="bbox 202 1440 1750 1528; baseline 0.001 -22"><span class='ocrx_word' id='word_1_102' title='bbox 202 1451 308 1508; x_wconf 87' lang='grc' dir='ltr'><strong>τιᾶοαν</strong></span> <span class='ocrx_word' id='word_1_103' title='bbox 321 1445 381 1528; x_wconf 80' lang='grc' dir='ltr'><strong>τὴν</strong></span> <span class='ocrx_word' id='word_1_104' title='bbox 395 1440 494 1506; x_wconf 83' lang='grc' dir='ltr'><strong>κτίσιν</strong></span> <span class='ocrx_word' id='word_1_105' title='bbox 509 1444 568 1528; x_wconf 79' lang='grc' dir='ltr'><strong>τὴν</strong></span> <span class='ocrx_word' id='word_1_106' title='bbox 583 1440 758 1527; x_wconf 75' lang='grc' dir='ltr'><strong>ἐκκλησίαν</strong></span> <span class='ocrx_word' id='word_1_107' title='bbox 771 1443 911 1523; x_wconf 81' lang='grc' dir='ltr'><strong>ἰδόξασε.</strong></span> <span class='ocrx_word' id='word_1_108' title='bbox 998 1443 1167 1525; x_wconf 76' lang='lat' dir='ltr'>dementer,</span> <span class='ocrx_word' id='word_1_109' title='bbox 1183 1463 1288 1527; x_wconf 90' lang='lat' dir='ltr'>quum</span> <span class='ocrx_word' id='word_1_110' title='bbox 1305 1463 1407 1527; x_wconf 87' lang='lat' dir='ltr'>super</span> <span class='ocrx_word' id='word_1_111' title='bbox 1417 1462 1552 1509; x_wconf 90' lang='lat' dir='ltr'>omnem</span> <span class='ocrx_word' id='word_1_112' title='bbox 1559 1450 1750 1510; x_wconf 84' lang='lat' dir='ltr'>creaturam</span> 
     </span>
     <span class='ocr_line' id='line_1_11' title="bbox 998 1549 1607 1628; baseline 0.005 -18"><span class='ocrx_word' id='word_1_113' title='bbox 998 1549 1184 1612; x_wconf 80' lang='lat' dir='ltr'>Ecclesiam</span> <span class='ocrx_word' id='word_1_114' title='bbox 1204 1567 1302 1613; x_wconf 88' lang='lat' dir='ltr'>suam</span> <span class='ocrx_word' id='word_1_115' title='bbox 1319 1551 1430 1628; x_wconf 83' lang='lat' dir='ltr'>gloria</span> <span class='ocrx_word' id='word_1_116' title='bbox 1441 1549 1607 1614; x_wconf 87' lang='lat' dir='ltr'>distinxit.</span> 
     </span>
    </p>

    <p class='ocr_par' dir='ltr' id='par_1_7' title="bbox 203 1648 1750 1840">
     <span class='ocr_line' id='line_1_12' title="bbox 245 1648 1750 1738; baseline 0.004 -23"><span class='ocrx_word' id='word_1_117' title='bbox 245 1671 278 1715; x_wconf 88' lang='lat' dir='ltr'><strong>v.</strong></span> <span class='ocrx_word' id='word_1_118' title='bbox 296 1651 325 1715; x_wconf 84' lang='grc'><strong>7.</strong></span> <span class='ocrx_word' id='word_1_119' title='bbox 342 1648 518 1735; x_wconf 82' lang='grc' dir='ltr'><strong>Εὐφρανείς</strong></span> <span class='ocrx_word' id='word_1_120' title='bbox 541 1649 638 1717; x_wconf 85' lang='grc' dir='ltr'><strong>αὑτὸν</strong></span> <span class='ocrx_word' id='word_1_121' title='bbox 652 1651 686 1717; x_wconf 83' lang='grc' dir='ltr'><strong>ἐν</strong></span> <span class='ocrx_word' id='word_1_122' title='bbox 701 1660 789 1738; x_wconf 83' lang='grc' dir='ltr'><strong>χαρᾷ</strong></span> <span class='ocrx_word' id='word_1_123' title='bbox 805 1654 885 1737; x_wconf 81' lang='grc' dir='ltr'><strong>μετὰ</strong></span> <span class='ocrx_word' id='word_1_124' title='bbox 899 1660 954 1716; x_wconf 91' lang='grc' dir='ltr'><strong>τοῦ</strong></span> <span class='ocrx_word' id='word_1_125' title='bbox 1043 1669 1075 1714; x_wconf 87' lang='grc' dir='ltr'><strong>ν.</strong></span> <span class='ocrx_word' id='word_1_126' title='bbox 1091 1652 1122 1714; x_wconf 83' lang='grc'><strong>7.</strong></span> <span class='ocrx_word' id='word_1_127' title='bbox 1137 1653 1259 1716; x_wconf 71' lang='lat' dir='ltr'>Latmo</span> <span class='ocrx_word' id='word_1_128' title='bbox 1270 1653 1369 1718; x_wconf 82' lang='grc' dir='ltr'><strong>ίίίτιητ</strong></span> <span class='ocrx_word' id='word_1_129' title='bbox 1383 1654 1421 1718; x_wconf 80' lang='lat' dir='ltr'><strong>in</strong></span> <span class='ocrx_word' id='word_1_130' title='bbox 1430 1654 1667 1737; x_wconf 70' lang='lat' dir='ltr'><strong>qoudiosacict</strong></span> <span class='ocrx_word' id='word_1_131' title='bbox 1678 1673 1750 1722; x_wconf 75' lang='lat' dir='ltr'><strong>omn</strong></span> 
     </span>
     <span class='ocr_line' id='line_1_13' title="bbox 203 1753 1171 1840; baseline 0.001 -22"><span class='ocrx_word' id='word_1_132' title='bbox 203 1753 373 1840; x_wconf 77' lang='grc' dir='ltr'><strong>προσώπου</strong></span> <span class='ocrx_word' id='word_1_133' title='bbox 388 1775 456 1819; x_wconf 91' lang='grc' dir='ltr'><strong>σου.</strong></span> <span class='ocrx_word' id='word_1_134' title='bbox 998 1755 1093 1821; x_wconf 76' lang='lat' dir='ltr'>culto</span> <span class='ocrx_word' id='word_1_135' title='bbox 1108 1759 1171 1820; x_wconf 81' lang='lat' dir='ltr'>tuo.</span> 
     </span>
    </p>

    <p class='ocr_par' dir='ltr' id='par_1_8' title="bbox 199 1853 1767 2884">
     <span class='ocr_line' id='line_1_14' title="bbox 245 1853 1749 1946; baseline 0.001 -21"><span class='ocrx_word' id='word_1_136' title='bbox 245 1853 369 1942; x_wconf 82' lang='grc' dir='ltr'><strong>Ὥσπερ</strong></span> <span class='ocrx_word' id='word_1_137' title='bbox 398 1857 461 1923; x_wconf 83' lang='grc' dir='ltr'><strong>άπὸ</strong></span> <span class='ocrx_word' id='word_1_138' title='bbox 487 1859 570 1927; x_wconf 90' lang='grc' dir='ltr'><strong>Θεοῦ</strong></span> <span class='ocrx_word' id='word_1_139' title='bbox 598 1858 723 1945; x_wconf 86' lang='grc' dir='ltr'><strong>Πατρὺς</strong></span> <span class='ocrx_word' id='word_1_140' title='bbox 750 1863 805 1926; x_wconf 84' lang='grc' dir='ltr'><strong>καί</strong></span> <span class='ocrx_word' id='word_1_141' title='bbox 834 1859 954 1946; x_wconf 87' lang='grc' dir='ltr'><strong>Κυρίου</strong></span> <span class='ocrx_word' id='word_1_142' title='bbox 1043 1861 1138 1924; x_wconf 80' lang='lat' dir='ltr'>Siout</span> <span class='ocrx_word' id='word_1_143' title='bbox 1163 1878 1185 1923; x_wconf 88' lang='lat' dir='ltr'>a</span> <span class='ocrx_word' id='word_1_144' title='bbox 1214 1861 1282 1925; x_wconf 87' lang='lat' dir='ltr'>Deo</span> <span class='ocrx_word' id='word_1_145' title='bbox 1309 1864 1409 1926; x_wconf 89' lang='lat' dir='ltr'>Patre</span> <span class='ocrx_word' id='word_1_146' title='bbox 1440 1866 1474 1925; x_wconf 92' lang='lat' dir='ltr'>et</span> <span class='ocrx_word' id='word_1_147' title='bbox 1500 1863 1643 1926; x_wconf 91' lang='lat' dir='ltr'>Domino</span> <span class='ocrx_word' id='word_1_148' title='bbox 1665 1866 1749 1927; x_wconf 87' lang='lat' dir='ltr'>Jesu</span> 
     </span>
     <span class='ocr_line' id='line_1_15' title="bbox 206 1962 1746 2052; baseline 0.001 -23"><span class='ocrx_word' id='word_1_149' title='bbox 206 1962 316 2050; x_wconf 87' lang='grc' dir='ltr'><strong>Ἰησοῦ</strong></span> <span class='ocrx_word' id='word_1_150' title='bbox 330 1963 470 2049; x_wconf 87' lang='grc' dir='ltr'><strong>Χριστοῦ</strong></span> <span class='ocrx_word' id='word_1_151' title='bbox 492 1965 573 2052; x_wconf 79' lang='grc' dir='ltr'><strong>αὑτὴ</strong></span> <span class='ocrx_word' id='word_1_152' title='bbox 589 1963 611 2048; x_wconf 80' lang='grc' dir='ltr'>ἡ</span> <span class='ocrx_word' id='word_1_153' title='bbox 628 1965 720 2052; x_wconf 91' lang='grc' dir='ltr'><strong>χάρις</strong></span> <span class='ocrx_word' id='word_1_154' title='bbox 735 1964 826 2049; x_wconf 78' lang='grc' dir='ltr'><strong>καίη</strong></span> <span class='ocrx_word' id='word_1_155' title='bbox 845 1965 953 2052; x_wconf 77' lang='grc' dir='ltr'><strong>εἰρήνη</strong></span> <span class='ocrx_word' id='word_1_156' title='bbox 999 1965 1130 2029; x_wconf 84' lang='lat' dir='ltr'>Christo</span> <span class='ocrx_word' id='word_1_157' title='bbox 1146 1965 1219 2046; x_wconf 91' lang='lat' dir='ltr'>ipsa</span> <span class='ocrx_word' id='word_1_158' title='bbox 1234 1967 1348 2043; x_wconf 76' lang='lat' dir='ltr'>gratia</span> <span class='ocrx_word' id='word_1_159' title='bbox 1367 1969 1401 2028; x_wconf 88' lang='lat' dir='ltr'>et</span> <span class='ocrx_word' id='word_1_160' title='bbox 1415 1981 1482 2047; x_wconf 83' lang='lat' dir='ltr'><strong>pax</strong></span> <span class='ocrx_word' id='word_1_161' title='bbox 1504 1965 1746 2046; x_wconf 87' lang='lat' dir='ltr'>conceduntur,</span> 
     </span>
     <span class='ocr_line' id='line_1_16' title="bbox 204 2065 1747 2153; baseline 0.001 -19"><span class='ocrx_word' id='word_1_162' title='bbox 204 2065 333 2150; x_wconf 83' lang='grc' dir='ltr'><strong>δίδοται,</strong></span> <span class='ocrx_word' id='word_1_163' title='bbox 355 2069 453 2146; x_wconf 81' lang='grc' dir='ltr'><strong>οῦτιιις</strong></span> <span class='ocrx_word' id='word_1_164' title='bbox 469 2067 532 2133; x_wconf 78' lang='grc' dir='ltr'><strong>ἀπὸ</strong></span> <span class='ocrx_word' id='word_1_165' title='bbox 548 2068 631 2134; x_wconf 87' lang='grc' dir='ltr'><strong>Θεοῦ</strong></span> <span class='ocrx_word' id='word_1_166' title='bbox 647 2070 701 2133; x_wconf 92' lang='grc' dir='ltr'><strong>καί</strong></span> <span class='ocrx_word' id='word_1_167' title='bbox 716 2077 772 2133; x_wconf 93' lang='grc' dir='ltr'><strong>τοῦ</strong></span> <span class='ocrx_word' id='word_1_168' title='bbox 785 2070 954 2153; x_wconf 80' lang='grc' dir='ltr'><strong>προσώπου</strong></span> <span class='ocrx_word' id='word_1_169' title='bbox 998 2069 1079 2132; x_wconf 89' lang='lat' dir='ltr'>itac</span> <span class='ocrx_word' id='word_1_170' title='bbox 1094 2070 1162 2133; x_wconf 90' lang='lat' dir='ltr'>Deo</span> <span class='ocrx_word' id='word_1_171' title='bbox 1174 2074 1208 2132; x_wconf 93' lang='lat' dir='ltr'>et</span> <span class='ocrx_word' id='word_1_172' title='bbox 1222 2072 1322 2133; x_wconf 89' lang='lat' dir='ltr'>vultu</span> <span class='ocrx_word' id='word_1_173' title='bbox 1334 2086 1406 2134; x_wconf 91' lang='lat' dir='ltr'>suo.</span> <span class='ocrx_word' id='word_1_174' title='bbox 1422 2072 1546 2135; x_wconf 88' lang='lat' dir='ltr'>Vultus</span> <span class='ocrx_word' id='word_1_175' title='bbox 1558 2075 1673 2135; x_wconf 85' lang='lat' dir='ltr'>autem</span> <span class='ocrx_word' id='word_1_176' title='bbox 1685 2073 1747 2136; x_wconf 92' lang='lat' dir='ltr'>Dei</span> 
     </span>
     <span class='ocr_line' id='line_1_17' title="bbox 204 2171 1749 2260; baseline 0.001 -22"><span class='ocrx_word' id='word_1_177' title='bbox 204 2171 311 2239; x_wconf 85' lang='grc' dir='ltr'><strong>αὑτοῦ.</strong></span> <span class='ocrx_word' id='word_1_178' title='bbox 333 2171 507 2257; x_wconf 83' lang='grc' dir='ltr'><strong>Πρὺσιιιπον</strong></span> <span class='ocrx_word' id='word_1_179' title='bbox 521 2173 557 2239; x_wconf 82' lang='grc' dir='ltr'><strong>δὲ</strong></span> <span class='ocrx_word' id='word_1_180' title='bbox 580 2173 663 2241; x_wconf 90' lang='grc' dir='ltr'><strong>Θεοῦ</strong></span> <span class='ocrx_word' id='word_1_181' title='bbox 679 2174 696 2237; x_wconf 85' lang='grc' dir='ltr'><strong>ὑ</strong></span> <span class='ocrx_word' id='word_1_182' title='bbox 711 2175 881 2260; x_wconf 77' lang='grc' dir='ltr'><strong>χαρακτὴρ</strong></span> <span class='ocrx_word' id='word_1_183' title='bbox 896 2183 954 2258; x_wconf 79' lang='grc' dir='ltr'><strong>τῆς</strong></span> <span class='ocrx_word' id='word_1_184' title='bbox 998 2177 1049 2236; x_wconf 89' lang='lat' dir='ltr'>est</span> <span class='ocrx_word' id='word_1_185' title='bbox 1067 2174 1241 2237; x_wconf 80' lang='lat' dir='ltr'>character</span> <span class='ocrx_word' id='word_1_186' title='bbox 1258 2173 1459 2238; x_wconf 76' lang='lat' dir='ltr'>substantia</span> <span class='ocrx_word' id='word_1_187' title='bbox 1482 2174 1565 2255; x_wconf 86' lang='lat' dir='ltr'>ejus,</span> <span class='ocrx_word' id='word_1_188' title='bbox 1584 2193 1664 2239; x_wconf 86' lang='lat' dir='ltr'><strong>oum</strong></span> <span class='ocrx_word' id='word_1_189' title='bbox 1683 2193 1749 2258; x_wconf 93' lang='lat' dir='ltr'><strong>quo</strong></span> 
     </span>
     <span class='ocr_line' id='line_1_18' title="bbox 205 2275 1751 2364; baseline 0.002 -24"><span class='ocrx_word' id='word_1_190' title='bbox 205 2275 408 2354; x_wconf 82' lang='grc' dir='ltr'><strong>ὑποστάσεως</strong></span> <span class='ocrx_word' id='word_1_191' title='bbox 429 2279 537 2360; x_wconf 89' lang='grc' dir='ltr'><strong>αὑτοῦ,</strong></span> <span class='ocrx_word' id='word_1_192' title='bbox 562 2277 630 2363; x_wconf 88' lang='grc' dir='ltr'><strong>μεθ’</strong></span> <span class='ocrx_word' id='word_1_193' title='bbox 641 2279 677 2342; x_wconf 88' lang='grc' dir='ltr'><strong>οὑ</strong></span> <span class='ocrx_word' id='word_1_194' title='bbox 700 2278 717 2343; x_wconf 86' lang='grc' dir='ltr'><strong>δ</strong></span> <span class='ocrx_word' id='word_1_195' title='bbox 741 2276 886 2364; x_wconf 87' lang='grc' dir='ltr'><strong>βασιλεὺς</strong></span> <span class='ocrx_word' id='word_1_196' title='bbox 905 2280 954 2344; x_wconf 88' lang='grc' dir='ltr'><strong>εἰτ-</strong></span> <span class='ocrx_word' id='word_1_197' title='bbox 999 2297 1058 2343; x_wconf 85' lang='lat' dir='ltr'>rex</span> <span class='ocrx_word' id='word_1_198' title='bbox 1080 2279 1224 2358; x_wconf 75' lang='lat' dir='ltr'>letatur,</span> <span class='ocrx_word' id='word_1_199' title='bbox 1247 2279 1320 2360; x_wconf 88' lang='lat' dir='ltr'>spei</span> <span class='ocrx_word' id='word_1_200' title='bbox 1343 2281 1434 2342; x_wconf 85' lang='lat' dir='ltr'>viam</span> <span class='ocrx_word' id='word_1_201' title='bbox 1458 2281 1613 2343; x_wconf 87' lang='lat' dir='ltr'>sternens</span> <span class='ocrx_word' id='word_1_202' title='bbox 1634 2296 1751 2362; x_wconf 82' lang='lat' dir='ltr'>exspe-</span> 
     </span>
     <span class='ocr_line' id='line_1_19' title="bbox 201 2377 1748 2468; baseline 0.003 -24"><span class='ocrx_word' id='word_1_203' title='bbox 201 2377 493 2466; x_wconf 83' lang='grc' dir='ltr'><strong>φραίνεται,πείραν</strong></span> <span class='ocrx_word' id='word_1_204' title='bbox 505 2390 569 2457; x_wconf 82' lang='grc' dir='ltr'><strong>τοῖς</strong></span> <span class='ocrx_word' id='word_1_205' title='bbox 581 2380 865 2466; x_wconf 88' lang='grc' dir='ltr'><strong>προσδοκουμὲνοις</strong></span> <span class='ocrx_word' id='word_1_206' title='bbox 877 2403 951 2468; x_wconf 83' lang='grc' dir='ltr'><strong>προ·</strong></span> <span class='ocrx_word' id='word_1_207' title='bbox 997 2383 1169 2446; x_wconf 80' lang='lat' dir='ltr'>stantibus</span> <span class='ocrx_word' id='word_1_208' title='bbox 1186 2400 1273 2446; x_wconf 91' lang='lat' dir='ltr'>eum.</span> <span class='ocrx_word' id='word_1_209' title='bbox 1287 2384 1350 2446; x_wconf 85' lang='lat' dir='ltr'>Vel</span> <span class='ocrx_word' id='word_1_210' title='bbox 1364 2384 1447 2463; x_wconf 90' lang='lat' dir='ltr'>quia</span> <span class='ocrx_word' id='word_1_211' title='bbox 1463 2401 1622 2448; x_wconf 88' lang='lat' dir='ltr'>unacum</span> <span class='ocrx_word' id='word_1_212' title='bbox 1637 2385 1748 2448; x_wconf 87' lang='lat' dir='ltr'>Verbo</span> 
     </span>
     <span class='ocr_line' id='line_1_20' title="bbox 201 2478 1745 2572; baseline 0.003 -25"><span class='ocrx_word' id='word_1_213' title='bbox 201 2480 335 2550; x_wconf 81' lang='grc' dir='ltr'><strong>θάλλων.</strong></span> <span class='ocrx_word' id='word_1_214' title='bbox 354 2478 400 2549; x_wconf 90' lang='grc' dir='ltr'><strong>Ἣ</strong></span> <span class='ocrx_word' id='word_1_215' title='bbox 423 2486 469 2550; x_wconf 84' lang='grc' dir='ltr'><strong>δτι</strong></span> <span class='ocrx_word' id='word_1_216' title='bbox 493 2487 573 2571; x_wconf 75' lang='grc' dir='ltr'><strong>μετὰ</strong></span> <span class='ocrx_word' id='word_1_217' title='bbox 595 2495 651 2550; x_wconf 84' lang='grc' dir='ltr'><strong>τοῦ</strong></span> <span class='ocrx_word' id='word_1_218' title='bbox 674 2485 757 2553; x_wconf 91' lang='grc' dir='ltr'><strong>Θεοῦ</strong></span> <span class='ocrx_word' id='word_1_219' title='bbox 772 2484 890 2572; x_wconf 82' lang='grc' dir='ltr'><strong>Λόγου,</strong></span> <span class='ocrx_word' id='word_1_220' title='bbox 913 2488 951 2551; x_wconf 89' lang='grc' dir='ltr'><strong>οῦ</strong></span> <span class='ocrx_word' id='word_1_221' title='bbox 996 2486 1067 2565; x_wconf 89' lang='lat' dir='ltr'>Dei,</span> <span class='ocrx_word' id='word_1_222' title='bbox 1090 2485 1199 2550; x_wconf 85' lang='lat' dir='ltr'>factus</span> <span class='ocrx_word' id='word_1_223' title='bbox 1222 2504 1283 2550; x_wconf 86' lang='lat' dir='ltr'>rex</span> <span class='ocrx_word' id='word_1_224' title='bbox 1306 2485 1456 2566; x_wconf 77' lang='lat' dir='ltr'>eJusdem</span> <span class='ocrx_word' id='word_1_225' title='bbox 1480 2489 1634 2568; x_wconf 80' lang='lat' dir='ltr'>generis,</span> <span class='ocrx_word' id='word_1_226' title='bbox 1660 2492 1745 2552; x_wconf 84' lang='lat' dir='ltr'>tem·</span> 
     </span>
     <span class='ocr_line' id='line_1_21' title="bbox 199 2577 1767 2676; baseline 0.002 -25"><span class='ocrx_word' id='word_1_227' title='bbox 199 2586 367 2673; x_wconf 84' lang='grc' dir='ltr'><strong>γενόμενος</strong></span> <span class='ocrx_word' id='word_1_228' title='bbox 382 2589 399 2653; x_wconf 88' lang='grc' dir='ltr'><strong>ὑ</strong></span> <span class='ocrx_word' id='word_1_229' title='bbox 416 2588 573 2676; x_wconf 85' lang='grc' dir='ltr'><strong>βασιλεὺς,</strong></span> <span class='ocrx_word' id='word_1_230' title='bbox 594 2591 668 2666; x_wconf 86' lang='grc' dir='ltr'><strong>ναὸς</strong></span> <span class='ocrx_word' id='word_1_231' title='bbox 684 2590 780 2654; x_wconf 84' lang='grc' dir='ltr'><strong>αὑτοῦ</strong></span> <span class='ocrx_word' id='word_1_232' title='bbox 795 2588 951 2676; x_wconf 91' lang='grc' dir='ltr'><strong>χρηματί-</strong></span> <span class='ocrx_word' id='word_1_233' title='bbox 996 2591 1091 2672; x_wconf 92' lang='lat' dir='ltr'>plum</span> <span class='ocrx_word' id='word_1_234' title='bbox 1108 2591 1169 2654; x_wconf 91' lang='lat' dir='ltr'>Dei</span> <span class='ocrx_word' id='word_1_235' title='bbox 1184 2590 1319 2670; x_wconf 88' lang='lat' dir='ltr'>dicitur,</span> <span class='ocrx_word' id='word_1_236' title='bbox 1335 2595 1370 2653; x_wconf 93' lang='lat' dir='ltr'>et</span> <span class='ocrx_word' id='word_1_237' title='bbox 1383 2591 1571 2655; x_wconf 87' lang='lat' dir='ltr'>consimilis</span> <span class='ocrx_word' id='word_1_238' title='bbox 1587 2592 1623 2655; x_wconf 93' lang='lat' dir='ltr'><strong>in</strong></span> <span class='ocrx_word' id='word_1_239' title='bbox 1638 2591 1746 2655; x_wconf 79' lang='lat' dir='ltr'>torma</span> <span class='ocrx_word' id='word_1_240' title='bbox 1765 2577 1767 2580; x_wconf 59' lang='grc'><strong>’</strong></span> 
     </span>
     <span class='ocr_line' id='line_1_22' title="bbox 200 2690 1461 2780; baseline 0.002 -24"><span class='ocrx_word' id='word_1_241' title='bbox 200 2690 257 2774; x_wconf 76' lang='grc' dir='ltr'><strong>ζει,</strong></span> <span class='ocrx_word' id='word_1_242' title='bbox 270 2694 324 2757; x_wconf 88' lang='grc' dir='ltr'><strong>καί</strong></span> <span class='ocrx_word' id='word_1_243' title='bbox 336 2693 517 2780; x_wconf 81' lang='grc' dir='ltr'><strong>σὺμμυρφος</strong></span> <span class='ocrx_word' id='word_1_244' title='bbox 530 2695 627 2758; x_wconf 85' lang='grc' dir='ltr'><strong>αὑτοῦ</strong></span> <span class='ocrx_word' id='word_1_245' title='bbox 639 2693 815 2780; x_wconf 84' lang='grc' dir='ltr'><strong>γενόμενος,</strong></span> <span class='ocrx_word' id='word_1_246' title='bbox 824 2692 952 2780; x_wconf 79' lang='grc' dir='ltr'><strong>εὑφραί·</strong></span> <span class='ocrx_word' id='word_1_247' title='bbox 998 2695 1122 2760; x_wconf 89' lang='lat' dir='ltr'>idcirco</span> <span class='ocrx_word' id='word_1_248' title='bbox 1138 2695 1266 2775; x_wconf 78' lang='lat' dir='ltr'>gaudet</span> <span class='ocrx_word' id='word_1_249' title='bbox 1281 2695 1317 2761; x_wconf 91' lang='lat' dir='ltr'><strong>in</strong></span> <span class='ocrx_word' id='word_1_250' title='bbox 1332 2695 1461 2759; x_wconf 84' lang='lat' dir='ltr'>laetitie.</span> 
     </span>
     <span class='ocr_line' id='line_1_23' title="bbox 200 2795 449 2884; baseline 0.008 -25"><span class='ocrx_word' id='word_1_251' title='bbox 200 2814 287 2860; x_wconf 78' lang='lat' dir='ltr'>vacco</span> <span class='ocrx_word' id='word_1_252' title='bbox 302 2795 338 2861; x_wconf 80' lang='grc' dir='ltr'><strong>ἒν</strong></span> <span class='ocrx_word' id='word_1_253' title='bbox 352 2805 449 2884; x_wconf 77' lang='grc' dir='ltr'><strong>χαρᾷ.</strong></span> 
     </span>
    </p>

    <p class='ocr_par' dir='ltr' id='par_1_9' title="bbox 199 2898 1747 3193">
     <span class='ocr_line' id='line_1_24' title="bbox 241 2898 1745 2991; baseline 0.003 -28"><span class='ocrx_word' id='word_1_254' title='bbox 241 2917 274 2964; x_wconf 85' lang='grc' dir='ltr'><strong>ν.</strong></span> <span class='ocrx_word' id='word_1_255' title='bbox 291 2902 321 2965; x_wconf 88' lang='grc'><strong>9.</strong></span> <span class='ocrx_word' id='word_1_256' title='bbox 338 2898 490 2985; x_wconf 84' lang='grc' dir='ltr'><strong>Εὑρεθείη</strong></span> <span class='ocrx_word' id='word_1_257' title='bbox 505 2898 527 2984; x_wconf 75' lang='grc' dir='ltr'><strong>ἡ</strong></span> <span class='ocrx_word' id='word_1_258' title='bbox 543 2900 612 2987; x_wconf 88' lang='grc' dir='ltr'><strong>χείρ</strong></span> <span class='ocrx_word' id='word_1_259' title='bbox 629 2923 686 2969; x_wconf 90' lang='grc' dir='ltr'><strong>σου</strong></span> <span class='ocrx_word' id='word_1_260' title='bbox 708 2912 785 2968; x_wconf 83' lang='grc' dir='ltr'><strong>πᾶσι</strong></span> <span class='ocrx_word' id='word_1_261' title='bbox 807 2912 872 2982; x_wconf 86' lang='grc' dir='ltr'><strong>τοίς</strong></span> <span class='ocrx_word' id='word_1_262' title='bbox 894 2904 949 2991; x_wconf 77' lang='grc' dir='ltr'><strong>ἐχ·</strong></span> <span class='ocrx_word' id='word_1_263' title='bbox 975 2957 985 2980; x_wconf 78' lang='grc'><strong>.</strong></span> <span class='ocrx_word' id='word_1_264' title='bbox 1038 2921 1070 2966; x_wconf 83' lang='lat' dir='ltr'><strong>v.</strong></span> <span class='ocrx_word' id='word_1_265' title='bbox 1087 2903 1319 2968; x_wconf 73' lang='lat' dir='ltr'>eJacentctcr</span> <span class='ocrx_word' id='word_1_266' title='bbox 1333 2907 1514 2968; x_wconf 75' lang='grc' dir='ltr'><strong>κνῦτττισίτιῦ</strong></span> <span class='ocrx_word' id='word_1_267' title='bbox 1528 2903 1745 2970; x_wconf 65' lang='lat' dir='ltr'>occiderint-</span> 
     </span>
     <span class='ocr_line' id='line_1_25' title="bbox 199 3002 1747 3092; baseline 0 -23"><span class='ocrx_word' id='word_1_268' title='bbox 199 3002 283 3087; x_wconf 89' lang='grc' dir='ltr'><strong>θροίς</strong></span> <span class='ocrx_word' id='word_1_269' title='bbox 306 3025 373 3087; x_wconf 93' lang='grc' dir='ltr'><strong>σου,</strong></span> <span class='ocrx_word' id='word_1_270' title='bbox 396 3003 419 3089; x_wconf 74' lang='grc' dir='ltr'>ἡ</span> <span class='ocrx_word' id='word_1_271' title='bbox 442 3005 527 3084; x_wconf 80' lang='grc' dir='ltr'><strong>δεξιά</strong></span> <span class='ocrx_word' id='word_1_272' title='bbox 550 3027 607 3071; x_wconf 88' lang='grc' dir='ltr'><strong>σου</strong></span> <span class='ocrx_word' id='word_1_273' title='bbox 630 3009 716 3092; x_wconf 88' lang='grc' dir='ltr'><strong>εὑροι</strong></span> <span class='ocrx_word' id='word_1_274' title='bbox 729 3008 851 3086; x_wconf 86' lang='grc' dir='ltr'><strong>πάντας</strong></span> <span class='ocrx_word' id='word_1_275' title='bbox 874 3011 947 3085; x_wconf 92' lang='grc' dir='ltr'><strong>τοὺς</strong></span> <span class='ocrx_word' id='word_1_276' title='bbox 992 3007 1088 3072; x_wconf 78' lang='lat' dir='ltr'>micis</span> <span class='ocrx_word' id='word_1_277' title='bbox 1102 3007 1180 3086; x_wconf 77' lang='lat' dir='ltr'>tois,</span> <span class='ocrx_word' id='word_1_278' title='bbox 1194 3006 1326 3072; x_wconf 67' lang='lat' dir='ltr'>dextero</span> <span class='ocrx_word' id='word_1_279' title='bbox 1340 3006 1747 3088; x_wconf 60' lang='lat' dir='ltr'>rudimentorumque·</span> 
     </span>
     <span class='ocr_line' id='line_1_26' title="bbox 201 3109 1176 3193; baseline 0.001 -22"><span class='ocrx_word' id='word_1_280' title='bbox 201 3109 368 3193; x_wconf 74' lang='grc' dir='ltr'><strong>μισοῦντας</strong></span> <span class='ocrx_word' id='word_1_281' title='bbox 384 3131 429 3174; x_wconf 87' lang='grc' dir='ltr'><strong>σε.</strong></span> <span class='ocrx_word' id='word_1_282' title='bbox 739 3155 741 3164; x_wconf 45' lang='grc' dir='ltr'><strong>ι</strong></span> <span class='ocrx_word' id='word_1_283' title='bbox 992 3110 1126 3175; x_wconf 65' lang='lat' dir='ltr'>comae</span> <span class='ocrx_word' id='word_1_284' title='bbox 1137 3114 1176 3175; x_wconf 82' lang='lat' dir='ltr'><strong>te.</strong></span> 
     </span>
    </p>

    <p class='ocr_par' dir='ltr' id='par_1_10' title="bbox 194 3213 1813 4448">
     <span class='ocr_line' id='line_1_27' title="bbox 239 3213 1745 3303; baseline -0.001 -24"><span class='ocrx_word' id='word_1_285' title='bbox 239 3213 350 3293; x_wconf 79' lang='grc' dir='ltr'><strong>Δεξιάν</strong></span> <span class='ocrx_word' id='word_1_286' title='bbox 364 3223 459 3301; x_wconf 84' lang='grc' dir='ltr'><strong>χεῖρα</strong></span> <span class='ocrx_word' id='word_1_287' title='bbox 474 3217 532 3301; x_wconf 82' lang='grc' dir='ltr'><strong>την</strong></span> <span class='ocrx_word' id='word_1_288' title='bbox 547 3213 698 3301; x_wconf 76' lang='grc' dir='ltr'><strong>ἐργασίαν</strong></span> <span class='ocrx_word' id='word_1_289' title='bbox 713 3216 815 3282; x_wconf 81' lang='grc' dir='ltr'><strong>καλεῖ.</strong></span> <span class='ocrx_word' id='word_1_290' title='bbox 837 3215 946 3303; x_wconf 77' lang='grc' dir='ltr'><strong>οἱμὲν</strong></span> <span class='ocrx_word' id='word_1_291' title='bbox 1035 3215 1216 3277; x_wconf 78' lang='lat' dir='ltr'>Dexterom</span> <span class='ocrx_word' id='word_1_292' title='bbox 1243 3231 1384 3276; x_wconf 83' lang='lat' dir='ltr'>manum</span> <span class='ocrx_word' id='word_1_293' title='bbox 1411 3218 1513 3276; x_wconf 88' lang='lat' dir='ltr'>vocat</span> <span class='ocrx_word' id='word_1_294' title='bbox 1535 3231 1620 3295; x_wconf 89' lang='lat' dir='ltr'>opus</span> <span class='ocrx_word' id='word_1_295' title='bbox 1650 3232 1745 3296; x_wconf 87' lang='lat' dir='ltr'>pera-</span> 
     </span>
     <span class='ocr_line' id='line_1_28' title="bbox 196 3315 1745 3404; baseline 0.001 -24"><span class='ocrx_word' id='word_1_296' title='bbox 196 3315 303 3403; x_wconf 82' lang='grc' dir='ltr'><strong>ἰχθροί</strong></span> <span class='ocrx_word' id='word_1_297' title='bbox 323 3329 379 3384; x_wconf 92' lang='grc' dir='ltr'><strong>τοῦ</strong></span> <span class='ocrx_word' id='word_1_298' title='bbox 396 3318 479 3386; x_wconf 91' lang='grc' dir='ltr'><strong>Θεοῦ</strong></span> <span class='ocrx_word' id='word_1_299' title='bbox 498 3317 693 3403; x_wconf 80' lang='grc' dir='ltr'><strong>εὑρίσκουσιν</strong></span> <span class='ocrx_word' id='word_1_300' title='bbox 716 3319 833 3404; x_wconf 76' lang='grc' dir='ltr'><strong>αὑτήν·</strong></span> <span class='ocrx_word' id='word_1_301' title='bbox 857 3320 887 3386; x_wconf 88' lang='grc' dir='ltr'><strong>οἱ</strong></span> <span class='ocrx_word' id='word_1_302' title='bbox 909 3322 945 3386; x_wconf 84' lang='grc' dir='ltr'><strong>δὲ</strong></span> <span class='ocrx_word' id='word_1_303' title='bbox 991 3323 1094 3379; x_wconf 93' lang='lat' dir='ltr'>ctum.</span> <span class='ocrx_word' id='word_1_304' title='bbox 1121 3316 1288 3397; x_wconf 84' lang='lat' dir='ltr'>Equidem</span> <span class='ocrx_word' id='word_1_305' title='bbox 1316 3317 1447 3381; x_wconf 90' lang='lat' dir='ltr'>inimici</span> <span class='ocrx_word' id='word_1_306' title='bbox 1478 3319 1539 3381; x_wconf 90' lang='lat' dir='ltr'>Dei</span> <span class='ocrx_word' id='word_1_307' title='bbox 1563 3319 1745 3382; x_wconf 89' lang='lat' dir='ltr'>inveniunt</span> 
     </span>
     <span class='ocr_line' id='line_1_29' title="bbox 199 3420 1742 3508; baseline -0.001 -22"><span class='ocrx_word' id='word_1_308' title='bbox 199 3431 360 3506; x_wconf 85' lang='grc' dir='ltr'><strong>μισοῦντες</strong></span> <span class='ocrx_word' id='word_1_309' title='bbox 391 3424 497 3506; x_wconf 82' lang='grc' dir='ltr'><strong>αὑτὸν,</strong></span> <span class='ocrx_word' id='word_1_310' title='bbox 528 3423 725 3508; x_wconf 89' lang='grc' dir='ltr'><strong>εὑρίσκονται</strong></span> <span class='ocrx_word' id='word_1_311' title='bbox 754 3423 807 3489; x_wconf 88' lang='grc' dir='ltr'><strong>ὑπ’</strong></span> <span class='ocrx_word' id='word_1_312' title='bbox 836 3424 943 3489; x_wconf 86' lang='grc' dir='ltr'><strong>αὑτοῦ.</strong></span> <span class='ocrx_word' id='word_1_313' title='bbox 990 3437 1081 3501; x_wconf 83' lang='lat' dir='ltr'>eem3</span> <span class='ocrx_word' id='word_1_314' title='bbox 1097 3421 1248 3500; x_wconf 89' lang='lat' dir='ltr'>quivero</span> <span class='ocrx_word' id='word_1_315' title='bbox 1260 3420 1404 3483; x_wconf 86' lang='lat' dir='ltr'>oderunt</span> <span class='ocrx_word' id='word_1_316' title='bbox 1416 3439 1505 3500; x_wconf 87' lang='lat' dir='ltr'>eum,</span> <span class='ocrx_word' id='word_1_317' title='bbox 1518 3422 1742 3485; x_wconf 87' lang='lat' dir='ltr'>inveniuntur</span> 
     </span>
     <span class='ocr_line' id='line_1_30' title="bbox 196 3523 1741 3614; baseline 0.002 -24"><span class='ocrx_word' id='word_1_318' title='bbox 196 3525 261 3590; x_wconf 75' lang='grc' dir='ltr'><strong>Καὶ</strong></span> <span class='ocrx_word' id='word_1_319' title='bbox 275 3526 328 3592; x_wconf 79' lang='grc' dir='ltr'><strong>διὰ</strong></span> <span class='ocrx_word' id='word_1_320' title='bbox 344 3528 399 3612; x_wconf 75' lang='grc' dir='ltr'><strong>μὲν</strong></span> <span class='ocrx_word' id='word_1_321' title='bbox 411 3537 467 3591; x_wconf 84' lang='grc' dir='ltr'><strong>τοῦ</strong></span> <span class='ocrx_word' id='word_1_322' title='bbox 482 3527 578 3614; x_wconf 82' lang='grc' dir='ltr'><strong>νόμου</strong></span> <span class='ocrx_word' id='word_1_323' title='bbox 591 3524 776 3612; x_wconf 80' lang='grc' dir='ltr'><strong>εὑρίσκομεν</strong></span> <span class='ocrx_word' id='word_1_324' title='bbox 786 3529 840 3593; x_wconf 80' lang='grc' dir='ltr'><strong>τὸν</strong></span> <span class='ocrx_word' id='word_1_325' title='bbox 851 3527 943 3612; x_wconf 81' lang='grc' dir='ltr'><strong>Θεὸν,</strong></span> <span class='ocrx_word' id='word_1_326' title='bbox 988 3523 1032 3585; x_wconf 79' lang='lat' dir='ltr'><strong>ab</strong></span> <span class='ocrx_word' id='word_1_327' title='bbox 1047 3541 1096 3586; x_wconf 82' lang='lat' dir='ltr'>eo.</span> <span class='ocrx_word' id='word_1_328' title='bbox 1109 3525 1196 3586; x_wconf 81' lang='lat' dir='ltr'>sane</span> <span class='ocrx_word' id='word_1_329' title='bbox 1211 3541 1271 3606; x_wconf 86' lang='lat' dir='ltr'>per</span> <span class='ocrx_word' id='word_1_330' title='bbox 1282 3524 1395 3602; x_wconf 77' lang='lat' dir='ltr'>legem</span> <span class='ocrx_word' id='word_1_331' title='bbox 1410 3526 1519 3588; x_wconf 87' lang='lat' dir='ltr'>Deum</span> <span class='ocrx_word' id='word_1_332' title='bbox 1535 3526 1741 3605; x_wconf 83' lang='lat' dir='ltr'>invenimus,</span> 
     </span>
     <span class='ocr_line' id='line_1_31' title="bbox 195 3627 1741 3718; baseline -0.001 -24"><span class='ocrx_word' id='word_1_333' title='bbox 195 3629 247 3694; x_wconf 87' lang='grc' dir='ltr'><strong>διδι</strong></span> <span class='ocrx_word' id='word_1_334' title='bbox 262 3630 298 3696; x_wconf 76' lang='grc' dir='ltr'><strong>δὲ</strong></span> <span class='ocrx_word' id='word_1_335' title='bbox 312 3639 374 3696; x_wconf 86' lang='grc' dir='ltr'><strong>τών</strong></span> <span class='ocrx_word' id='word_1_336' title='bbox 386 3629 578 3717; x_wconf 81' lang='grc' dir='ltr'><strong>εὐαγγελίων</strong></span> <span class='ocrx_word' id='word_1_337' title='bbox 594 3630 802 3718; x_wconf 79' lang='grc' dir='ltr'><strong>εὑρισκόμεθα</strong></span> <span class='ocrx_word' id='word_1_338' title='bbox 814 3631 874 3696; x_wconf 84' lang='grc' dir='ltr'><strong>ὑπὸ</strong></span> <span class='ocrx_word' id='word_1_339' title='bbox 890 3632 944 3696; x_wconf 87' lang='grc' dir='ltr'><strong>αἰτ-</strong></span> <span class='ocrx_word' id='word_1_340' title='bbox 987 3627 1046 3692; x_wconf 88' lang='lat' dir='ltr'>sed</span> <span class='ocrx_word' id='word_1_341' title='bbox 1061 3644 1123 3709; x_wconf 87' lang='lat' dir='ltr'>per</span> <span class='ocrx_word' id='word_1_342' title='bbox 1137 3628 1328 3707; x_wconf 81' lang='lat' dir='ltr'>evangelio,</span> <span class='ocrx_word' id='word_1_343' title='bbox 1347 3627 1390 3692; x_wconf 88' lang='lat' dir='ltr'><strong>ab</strong></span> <span class='ocrx_word' id='word_1_344' title='bbox 1407 3645 1445 3692; x_wconf 91' lang='lat' dir='ltr'>eo</span> <span class='ocrx_word' id='word_1_345' title='bbox 1465 3630 1662 3710; x_wconf 88' lang='lat' dir='ltr'>reperimur,</span> <span class='ocrx_word' id='word_1_346' title='bbox 1679 3645 1741 3692; x_wconf 90' lang='lat' dir='ltr'><strong>nos</strong></span> 
     </span>
     <span class='ocr_line' id='line_1_32' title="bbox 195 3730 1743 3820; baseline -0.001 -24"><span class='ocrx_word' id='word_1_347' title='bbox 195 3741 263 3814; x_wconf 87' lang='grc' dir='ltr'><strong>τοῦ,</strong></span> <span class='ocrx_word' id='word_1_348' title='bbox 286 3733 394 3820; x_wconf 77' lang='grc' dir='ltr'><strong>ἐχθροί</strong></span> <span class='ocrx_word' id='word_1_349' title='bbox 417 3735 504 3812; x_wconf 88' lang='grc' dir='ltr'><strong>ὑντες</strong></span> <span class='ocrx_word' id='word_1_350' title='bbox 520 3733 682 3820; x_wconf 81' lang='grc' dir='ltr'><strong>πρότερον,</strong></span> <span class='ocrx_word' id='word_1_351' title='bbox 705 3736 761 3800; x_wconf 85' lang='grc' dir='ltr'><strong>καί</strong></span> <span class='ocrx_word' id='word_1_352' title='bbox 780 3732 861 3814; x_wconf 78' lang='grc' dir='ltr'><strong>ξένοι</strong></span> <span class='ocrx_word' id='word_1_353' title='bbox 884 3743 946 3800; x_wconf 84' lang='grc' dir='ltr'><strong>τών</strong></span> <span class='ocrx_word' id='word_1_354' title='bbox 989 3733 1049 3812; x_wconf 90' lang='lat' dir='ltr'><strong>qui</strong></span> <span class='ocrx_word' id='word_1_355' title='bbox 1061 3731 1156 3812; x_wconf 89' lang='lat' dir='ltr'>prius</span> <span class='ocrx_word' id='word_1_356' title='bbox 1171 3730 1303 3794; x_wconf 88' lang='lat' dir='ltr'>inimici</span> <span class='ocrx_word' id='word_1_357' title='bbox 1316 3735 1349 3794; x_wconf 94' lang='lat' dir='ltr'>et</span> <span class='ocrx_word' id='word_1_358' title='bbox 1364 3732 1513 3813; x_wconf 88' lang='lat' dir='ltr'>hospites</span> <span class='ocrx_word' id='word_1_359' title='bbox 1525 3735 1743 3795; x_wconf 87' lang='lat' dir='ltr'>testamento·</span> 
     </span>
     <span class='ocr_line' id='line_1_33' title="bbox 195 3835 1743 3929; baseline -0.003 -27"><span class='ocrx_word' id='word_1_360' title='bbox 195 3836 355 3923; x_wconf 84' lang='grc' dir='ltr'><strong>διαθηκῶν</strong></span> <span class='ocrx_word' id='word_1_361' title='bbox 371 3851 427 3906; x_wconf 92' lang='grc' dir='ltr'><strong>τοῦ</strong></span> <span class='ocrx_word' id='word_1_362' title='bbox 442 3841 535 3926; x_wconf 89' lang='grc' dir='ltr'><strong>Θεοῦ,</strong></span> <span class='ocrx_word' id='word_1_363' title='bbox 552 3841 665 3907; x_wconf 83' lang='grc' dir='ltr'><strong>ἐλπίδα</strong></span> <span class='ocrx_word' id='word_1_364' title='bbox 688 3844 731 3929; x_wconf 81' lang='grc' dir='ltr'><strong>μη</strong></span> <span class='ocrx_word' id='word_1_365' title='bbox 748 3844 876 3929; x_wconf 80' lang='grc' dir='ltr'><strong>ἔχοντες</strong></span> <span class='ocrx_word' id='word_1_366' title='bbox 890 3844 946 3908; x_wconf 86' lang='grc' dir='ltr'><strong>καί</strong></span> <span class='ocrx_word' id='word_1_367' title='bbox 990 3854 1076 3916; x_wconf 87' lang='lat' dir='ltr'>rum,</span> <span class='ocrx_word' id='word_1_368' title='bbox 1089 3836 1151 3900; x_wconf 91' lang='lat' dir='ltr'>Dei</span> <span class='ocrx_word' id='word_1_369' title='bbox 1165 3852 1258 3916; x_wconf 88' lang='lat' dir='ltr'>spem</span> <span class='ocrx_word' id='word_1_370' title='bbox 1271 3851 1339 3898; x_wconf 93' lang='lat' dir='ltr'><strong>non</strong></span> <span class='ocrx_word' id='word_1_371' title='bbox 1352 3835 1525 3915; x_wconf 65' lang='lat' dir='ltr'>habentes</span> <span class='ocrx_word' id='word_1_372' title='bbox 1542 3839 1576 3898; x_wconf 91' lang='lat' dir='ltr'>et</span> <span class='ocrx_word' id='word_1_373' title='bbox 1587 3836 1660 3899; x_wconf 88' lang='lat' dir='ltr'>sine</span> <span class='ocrx_word' id='word_1_374' title='bbox 1673 3837 1743 3898; x_wconf 90' lang='lat' dir='ltr'>Deo</span> 
     </span>
     <span class='ocr_line' id='line_1_34' title="bbox 198 3937 1743 4031; baseline -0.005 -20"><span class='ocrx_word' id='word_1_375' title='bbox 198 3940 286 4009; x_wconf 82' lang='grc' dir='ltr'><strong>ἄθεοι</strong></span> <span class='ocrx_word' id='word_1_376' title='bbox 300 3944 334 4008; x_wconf 82' lang='grc' dir='ltr'><strong>ἰν</strong></span> <span class='ocrx_word' id='word_1_377' title='bbox 349 3953 393 4030; x_wconf 83' lang='grc' dir='ltr'><strong>τῷ</strong></span> <span class='ocrx_word' id='word_1_378' title='bbox 408 3939 527 4031; x_wconf 82' lang='grc' dir='ltr'><strong>κόσμὶμ.</strong></span> <span class='ocrx_word' id='word_1_379' title='bbox 543 3937 589 4010; x_wconf 79' lang='grc' dir='ltr'><em>Ἠ</em></span> <span class='ocrx_word' id='word_1_380' title='bbox 605 3949 713 4030; x_wconf 85' lang='grc' dir='ltr'><strong>οῦτως,</strong></span> <span class='ocrx_word' id='word_1_381' title='bbox 725 3945 777 4031; x_wconf 80' lang='grc' dir='ltr'><strong>ἐφ’</strong></span> <span class='ocrx_word' id='word_1_382' title='bbox 787 3947 862 4013; x_wconf 81' lang='grc' dir='ltr'><strong>ὅσον</strong></span> <span class='ocrx_word' id='word_1_383' title='bbox 872 3949 945 4024; x_wconf 74' lang='grc' dir='ltr'><strong>τοὺς</strong></span> <span class='ocrx_word' id='word_1_384' title='bbox 989 3941 1026 4003; x_wconf 89' lang='lat' dir='ltr'><strong>in</strong></span> <span class='ocrx_word' id='word_1_385' title='bbox 1041 3942 1104 4004; x_wconf 90' lang='lat' dir='ltr'><strong>hoo</strong></span> <span class='ocrx_word' id='word_1_386' title='bbox 1116 3939 1243 4004; x_wconf 91' lang='lat' dir='ltr'>mundo</span> <span class='ocrx_word' id='word_1_387' title='bbox 1256 3956 1400 4003; x_wconf 84' lang='lat' dir='ltr'>eramus.</span> <span class='ocrx_word' id='word_1_388' title='bbox 1413 3938 1475 4002; x_wconf 87' lang='lat' dir='ltr'>Vel</span> <span class='ocrx_word' id='word_1_389' title='bbox 1488 3939 1547 4019; x_wconf 89' lang='lat' dir='ltr'>sic,</span> <span class='ocrx_word' id='word_1_390' title='bbox 1560 3945 1743 4020; x_wconf 88' lang='lat' dir='ltr'>quantum·</span> 
     </span>
     <span class='ocr_line' id='line_1_35' title="bbox 197 4044 1742 4134; baseline -0.001 -24"><span class='ocrx_word' id='word_1_391' title='bbox 197 4047 271 4125; x_wconf 86' lang='grc' dir='ltr'><strong>σοὺς</strong></span> <span class='ocrx_word' id='word_1_392' title='bbox 293 4045 427 4126; x_wconf 85' lang='grc' dir='ltr'><strong>οἰκείους</strong></span> <span class='ocrx_word' id='word_1_393' title='bbox 450 4049 555 4133; x_wconf 81' lang='grc' dir='ltr'><strong>ὥσπερ</strong></span> <span class='ocrx_word' id='word_1_394' title='bbox 578 4047 717 4134; x_wconf 79' lang='grc' dir='ltr'><strong>ἀθλητάς</strong></span> <span class='ocrx_word' id='word_1_395' title='bbox 739 4049 859 4115; x_wconf 87' lang='grc' dir='ltr'><strong>δίδοται</strong></span> <span class='ocrx_word' id='word_1_396' title='bbox 879 4071 946 4117; x_wconf 86' lang='grc' dir='ltr'><strong>πει·</strong></span> <span class='ocrx_word' id='word_1_397' title='bbox 989 4047 1043 4110; x_wconf 88' lang='lat' dir='ltr'><strong>vis</strong></span> <span class='ocrx_word' id='word_1_398' title='bbox 1067 4045 1210 4127; x_wconf 85' lang='lat' dir='ltr'>probare</span> <span class='ocrx_word' id='word_1_399' title='bbox 1233 4045 1324 4108; x_wconf 88' lang='lat' dir='ltr'>sicut</span> <span class='ocrx_word' id='word_1_400' title='bbox 1349 4044 1496 4107; x_wconf 87' lang='lat' dir='ltr'>athletas</span> <span class='ocrx_word' id='word_1_401' title='bbox 1522 4048 1600 4107; x_wconf 88' lang='lat' dir='ltr'>tuos</span> <span class='ocrx_word' id='word_1_402' title='bbox 1627 4061 1742 4108; x_wconf 86' lang='lat' dir='ltr'>servos</span> 
     </span>
     <span class='ocr_line' id='line_1_36' title="bbox 196 4147 1738 4241; baseline -0.001 -27"><span class='ocrx_word' id='word_1_403' title='bbox 196 4147 302 4232; x_wconf 76' lang='grc' dir='ltr'><strong>ράζειν</strong></span> <span class='ocrx_word' id='word_1_404' title='bbox 324 4160 388 4230; x_wconf 89' lang='grc' dir='ltr'><strong>τοῖς</strong></span> <span class='ocrx_word' id='word_1_405' title='bbox 412 4162 478 4230; x_wconf 85' lang='grc' dir='ltr'><strong>σοῖς</strong></span> <span class='ocrx_word' id='word_1_406' title='bbox 500 4152 625 4240; x_wconf 81' lang='grc' dir='ltr'><strong>ἐχθροῖς</strong></span> <span class='ocrx_word' id='word_1_407' title='bbox 647 4155 941 4241; x_wconf 83' lang='grc' dir='ltr'><strong>κατεπαιρομένοις,</strong></span> <span class='ocrx_word' id='word_1_408' title='bbox 988 4149 1193 4215; x_wconf 86' lang='lat' dir='ltr'>concedutur</span> <span class='ocrx_word' id='word_1_409' title='bbox 1203 4149 1357 4213; x_wconf 86' lang='lat' dir='ltr'>hostibus</span> <span class='ocrx_word' id='word_1_410' title='bbox 1368 4149 1438 4212; x_wconf 91' lang='lat' dir='ltr'>tuis</span> <span class='ocrx_word' id='word_1_411' title='bbox 1450 4149 1738 4230; x_wconf 87' lang='lat' dir='ltr'>superbientibus,</span> 
     </span>
     <span class='ocr_line' id='line_1_37' title="bbox 194 4251 1813 4346; baseline 0.001 -29"><span class='ocrx_word' id='word_1_412' title='bbox 194 4251 337 4320; x_wconf 83' lang='grc' dir='ltr'><strong>ἀλλὀὐκ</strong></span> <span class='ocrx_word' id='word_1_413' title='bbox 352 4258 396 4333; x_wconf 88' lang='grc' dir='ltr'><strong>εἰς</strong></span> <span class='ocrx_word' id='word_1_414' title='bbox 408 4257 532 4343; x_wconf 82' lang='grc' dir='ltr'><strong>μακράν</strong></span> <span class='ocrx_word' id='word_1_415' title='bbox 547 4257 569 4344; x_wconf 78' lang='grc' dir='ltr'>ἡ</span> <span class='ocrx_word' id='word_1_416' title='bbox 586 4261 627 4344; x_wconf 81' lang='grc' dir='ltr'><strong>οη</strong></span> <span class='ocrx_word' id='word_1_417' title='bbox 644 4261 713 4346; x_wconf 92' lang='grc' dir='ltr'><strong>χείρ</strong></span> <span class='ocrx_word' id='word_1_418' title='bbox 724 4258 945 4344; x_wconf 78' lang='grc' dir='ltr'><strong>καταλήψεται</strong></span> <span class='ocrx_word' id='word_1_419' title='bbox 988 4255 1047 4319; x_wconf 88' lang='lat' dir='ltr'>sed</span> <span class='ocrx_word' id='word_1_420' title='bbox 1062 4271 1131 4317; x_wconf 92' lang='lat' dir='ltr'><strong>non</strong></span> <span class='ocrx_word' id='word_1_421' title='bbox 1146 4252 1206 4317; x_wconf 91' lang='lat' dir='ltr'><strong>diu</strong></span> <span class='ocrx_word' id='word_1_422' title='bbox 1222 4257 1338 4334; x_wconf 86' lang='lat' dir='ltr'>postea</span> <span class='ocrx_word' id='word_1_423' title='bbox 1360 4270 1483 4316; x_wconf 87' lang='lat' dir='ltr'>manus</span> <span class='ocrx_word' id='word_1_424' title='bbox 1506 4257 1567 4316; x_wconf 89' lang='lat' dir='ltr'><strong>tua</strong></span> <span class='ocrx_word' id='word_1_425' title='bbox 1593 4270 1743 4334; x_wconf 87' lang='lat' dir='ltr'>compre·</span> <span class='ocrx_word' id='word_1_426' title='bbox 1811 4313 1813 4318; x_wconf 89' lang='lat'><em>.</em></span> 
     </span>
     <span class='ocr_line' id='line_1_38' title="bbox 194 4358 1741 4448; baseline -0.001 -26"><span class='ocrx_word' id='word_1_427' title='bbox 194 4358 287 4445; x_wconf 80' lang='grc' dir='ltr'><strong>καὶὴ</strong></span> <span class='ocrx_word' id='word_1_428' title='bbox 304 4363 344 4447; x_wconf 83' lang='grc' dir='ltr'><strong>ση</strong></span> <span class='ocrx_word' id='word_1_429' title='bbox 361 4360 515 4446; x_wconf 83' lang='grc' dir='ltr'><strong>θηρεύσει</strong></span> <span class='ocrx_word' id='word_1_430' title='bbox 529 4361 813 4448; x_wconf 83' lang='grc' dir='ltr'><strong>ρεῦγονταςδεξιά.</strong></span> <span class='ocrx_word' id='word_1_431' title='bbox 829 4361 895 4428; x_wconf 88' lang='grc' dir='ltr'><strong>Καί</strong></span> <span class='ocrx_word' id='word_1_432' title='bbox 914 4362 944 4428; x_wconf 90' lang='grc' dir='ltr'><strong>τί</strong></span> <span class='ocrx_word' id='word_1_433' title='bbox 987 4360 1114 4424; x_wconf 90' lang='lat' dir='ltr'>hendet</span> <span class='ocrx_word' id='word_1_434' title='bbox 1128 4377 1195 4439; x_wconf 85' lang='lat' dir='ltr'>eos,</span> <span class='ocrx_word' id='word_1_435' title='bbox 1212 4363 1246 4423; x_wconf 92' lang='lat' dir='ltr'>et</span> <span class='ocrx_word' id='word_1_436' title='bbox 1260 4360 1399 4423; x_wconf 80' lang='lat' dir='ltr'>dextera</span> <span class='ocrx_word' id='word_1_437' title='bbox 1413 4363 1483 4440; x_wconf 89' lang='lat' dir='ltr'>tua,</span> <span class='ocrx_word' id='word_1_438' title='bbox 1494 4360 1627 4424; x_wconf 90' lang='lat' dir='ltr'>etiamsi</span> <span class='ocrx_word' id='word_1_439' title='bbox 1643 4358 1741 4437; x_wconf 83' lang='lat' dir='ltr'>fuge·</span> 
     </span>
    </p>
   </div>
   <div class='ocr_carea' id='block_1_4' title="bbox 84 4462 1737 4554">
    <p class='ocr_par' dir='ltr' id='par_1_11' title="bbox 84 4462 1737 4554">
     <span class='ocr_line' id='line_1_39' title="bbox 84 4462 1737 4554; baseline -0.001 -28"><span class='ocrx_word' id='word_1_440' title='bbox 84 4469 87 4479; x_wconf 59' lang='lat'><strong>⁴</strong></span> <span class='ocrx_word' id='word_1_441' title='bbox 194 4462 320 4549; x_wconf 81' lang='grc' dir='ltr'><strong>ποιήσει</strong></span> <span class='ocrx_word' id='word_1_442' title='bbox 333 4464 569 4549; x_wconf 83' lang='grc' dir='ltr'><strong>καταλαθοῦσα,</strong></span> <span class='ocrx_word' id='word_1_443' title='bbox 582 4465 720 4551; x_wconf 80' lang='grc' dir='ltr'><strong>δηλώσει</strong></span> <span class='ocrx_word' id='word_1_444' title='bbox 733 4467 844 4544; x_wconf 81' lang='grc' dir='ltr'><strong>ἐντοῖς</strong></span> <span class='ocrx_word' id='word_1_445' title='bbox 860 4465 942 4554; x_wconf 72' lang='grc' dir='ltr'><strong>ἑξης.</strong></span> <span class='ocrx_word' id='word_1_446' title='bbox 988 4467 1068 4545; x_wconf 89' lang='lat' dir='ltr'>rint,</span> <span class='ocrx_word' id='word_1_447' title='bbox 1079 4463 1251 4527; x_wconf 88' lang='lat' dir='ltr'>venatoris</span> <span class='ocrx_word' id='word_1_448' title='bbox 1263 4481 1356 4527; x_wconf 92' lang='lat' dir='ltr'>more</span> <span class='ocrx_word' id='word_1_449' title='bbox 1368 4464 1525 4541; x_wconf 78' lang='lat' dir='ltr'>attinget.</span> <span class='ocrx_word' id='word_1_450' title='bbox 1533 4465 1577 4526; x_wconf 89' lang='lat' dir='ltr'><strong>Et</strong></span> <span class='ocrx_word' id='word_1_451' title='bbox 1588 4479 1737 4544; x_wconf 89' lang='lat' dir='ltr'>compre·</span> 
     </span>
    </p>
   </div>
   <div class='ocr_carea' id='block_1_5' title="bbox 987 4565 1740 4738">
    <p class='ocr_par' dir='ltr' id='par_1_12' title="bbox 987 4565 1740 4738">
     <span class='ocr_line' id='line_1_40' title="bbox 987 4565 1740 4648; baseline -0.005 -15"><span class='ocrx_word' id='word_1_452' title='bbox 987 4569 1103 4634; x_wconf 87' lang='lat' dir='ltr'>hensis</span> <span class='ocrx_word' id='word_1_453' title='bbox 1115 4567 1198 4648; x_wconf 90' lang='lat' dir='ltr'>quid</span> <span class='ocrx_word' id='word_1_454' title='bbox 1214 4565 1324 4646; x_wconf 83' lang='lat' dir='ltr'>faciet,</span> <span class='ocrx_word' id='word_1_455' title='bbox 1340 4565 1613 4648; x_wconf 87' lang='lat' dir='ltr'>insequentibus</span> <span class='ocrx_word' id='word_1_456' title='bbox 1634 4567 1740 4648; x_wconf 82' lang='lat' dir='ltr'>expli·</span> 
     </span>
     <span class='ocr_line' id='line_1_41' title="bbox 988 4673 1131 4738; baseline -0.028 0"><span class='ocrx_word' id='word_1_457' title='bbox 988 4673 1131 4738; x_wconf 83' lang='lat' dir='ltr'>cabitur.</span> 
     </span>
    </p>
   </div>
   <div class='ocr_carea' id='block_1_6' title="bbox 194 4903 1701 5068">
    <p class='ocr_par' dir='ltr' id='par_1_13' title="bbox 194 4903 1701 5068">
     <span class='ocr_line' id='line_1_42' title="bbox 228 4903 1701 4984; baseline -0.001 -19"><span class='ocrx_word' id='word_1_458' title='bbox 228 4926 257 4965; x_wconf 85' lang='lat' dir='ltr'><strong>v.</strong></span> <span class='ocrx_word' id='word_1_459' title='bbox 271 4909 296 4965; x_wconf 81' lang='grc' dir='ltr'><strong>ί.</strong></span> <span class='ocrx_word' id='word_1_460' title='bbox 318 4909 414 4966; x_wconf 85' lang='lat' dir='ltr'>Vatic.</span> <span class='ocrx_word' id='word_1_461' title='bbox 429 4911 471 4966; x_wconf 87' lang='grc'><strong>16.</strong></span> <span class='ocrx_word' id='word_1_462' title='bbox 484 4905 577 4964; x_wconf 81' lang='lat' dir='ltr'>Caute</span> <span class='ocrx_word' id='word_1_463' title='bbox 592 4909 657 4974; x_wconf 82' lang='grc' dir='ltr'><strong>ναὸς</strong></span> <span class='ocrx_word' id='word_1_464' title='bbox 674 4905 711 4962; x_wconf 88' lang='lat' dir='ltr'>de</span> <span class='ocrx_word' id='word_1_465' title='bbox 729 4903 848 4962; x_wconf 82' lang='lat' dir='ltr'>Christo</span> <span class='ocrx_word' id='word_1_466' title='bbox 865 4904 944 4978; x_wconf 86' lang='lat' dir='ltr'>apud</span> <span class='ocrx_word' id='word_1_467' title='bbox 986 4906 1070 4980; x_wconf 74' lang='lat' dir='ltr'>frop.</span> <span class='ocrx_word' id='word_1_468' title='bbox 1083 4904 1139 4960; x_wconf 82' lang='lat'><strong>424</strong></span> <span class='ocrx_word' id='word_1_469' title='bbox 1149 4903 1294 4976; x_wconf 83' lang='lat' dir='ltr'>prolixam</span> <span class='ocrx_word' id='word_1_470' title='bbox 1306 4903 1386 4960; x_wconf 89' lang='lat' dir='ltr'>docti</span> <span class='ocrx_word' id='word_1_471' title='bbox 1395 4903 1563 4962; x_wconf 75' lang='lat' dir='ltr'>scholiastae</span> <span class='ocrx_word' id='word_1_472' title='bbox 1574 4909 1684 4963; x_wconf 76' lang='lat' dir='ltr'>notam.</span> <span class='ocrx_word' id='word_1_473' title='bbox 1699 4979 1701 4984; x_wconf 23' lang='grc' dir='ltr'>Ι</span> 
     </span>
     <span class='ocr_line' id='line_1_43' title="bbox 194 4987 1492 5068; baseline -0.004 -17"><span class='ocrx_word' id='word_1_474' title='bbox 194 4993 352 5068; x_wconf 79' lang='lat' dir='ltr'>origenem</span> <span class='ocrx_word' id='word_1_475' title='bbox 364 5000 395 5052; x_wconf 90' lang='lat' dir='ltr'>et</span> <span class='ocrx_word' id='word_1_476' title='bbox 406 4994 566 5052; x_wconf 83' lang='lat' dir='ltr'>Eusebium</span> <span class='ocrx_word' id='word_1_477' title='bbox 576 4991 719 5064; x_wconf 84' lang='lat' dir='ltr'>intellige,</span> <span class='ocrx_word' id='word_1_478' title='bbox 729 5011 764 5050; x_wconf 85' lang='lat' dir='ltr'><strong>ac</strong></span> <span class='ocrx_word' id='word_1_479' title='bbox 777 4991 888 5050; x_wconf 78' lang='lat' dir='ltr'>videsis</span> <span class='ocrx_word' id='word_1_480' title='bbox 899 4992 943 5048; x_wconf 90' lang='lat' dir='ltr'><strong>in-</strong></span> <span class='ocrx_word' id='word_1_481' title='bbox 1019 5011 1048 5049; x_wconf 84' lang='lat' dir='ltr'><strong>v.</strong></span> <span class='ocrx_word' id='word_1_482' title='bbox 1060 4993 1086 5048; x_wconf 88' lang='lat'><strong>9.</strong></span> <span class='ocrx_word' id='word_1_483' title='bbox 1099 4990 1194 5048; x_wconf 84' lang='lat' dir='ltr'>Vatio.</span> <span class='ocrx_word' id='word_1_484' title='bbox 1207 4992 1251 5047; x_wconf 91' lang='grc'><strong>16.</strong></span> <span class='ocrx_word' id='word_1_485' title='bbox 1264 4989 1371 5064; x_wconf 84' lang='lat' dir='ltr'>Ephas.</span> <span class='ocrx_word' id='word_1_486' title='bbox 1385 5007 1418 5063; x_wconf 85' lang='lat'><strong>11,</strong></span> <span class='ocrx_word' id='word_1_487' title='bbox 1431 4987 1492 5048; x_wconf 77' lang='lat' dir='ltr'><strong>ta·</strong></span> 
     </span>
    </p>
   </div>
   <div class='ocr_carea' id='block_1_7' title="bbox 0 0 2026 6101">
    <p class='ocr_par' dir='ltr' id='par_1_14' title="bbox 0 0 2026 6101">
     <span class='ocr_line' id='line_1_44' title="bbox 0 0 2026 6101; baseline 0 0"><span class='ocrx_word' id='word_1_488' title='bbox 0 0 2026 6101; x_wconf 95' lang='lat' dir='ltr'><strong> </strong></span> 
     </span>
    </p>
   </div>
  </div>
 </body>
</html>
