4020 6098
815 423 858 486 IN
884 425 1070 489 PSALMOS
1653 426 1717 490 225

209 559 249 628 El
265 560 425 627 ἐνδύονται
442 560 595 646 κατάραν,
612 559 654 638 ὡς
668 559 801 647 ἱμάτιον,
819 561 848 624 οἱ
862 559 919 625 λα-
1008 564 1043 627 Si
1070 561 1218 626 induunt
1241 562 1523 643 maledictionem,
1547 565 1637 628 sicut
1659 583 1715 626 ve·

163 662 291 741 λοῦντες
305 667 429 750 πονηρά
443 666 528 729 κατὰ
543 673 600 749 της
617 665 722 748 ψυχης
741 675 798 729 τοῦ
809 664 919 749 durt-
963 667 1173 744 stimentum,
1191 669 1250 748 qui
1274 668 1463 747 loquuntur
1478 686 1582 748 pravn
1599 667 1715 731 adver-

163 788 227 851 ρος,
242 767 272 832 οἱ
287 768 321 832 δὲ
337 766 488 853 αίρετικοί
503 769 583 833 εἰσιν
596 767 624 834 οί
639 768 810 846 λαλοῦντες
823 788 920 852 πονη-
963 787 1022 838 sus
1049 770 1198 834 animam
1226 772 1420 850 salvatoris,
1448 778 1482 834 et
1508 773 1537 835 si
1565 772 1716 835 haeretici

164 874 376 957 ρὰκατδιτης
393 874 499 958 ψυχῆς
514 882 569 938 τοῦ
586 873 740 957 Χριστοῦ,
755 871 918 956 άναιροῦν-
962 877 1045 936 sunt
1066 875 1126 955 qui
1148 892 1254 955 prava
1276 876 1313 937 in
1336 876 1487 938 animam
1514 875 1639 938 Christi
1668 875 1717 938 di·

162 997 214 1055 τες
226 977 329 1060 αὐτὸν,
346 977 409 1060 ἄρα
419 975 601 1040 ἐνδύσονται
615 975 776 1060 κατάραν,
794 973 836 1051 ὡς
847 972 917 1060 ip&-
963 983 1055 1056 cunt,
1082 977 1293 1042 destruentes
1321 995 1410 1058 eum,
1432 979 1536 1042 iidem
1560 995 1643 1058 ergo
1666 980 1716 1042 in-

164 1102 240 1164 τιον,
257 1082 312 1145 καί
327 1081 472 1146 διπλοΐδα
487 1073 641 1166 αἰσχύνην
658 1080 770 1144 αὐτῶν.
788 1116 826 1125 -
840 1075 918 1144 Ὥσ-
964 1081 1070 1144 duent
1105 1082 1377 1146 maledictionem
1413 1083 1503 1146 sicut
1537 1085 1718 1145 vestimen·

164 1205 224 1268 περ
240 1185 313 1261 τοὺς
329 1183 468 1269 Χριστδν
484 1182 712 1268 ἐνδυσαμένους
725 1182 776 1247 διὰ
790 1187 851 1247 τῶν
863 1202 919 1246 κα-
963 1188 1048 1264 tum,
1062 1190 1096 1248 et
1107 1187 1197 1249 sieut
1208 1185 1356 1268 diploide
1368 1187 1715 1250 confusionemsuam.

161 1295 228 1355 κῦν
243 1288 379 1353 ὲκδύειδ
402 1288 559 1369 Σατανᾶς,
577 1289 674 1364 οὕτως
697 1288 753 1351 καί
773 1289 846 1364 τοὺς
862 1307 920 1350 κα-
966 1323 1005 1333 -
1021 1290 1310 1364 Quemadmodum
1326 1293 1387 1371 qui
1408 1291 1580 1354 Christum
1597 1291 1714 1354 indue-

163 1393 263 1479 τάραν
287 1392 519 1482 ἐκδυσαμὲνους
534 1395 586 1458 διά
604 1401 665 1460 τῦν
684 1393 803 1478 ἀρετῶν
819 1391 920 1480 ἐνδύει
963 1397 1054 1474 runt,
1071 1397 1211 1459 Satanas
1228 1411 1285 1458 eos
1307 1411 1368 1475 per
1391 1396 1538 1476 pessima
1558 1411 1659 1475 opera
1682 1412 1715 1457 e-

165 1496 344 1582 δΧριστδς.
388 1501 390 1504 ’
963 1499 1049 1579 nuit,
1062 1501 1110 1564 ita
1122 1501 1227 1581 etqui
1242 1500 1516 1563 maledictionem
1533 1504 1711 1578 exuerunt,

901 1629 905 1634 ·
963 1619 1018 1666 eos
1035 1603 1188 1667 Christus
1205 1621 1266 1685 per
1282 1605 1426 1668 virtutes
1442 1605 1553 1667 vestit.

206 1726 238 1771 v.
256 1708 310 1771 22.
325 1703 391 1772 Καί
406 1703 427 1790 ἠ
444 1703 561 1790 καρδία
584 1727 644 1793 μου
664 1706 855 1792 τετάρακται
871 1705 919 1774 ἐν·
1006 1725 1038 1770 v.
1054 1709 1107 1772 22.
1123 1709 1169 1772 ut
1181 1723 1234 1772 cor
1247 1725 1352 1772 meum
1363 1707 1583 1773 conturbatum
1594 1714 1643 1774 est
1663 1709 1714 1774 io»

163 1809 216 1887 τίς
233 1830 302 1896 μου.
965 1811 1019 1875 tro
1033 1827 1091 1874 κιο.

206 1914 246 1981 El
262 1914 317 1978 καί
329 1912 521 1999 τετάρακτοί
533 1936 591 2000 μου
603 1912 624 1998 ἡ
637 1912 763 2000 καρδία,
781 1913 917 2000 ἀλλὀὐχ
1007 1914 1150 1978 Etiamsi
1166 1915 1342 1978 turbatum
1355 1916 1400 1980 sit
1411 1933 1468 1980 cor
1480 1934 1605 1996 meum,
1621 1917 1714 1981 haud

163 2018 246 2083 ὥστε
262 2039 322 2104 μου
337 2020 392 2084 καί
414 2019 528 2098 ἔξωθεν
551 2018 670 2104 φθάσαι
687 2020 746 2104 την
769 2019 914 2104 ταραχὴν
962 2019 1077 2082 tamen
1092 2019 1141 2082 ita
1157 2024 1195 2080 ut
1209 2019 1282 2082 haec
1294 2037 1369 2082 mea
1385 2023 1546 2082 extreme
1562 2020 1713 2083 turbatio

167 2122 269 2205 αὐτῆς
284 2121 444 2207 ἐπίλογον
460 2120 605 2208 ἦτρᾶξίν
621 2143 695 2208 μου·
709 2122 849 2187 τοιοῦτον
865 2123 916 2187 ἐσ-
962 2125 1170 2204 erumpatin
1185 2124 1288 2188 verbe
1302 2127 1364 2186 aut
1380 2129 1476 2187 actus
1493 2141 1601 2188 meos:
1617 2126 1710 2188 simi-

165 2245 212 2292 τιν
232 2225 356 2292 καὶτὸ·
376 2226 461 2312 Πρὸς
483 2225 655 2313 ἐμαυτδνὴ
672 2225 759 2312 ψυχή
778 2248 836 2313 μου
848 2227 918 2293 ἐτα·
962 2227 994 2290 le
1010 2231 1062 2291 est
1077 2227 1179 2291 illud:
1205 2227 1286 2291 «Ad
1302 2245 1356 2290 me
1379 2228 1492 2308 ipsum
1508 2229 1624 2291 anima
1637 2245 1714 2292 mea

170 2329 286 2417 ράχθη.
961 2331 1098 2411 turbata
1113 2337 1173 2396 est.
1188 2353 1205 2390 »

210 2438 263 2519 23,
279 2437 333 2502 24.
350 2431 576 2501 Ὤσιὶσκιδιέν
591 2443 635 2522 τῷ
649 2434 793 2500 ἐκκλῖναι
807 2435 917 2520 αδτην,
1005 2453 1038 2497 ν.
1053 2437 1107 2515 23,
1130 2437 1182 2500 24.
1206 2436 1301 2502 siau
1324 2435 1438 2502 umbro
1460 2453 1532 2501 cum
1558 2435 1709 2515 declinat,

163 2539 395 2625 ἀντανηρὲθην,
412 2539 615 2626 ἐξετινάχθην
628 2540 702 2605 ὡσεί
716 2539 851 2625 ἀκρίδες.
868 2540 918 2606 Ta
961 2537 1091 2605 ablutus
1104 2557 1186 2618 ταωνι,
1202 2556 1356 2605 oculosus
1366 2556 1439 2604 sum
1447 2543 1486 2603 αί
1496 2540 1624 2604 locuste
1631 2564 1645 2619 ;
1658 2556 1712 2621 ρο-

165 2642 286 2728 γδνατά
302 2664 361 2730 μου
377 2642 557 2728 ησθένησαν
574 2643 636 2708 ἀπὸ
651 2643 809 2728 νηστείας.
861 2677 864 2686 ›
961 2659 1028 2708 coc
1038 2659 1110 2707 meu
1122 2644 1292 2727 infirmata
1306 2648 1385 2710 aar
1398 2660 1419 2708 u
1426 2643 1564 2724 jejunio.

209 2747 256 2812 Τὸ
273 2749 410 2833 σφοδρὸν
425 2757 482 2833 της
494 2745 662 2834 ἐπιβουλῆς
673 2757 734 2813 τῶν
747 2746 917 2831 ἀδικησάν·
1006 2750 1263 2814 Vehementiam
1281 2749 1482 2813 insidiarum
1499 2750 1542 2813 ab
1557 2749 1712 2814 adversa·

163 2871 226 2916 των
248 2851 344 2938 λέγει,
363 2853 422 2937 την
437 2848 615 2938 κακουχίαν
633 2853 693 2936 την
714 2853 846 2936 ἄφατον,
863 2851 917 2915 καὶ
963 2852 1023 2916 riis
1052 2855 1184 2934 asserit,
1208 2853 1302 2917 dictu
1330 2853 1563 2917 incredibilem
1593 2855 1713 2935 nequi·

164 2957 224 3041 την
251 2955 326 3040 παρ’
341 2955 456 3020 ἑαυτοῦ
481 2955 576 3020 πάλιν
601 2953 775 3039 γενομένην
797 2955 831 3020 ἐν
851 2963 917 3031 τοῐς
961 2958 1055 3035 tiam,
1072 2975 1112 3020 ac
1126 2958 1229 3022 simul
1246 2959 1334 3022 inter
1346 2958 1418 3021 haec
1434 2976 1529 3022 suam
1546 2959 1710 3022 sollicitu-

167 3061 319 3136 τοιούτοις
341 3056 492 3143 σπουδήν.
516 3059 566 3124 Τδι
581 3058 701 3144 γόνατά
724 3078 794 3144 μου,
811 3059 915 3142 φησίν,
961 3061 1085 3125 dinem.
1102 3062 1212 3129 θοκκο
1223 3079 1302 3141 αισα,
1319 3063 1440 3144 inquit,
1453 3064 1623 3144 infirmato
1634 3068 1712 3129 succ

166 3163 349 3250 ησθένησαν
371 3163 434 3228 άπδ
456 3163 611 3248 νηστείας.
632 3160 729 3248 Ὁρᾷς
745 3163 840 3227 αὐτὸν
863 3163 916 3227 οία
960 3183 981 3230 α
993 3165 1131 3246 jesrmio.
1149 3168 1296 3230 Intueris
1310 3184 1399 3244 eum,
1413 3168 1527 3247 qualia
1538 3168 1604 3230 sibi
1617 3185 1712 3230 arma

165 3268 402 3347 κατασκευάζει
418 3268 502 3332 δπλα
517 3269 594 3353 πρὸς
610 3265 917 3343 caesareanorum
960 3275 1132 3351 comparet
1143 3270 1305 3335 adversus
1319 3271 1459 3335 insidias
1472 3276 1506 3333 et
1518 3275 1712 3335 contramo-

161 3374 241 3458 πρὸς
255 3375 314 3458 τὴν
326 3383 381 3437 τοῦ
393 3373 518 3459 αὐχμοῦ
528 3368 716 3457 κακουχίαν,
733 3370 786 3435 διὰ
797 3369 915 3435 τούτων
959 3375 1079 3437 lestam
1091 3375 1160 3437 vim
1173 3375 1331 3454 turbinis,
1345 3393 1486 3456 perquae
1500 3379 1641 3438 mortem
1654 3374 1710 3438 de·

162 3478 218 3542 τδν
235 3475 377 3542 θάνατον
399 3474 625 3562 παρεδήλωσε·
648 3483 723 3560 σκιᾷ
738 3477 810 3561 γάρ,
827 3474 914 3558 φησί,
959 3478 1121 3555 signavit.
1145 3478 1278 3542 Umbrae
1302 3479 1393 3542 enim
1410 3481 1526 3560 instar,
1550 3481 1609 3558 ait,
1633 3497 1710 3560 quae

161 3578 307 3666 κλιθείση
319 3583 373 3645 καί
385 3577 594 3664 ἀναιρεθείση,
611 3577 839 3663 παραπλησίως
851 3577 917 3640 ἐδε-
959 3582 1186 3646 inclinaturet
1196 3583 1345 3661 evanuit,
1354 3583 1598 3646 similitervitae
1607 3581 1710 3645 tlnem

162 3685 266 3773 ξάμην
289 3695 344 3750 τοῦ
360 3683 427 3770 βίου
449 3687 485 3749 τδ
507 3683 616 3762 τέλος·
640 3683 724 3747 ἀλλὰ
743 3684 798 3746 καί
821 3681 913 3766 δίκην
959 3685 1060 3764 obivi,
1077 3686 1180 3747 immo
1197 3689 1230 3748 et
1243 3687 1334 3748 sicut
1351 3685 1488 3765 iactatae
1511 3688 1650 3749 locustae
1674 3693 1708 3749 et

164 3788 302 3875 ἀκρίδων
318 3790 378 3854 ὑπὸ
402 3786 525 3872 ἀνέμων
541 3785 742 3871 ριπτομένων.
765 3787 820 3850 καί
837 3785 914 3871 τηδε
957 3788 1025 3852 huc
1052 3789 1135 3851 illuc
1160 3793 1261 3852 vento
1290 3788 1469 3870 dissipatae,
1493 3791 1542 3852 ita
1575 3806 1708 3870 semper

163 3893 295 3958 κάκεῖσε
321 3889 581 3976 περιφερομένων,
599 3891 648 3955 del
670 3888 842 3954 διετέλεσα.
870 3927 910 3937 —
957 3893 1039 3955 vixi.
1054 3926 1092 3937 —
1105 3899 1134 3956 A
1143 3893 1271 3974 jejunio
1286 3894 1455 3975 inflammo
1470 3898 1557 3973 suni,
1572 3894 1708 3975 qunado

163 3995 246 4062 Ἀπδ
269 3994 426 4081 νηστείας,
449 3995 502 4058 ὅτε
522 3993 761 4078 τεσσαράκοντα
778 3991 912 4079 ἡμέραις
958 4014 1018 4078 μοι
1029 3997 1258 4078 quadraginta
1273 3998 1344 4063 dies
1358 4003 1391 4062 et
1406 3999 1636 4079 quadraginta
1651 4015 1708 4060 no

159 4098 316 4185 ἐνὴσιησε
331 4101 386 4164 καί
402 4097 644 4183 τεσσαράκοντα
658 4097 733 4177 νυξί.
957 4105 1027 4164 ctas
1038 4101 1218 4181 jejunavit.

203 4224 235 4268 v.
260 4207 313 4270 25.
337 4201 473 4268 Είδοσάν
498 4222 546 4287 με,
571 4202 747 4268 ἐσάλευσαν
769 4201 912 4287 κεφαλὰς
1001 4223 1033 4268 ν.
1059 4208 1112 4270 25.
1145 4205 1299 4274 Viderunt
1323 4225 1381 4287 ma,
1411 4211 1578 4272 ικοοονκκί
1599 4208 1708 4288 capitu

162 4309 276 4372 αῦτῦν.
955 4325 1028 4374 suc.

157 4437 160 4442 ·
207 4411 309 4478 Τοῦτο
323 4408 435 4495 γέγονε
453 4412 539 4475 κατὰ
550 4412 607 4476 τὸν
623 4412 732 4496 καιρδν
748 4421 803 4476 τοῦ
819 4434 912 4477 σταυ-
1002 4414 1096 4489 Quod
1111 4415 1235 4478 accidit
1250 4416 1285 4477 in
1300 4420 1449 4497 tempore
1462 4417 1581 4480 crucis.
1600 4417 1708 4479 Move-

159 4526 235 4602 ροῦ·
258 4515 381 4580 ἐκίνουν
395 4517 457 4600 γὰρ
480 4515 510 4579 οί
524 4514 671 4580 Ἰουδαῖοι
692 4517 749 4593 τὰς
769 4515 912 4602 κεφαλὰς
956 4517 1039 4580 bant
1054 4519 1144 4581 enirn
1168 4519 1279 4582 Judaei
1295 4521 1416 4601 cupita,
1441 4520 1607 4584 dicentes:
1634 4527 1707 4582 «A-

161 4623 264 4686 αὐτῶν
279 4618 435 4704 λέγοντες·
450 4617 592 4695 Ἀλλους
607 4619 735 4700 ἔσωσεν,
751 4618 911 4686 ἑαυτδνοῦ
956 4622 1020 4685 lios
1046 4624 1157 4686 salvos
1184 4621 1273 4702 fecit,
1301 4628 1408 4688 semet
1434 4624 1566 4687 salvum
1597 4623 1707 4686 facere

161 4725 293 4790 δύναται
307 4733 417 4788 σῶσαι.
957 4745 1027 4792 non
1045 4731 1196 4808 potest.»

196 5070 225 5110 v.
237 5051 282 5106 22.
295 5051 362 5106 Vat.
380 5049 406 5103 4.
420 5048 470 5104 Pa.
489 5066 529 5120 τι,
547 5050 573 5104 4.
586 5051 646 5109 vix
663 5067 722 5106 non
739 5051 861 5126 respicit
872 5055 912 5108 A·
993 5070 1021 5111 v.
1033 5053 1077 5123 23,
1089 5052 1132 5108 24.
1145 5052 1213 5108 Vct
1226 5051 1251 5106 4.
1265 5050 1302 5106 cf.
1315 5051 1421 5109 Matth.
1436 5069 1477 5123 ιν,
1490 5054 1517 5123 5,

163 5135 365 5213 pollinaristas
384 5135 527 5191 scholium
543 5155 571 5193 ν.
583 5137 626 5208 27,
640 5137 661 5192 f.
671 5155 730 5194 non
743 5138 911 5210 genuinum.
992 5157 1020 5198 τ.
1033 5140 1077 5196 25.
1091 5138 1167 5196 lbid.
1181 5139 1218 5195 cf.
1232 5138 1407 5196 Theodoret.
1421 5141 1528 5198 Matth.
1542 5159 1638 5213 xxvn,
1650 5142 1694 5198 42.

244 5247 395 5294 armenus
414 5247 458 5308 ur,
481 5231 526 5287 13.
