4036 6090
825 457 868 518 IN
892 455 1077 519 Ponticos
1664 461 1725 524 123

192 591 390 677 θανούμενον.
404 591 468 658 Καὶ
480 595 667 680 μετὰταῦτα
677 596 713 661 δὲ
725 596 829 662 πάντα
839 595 934 662 πάλιν
980 601 1089 660 tuum.
1113 596 1155 659 ut
1178 603 1253 676 post
1275 596 1346 660 haec
1369 602 1483 664 omnia
1505 601 1727 666 nihilominus

192 696 422 784 ἁμαρτάνομεν,
445 701 500 764 καὶ
523 701 638 766 έστινὸ
656 700 737 778 Θεὸς
759 698 933 786 οἰκτίρμων.
981 717 1169 781 peccamus,
1186 703 1220 762 et
1234 702 1324 765 Deus
1341 708 1392 766 est
1414 705 1614 769 misericors,
1639 708 1727 782 Quin

190 799 294 866 Ἀλλὰ
316 805 370 868 καί
393 802 526 888 αἱρέσεις
547 804 705 891 γεγόνασι,
721 806 776 869 καί
796 804 933 870 κακολο·
980 805 1083 866 immo
1095 811 1317 870 surrexerunt
1328 806 1482 887 haereses,
1493 826 1568 890 quae
1579 813 1728 874 Creatori

191 914 282 988 γοῦσι
296 909 349 973 τὸν
370 906 568 993 δημιουργὸν,
584 911 639 974 καὶ
662 907 859 994 μακροθυμεῖ
870 908 933 973 λοι-
978 907 1198 988 maledicunt,
1211 913 1244 972 et
1259 910 1317 974 ille
1333 911 1368 974 in
1384 911 1643 989 longanimitate
1654 932 1728 995 per·

191 1009 386 1093 ὸορούμενος.
403 1009 510 1096 Ἡμεῖς
526 1011 561 1077 δέ
581 1013 821 1099 ἀγανακτοῦμεν
837 1012 865 1078 οἱ
880 1033 934 1077 τοι·
980 1018 1126 1092 severat,
1142 1011 1268 1092 injuria
1284 1015 1478 1095 proscissus.
1495 1017 1561 1080 Nos
1576 1034 1656 1080 vero
1667 1019 1729 1080 mi·

190 1111 350 1199 λαίπιοροι,
376 1116 434 1182 ὸάν
454 1137 531 1182 ποτε
552 1115 721 1202 λοιδορηση
743 1117 829 1204 Ιίημὸῑς
847 1119 865 1183 ὸ
881 1119 933 1183 ἁν-
979 1116 1141 1180 serabiles
1157 1133 1248 1194 aegrc
1260 1115 1416 1196 ferimus,
1427 1119 1456 1182 si
1470 1119 1546 1199 quis
1557 1119 1658 1182 homo
1668 1135 1729 1182 nos

191 1216 322 1302 θριοπος,
345 1221 561 1306 coimperat&
580 1221 665 1307 ἡμᾶς
686 1222 879 1307 ἐκδικοῦμεν.
895 1219 933 1287 ‘0
978 1220 1183 1283 contumelia
1194 1220 1338 1300 petierit,
1351 1223 1506 1284 etatatim
1520 1223 1726 1286 ulciscimur.

189 1321 224 1386 δέ
240 1322 320 1400 Θεὸς
337 1323 408 1388 οὐδέ
423 1323 545 1389 ἐκκαίει
567 1334 672 1390 πᾶσαν
687 1327 745 1412 τὴν
764 1327 863 1412 ὸργην
878 1325 933 1390 αύ-
978 1323 1069 1386 Deus
1081 1339 1160 1386 vcro
1173 1324 1455 1388 minimeomuem
1468 1327 1553 1388 iram
1563 1343 1659 1389 suam
1676 1343 1728 1388 ac·

189 1435 254 1491 τοῦ.
279 1427 371 1492 Ἔστι
392 1431 454 1514 γὰρ
476 1437 564 1494 πᾶσα
581 1429 603 1514 ἡ
620 1431 711 1516 ὸργὴ,
726 1432 780 1495 καὶ
803 1429 932 1516 ρούερὸι,
978 1429 1100 1492 cendit:
1112 1433 1183 1492 tota
1195 1430 1286 1492 enim
1299 1431 1350 1492 ira
1361 1433 1395 1492 et
1404 1431 1578 1495 tremenda
1589 1449 1672 1494 num
1691 1431 1730 1493 fit

190 1533 245 1596 καί
260 1530 421 1596 ἐκκαίεται
442 1535 527 1598 κατὸι
548 1536 608 1620 τὴν
623 1533 802 1619 ἀντιλογίαν
823 1543 885 1599 τῶν
903 1533 933 1598 έ-
978 1537 1012 1596 et
1022 1533 1240 1596 succenditur
1252 1536 1388 1614 propter
1400 1535 1468 1596 mei
1479 1536 1727 1599 contumaciam

189 1643 254 1718 μῦν
275 1634 383 1719 ξύλων,
407 1639 459 1702 τὸν
482 1635 596 1723 χόρτον
615 1647 671 1724 τῆς
693 1639 851 1726 καλάμης
871 1638 934 1705 Τά·
978 1637 1037 1718 qui
1060 1637 1156 1714 ligna
1178 1655 1264 1716 sum,
1298 1637 1358 1718 qui
1387 1637 1499 1700 frutex
1522 1657 1598 1701 sum
1628 1656 1729 1700 aruu-

187 1758 233 1824 χα
242 1739 278 1804 ὸὲ
293 1739 338 1805 ένί
349 1739 433 1826 μόνῳ
445 1740 478 1806 έν
496 1751 560 1820 τοῖς
571 1743 656 1807 ούσιν
668 1742 816 1810 έκκαύοει
829 1752 933 1810 πάσαν
978 1740 1095 1804 dinis?
1123 1741 1277 1804 Fortasse
1307 1739 1472 1804 adversus
1503 1760 1609 1805 unum
1641 1745 1730 1805 inter

190 1843 250 1928 τὴν
264 1844 362 1930 ὀργὴν
376 1846 482 1930 αὐτοῦ,
497 1855 541 1932 τῷ
556 1844 707 1932 Aiacem.
978 1859 1019 1905 ca
1046 1859 1123 1923 quaa
1145 1847 1235 1922 aunt,
1253 1844 1287 1906 in
1305 1843 1494 1924 Diabolum,
1517 1846 1676 1910 accendet
1697 1864 1730 1910 0-

979 1963 1092 2009 mnem
1108 1964 1193 2011 nam
1209 1965 1316 2010 suam.

232 2071 264 2116 v.
282 2053 391 2118 4o43.
408 2052 549 2130 Ποσάκις
571 2051 808 2139 παρεπίκραναν
838 2053 933 2120 αὐτὸν
1021 2068 1053 2112 v.
1068 2051 1121 2130 40,
1137 2052 1190 2114 43.
1218 2051 1349 2127 Quoties
1371 2050 1638 2118 ecccerbcmuat
1657 2071 1728 2118 com

188 2155 222 2219 έν
236 2165 275 2240 τη
292 2153 410 2241 ἐρήμῳ,
433 2157 635 2242 παρώργισαν
646 2159 741 2222 αὐτὸν
755 2159 790 2223 ἐν
804 2167 845 2243 γη
862 2158 933 2224 ἀνύ-
976 2153 1014 2218 ία
1025 2151 1157 2234 derata
1175 2155 1213 2218 ιά
1227 2155 1314 2218 iram
1335 2157 1579 2222 concitarentur
1599 2175 1670 2222 οαικ
1691 2159 1729 2222 ia

190 2258 270 2342 δριμ;
293 2262 347 2325 καί
369 2259 574 2345 ἐπέστρεψαν,
602 2263 656 2326 καὶ
681 2259 850 2347 ἐπείρασαν
879 2264 932 2328 τὸν
975 2257 1458 2340 imquosoifftconversimnt,
1481 2265 1732 2328 elimaverunt

186 2359 277 2445 Θεὸν,
294 2363 347 2426 καὶ
358 2367 411 2428 τὸν
423 2365 512 2449 ἁγιον
527 2375 582 2429 τοῦ
593 2365 723 2451 Ἰσραὴλ
735 2365 932 2452 παρώξυναν·
977 2363 1092 2440 Deam,
1111 2366 1142 2426 ct
1157 2365 1304 2426 sanctum
1323 2363 1431 2427 Israel
1453 2364 1728 2429 οααοοιὸαοιινιαί.

187 2466 246 2528 ούκ
259 2465 462 2552 ἐμνήσθησαν
483 2476 541 2551 της
555 2473 660 2554 χειρὸς
683 2470 789 2552 αὐτοῦ,
810 2468 932 2556 ἡμέρας
976 2465 1050 2530 Noa
1062 2469 1142 2530 scat
1154 2467 1315 2530 recordati
1335 2483 1451 2532 ιιιοαιιε
1471 2469 1552 2549 ejus,
1577 2468 1643 2532 dici
1664 2453 1729 2549 quc
1869 2465 1871 2474 '

185 2569 226 2652 ης
241 2568 438 2654 έλυτριθοατο
453 2571 566 2650 αὐτοὺς
580 2573 618 2637 ἐκ
638 2576 743 2659 χειρὸς
763 2573 931 2655 θλίύοντος,
975 2569 1110 2635 redemit
1123 2587 1175 2634 00⁸
1188 2569 1227 2633 de
1241 2587 1340 2636 moti
1354 2571 1554 2652 tribulantis,
1572 2573 1660 2637 sicut
1668 2591 1727 2653 ,ῦο-

187 2671 229 2749 og
244 2672 331 2738 ἔθετο
346 2674 380 2738 ἐν
395 2673 545 2760 Αἰγύπτῳ
561 2678 601 2741 τὸ
616 2686 732 2762 σημεῖα
753 2679 859 2762 αὑτοῦ,
875 2680 929 2744 καὶ
976 2673 1098 2740 scitia
1113 2677 1252 2757 AEyypto
1263 2676 1359 2757 αι’ριια
1372 2691 1446 2754 suc,
1464 2676 1656 2759 etprodiffic
1669 2695 1731 2743 sca

186 2775 227 2841 τά
242 2775 360 2861 τέρατα
376 2780 472 2844 αὐτοῦ
488 2779 522 2844 ἐν
537 2779 633 2866 πεδίῳ
649 2781 785 2860 Τὰνεως.
979 2779 1017 2843 in
1032 2795 1142 2859 campo
1158 2781 1288 2843 Tomoe.

227 2879 292 2946 Καὶ
321 2885 359 2946 σὺ
390 2883 435 2967 δὲ,
461 2883 570 2962 ὁσάκις
597 2885 635 2950 ὸν
662 2887 843 2952 καταλιπὼν
877 2890 932 2953 τὸν
1021 2886 1071 2946 Tu
1087 2900 1177 2962 ver0,
1194 2883 1327 2964 quoties
1339 2881 1426 2946 forte
1439 2884 1552 2947 Deum
1563 2884 1730 2964 deserens,

184 2983 275 3065 Θεὸν,
297 2987 349 3051 ἐπὶ
370 2989 429 3073 τὴν
451 2989 570 3074 έρημον
589 2999 645 3054 τοῦ
668 2988 751 3057 Θεοῦ
775 2989 931 3076 ἁμαρτίαν
976 2987 1018 3050 ad
1034 2991 1208 3068 peccatum
1223 2988 1293 3050 Deo
1309 3005 1457 3050 vacuum
1474 2987 1576 3066 ivisti,
1594 3004 1730 3050 exacer-

185 3088 333 3174 ἀπέλθης,
349 3090 606 3176 παραπικραίνιιν
620 3092 654 3159 ἐν
669 3103 708 3179 τῇ
723 3093 841 3180 έρημῳ,
858 3095 932 3161 ὸοά-
976 3092 1060 3155 bans
1078 3093 1114 3154 in
1136 3109 1258 3173 eremo,
1282 3093 1417 3173 quoties
1440 3091 1531 3154 fonte
1554 3109 1651 3173 aquae
1675 3109 1726 3155 sa·

184 3215 233 3270 κις
247 3195 296 3277 ἂν,
319 3204 426 3280 πηγῆς
449 3197 561 3276 ύὸατος
584 3197 760 3284 ἁλλομένου
779 3200 822 3276 εἰς
845 3198 931 3285 ζωὴν
977 3195 1091 3258 lientis
1107 3196 1143 3258 in
1159 3197 1265 3258 vitam
1281 3200 1441 3259 aeteruam
1465 3197 1528 3260 tibi
1546 3197 1729 3277 proposito,

185 3297 310 3364 αίιθνιον
333 3299 495 3384 παρούσης
518 3321 567 3365 σοι
582 3300 615 3366 έν
630 3311 669 3386 τη
685 3302 852 3389 ἐκκλησίᾳ,
876 3303 931 3388 ρα-
978 3301 1014 3364 in
1036 3301 1190 3380 ecclesia,
1213 3300 1343 3364 desidia
1366 3302 1552 3379 negligens
1574 3318 1730 3383 synaxes,

186 3401 288 3487 θυμῶν
310 3405 380 3487 περί
395 3405 451 3481 τὸς
473 3405 623 3486 ουνάξεις,
638 3407 694 3470 καί
717 3406 842 3492 ἀμελῶν
861 3408 931 3491 περὶ
977 3410 1012 3467 et
1025 3423 1146 3486 parum
1159 3423 1281 3468 curans
1292 3411 1375 3486 potu
1388 3405 1491 3484 refici,
1508 3405 1679 3469 decessisti
1692 3407 1727 3468 in

185 3517 240 3571 τοῦ
263 3507 456 3592 ποτιοθηναι,
476 3507 615 3593 ἀπέλθῃς
637 3509 688 3574 ἐπὶ
710 3513 769 3596 την
789 3511 930 3595 ἄνυδρον,
976 3509 1091 3572 locum
1108 3510 1321 3589 inaquosum,
1337 3526 1498 3590 provocas
1518 3510 1560 3572 ad
1578 3511 1673 3590 iram,
1697 3513 1731 3572 et

185 3609 457 3695 παροργίζεις,καί
468 3611 656 3698 ἐπιστρέψας
665 3612 706 3690 ὡς
718 3615 761 3691 εἰς
773 3613 932 3700 Αἴγυπτον
978 3629 1136 3677 reversus
1153 3613 1189 3676 in
1205 3615 1390 3695 AEgyptum
1405 3614 1544 3693 peccati,
1564 3612 1654 3693 quod
1676 3612 1730 3675 de·

185 3713 338 3800 ἁμαρείας
353 3715 393 3799 ἣν
408 3715 650 3800 καταλέλοιπας,
673 3717 768 3783 πάλιν
791 3718 931 3804 ἁμαρτά·
979 3733 1144 3796 serueras,
1161 3718 1285 3780 iterum
1307 3734 1437 3798 peccas,
1460 3717 1550 3781 sicut
1571 3717 1664 3780 canis
1687 3715 1730 3778 ad

184 3838 256 3900 νεις,
272 3817 314 3896 ὡς
329 3819 413 3884 κύων
428 3819 618 3906 ἐπιστρέψας
633 3821 683 3885 ἐπὶ
698 3823 752 3886 τὸν
767 3821 844 3887 ίδιον
860 3824 931 3908 έμε-
976 3821 1142 3882 vomitum
1168 3836 1269 3883 suum
1295 3837 1467 3900 reversus3
1490 3837 1552 3882 nec
1574 3821 1657 3883 satis
1679 3824 1730 3884 est

185 3943 248 3988 τον.
265 3921 330 3988 Καί
341 3925 400 3988 ούκ
411 3923 504 4008 ἀρκεῖ
517 3925 565 4002 οίς
576 3925 655 4004 είδες
667 3924 805 4011 σημείοις
816 3927 861 4002 είς
872 3935 932 3991 οῦ)-
976 3923 1210 4004 prodigiorum
1219 3941 1295 4004 quae
1303 3923 1420 3986 vidisti
1428 3924 1623 3988 adsalutem
1631 3924 1728 4004 facta,

186 4025 307 4110 τηρίαν,
323 4027 396 4091 οὐδὲ
407 4035 471 4104 τοῖς
481 4027 747 4114 προτρεψαμένοις
762 4029 867 4113 λύγοις
887 4031 931 4108 είς
977 4045 1087 4110 neque
1102 4045 1297 4092 sermonum
1312 4046 1388 4109 quae
1410 4028 1592 4092 hortantur
1607 4030 1649 4092 ad
1664 4029 1730 4091 vir·

186 4131 312 4217 ἀρετὴν,
328 4132 412 4197 άλλὰ
425 4135 520 4198 καινὰ
534 4143 651 4219 οημεία
664 4132 770 4211 θέλεις
786 4134 870 4216 ἰδεῖν,
894 4136 931 4199 ού
978 4138 1105 4212 tutem3
1130 4133 1189 4196 sed
1215 4150 1303 4196 nova
1329 4132 1444 4196 videre
1472 4133 1524 4196 vis
1555 4133 1729 4211 miracula,

187 4234 382 4320 μεμνημένος
396 4245 452 4320 της
468 4235 722 4320 ἐπεοκοπηκυίας
745 4239 859 4323 χειρὸς,
874 4241 929 4304 καὶ
980 4254 1047 4301 uon
1065 4236 1258 4301 recordatus
1273 4255 1394 4300 manus
1409 4242 1444 4301 te
1460 4238 1680 4318 protegentis,
1697 4241 1730 4298 et

187 4341 270 4416 ὸπιος
286 4339 462 4426 ἐλυτρώθης
477 4341 515 4406 ἐκ
525 4351 580 4406 τοῦ
593 4351 707 4426 νοητοῦ
725 4341 851 4425 ἀληθῶς
862 4341 931 4406 tu·
977 4341 1143 4421 quomodo
1166 4341 1359 4422 redemptus
1383 4340 1488 4404 fueris
1516 4359 1537 4403 a
1559 4340 1728 4422 spirituali

187 4442 295 4528 βοντος
306 4443 438 4527 Φαραὼ,
454 4445 526 4510 οὐδὲ
538 4447 578 4509 τὸι
589 4455 705 4530 σημεῖα
717 4445 928 4532 λογιζόμενος,
977 4446 1161 4526 Pharaone,
1177 4449 1211 4509 te
1234 4463 1352 4525 reapse
1374 4446 1595 4527 opprimente,
1618 4460 1728 4523 neque

187 4548 208 4612 ἁ
224 4546 266 4625 ὡς
280 4547 314 4612 έν
329 4546 487 4632 Αἰγύπτῳ,
504 4557 547 4634 τῷ
562 4548 680 4634 κόσμῳ,
692 4549 726 4614 ἐν
742 4550 791 4613 σοί
802 4547 932 4633 πεποίη-
977 4555 1089 4614 mente
1109 4554 1269 4631 reputans
1291 4551 1403 4628 signa,
1431 4566 1509 4630 qua
1524 4549 1612 4612 sicut
1627 4550 1663 4611 in
1678 4551 1730 4612 ιθ-

185 4670 251 4733 κεν,
264 4653 328 4715 olor
343 4651 412 4737 ἐμοὶ
423 4652 557 4716 ἕκαστον
568 4661 629 4717 τῦν
642 4652 864 4740 εύεργημάτιιν
874 4661 930 4717 τοῦ
977 4659 1094 4737 gypt0‚
1110 4655 1146 4716 in
1168 4654 1304 4733 mundo,
1321 4655 1404 4716 inte
1435 4653 1531 4716 lecit:
1548 4653 1663 4733 qualia
1684 4653 1728 4715 si·

187 4753 270 4822 Θεοῦ
292 4753 421 4840 οημειὸν
443 4755 536 4824 ἐστιν.
560 4755 601 4822 El
621 4775 697 4821 ποτε
720 4757 754 4821 ἐν
780 4756 931 4836 κινδύνοις
977 4761 1138 4837 guasunt
1152 4759 1292 4836 singula
1306 4758 1368 4821 Dei
1384 4758 1419 4820 in
1439 4773 1495 4818 me
1510 4755 1683 4836 beneficia3
1699 4758 1728 4819 si

186 4858 303 4938 ὁποίοις
314 4858 432 4945 δήποτε
443 4860 609 4948 γενόμενος
621 4861 784 4948 έρρύοθην,
801 4871 932 4950 σημεῖον
977 4861 1112 4944 quando
1134 4861 1169 4924 in
1189 4861 1459 4942 quibuscumque
1477 4861 1638 4942 periculis
1657 4878 1729 4923 ver·

186 4962 301 5032 έλαύον
323 4963 386 5032 ἀπὸ
409 4964 511 5035 Θεοῦ·
527 4966 660 5044 ποσάκις
682 4966 854 5054 ηὐξάμεθα,
877 4969 932 5034 καὶ
977 4971 1081 5044 satus,
1096 4964 1259 5029 liberatus
1274 4963 1334 5043 fui,
1350 4964 1490 5042 siguum
1508 4966 1612 5028 aDeo
1636 4981 1724 5028 rece·

222 5187 249 5226 v.
262 5167 353 5224 4043.
367 5167 496 5226 Laurant
509 5171 586 5227 Plut.
598 5189 625 5241 v,
639 5173 681 5227 m
691 5173 779 5229 Prov.
790 5189 876 5242 xxvi,
890 5174 931 5229 ll.
978 5170 1057 5228 Nota
1069 5167 1213 5224 solemnes
1223 5171 1357 5227 veterum
1369 5171 1494 5234 οοναξεις.
