4036 6090
962 488 1170 563 caraunus
1258 566 1260 574 ¹

872 795 1038 873 Psalmus
1061 787 1257 872 LXXIII
1258 854 1279 902 ·,

342 1087 374 1130 ν.
395 1069 421 1130 l.
438 1061 508 1131 Ἵνα
530 1064 559 1130 τί
581 1063 709 1143 dadon,
732 1061 749 1127 ὁ
765 1061 854 1142 Θεὸς,
878 1062 921 1138 είς
936 1059 1043 1143 τὲλας;
1135 1081 1165 1124 ν.
1185 1064 1211 1124 1.
1235 1064 1277 1126 Ut
1290 1063 1377 1145 quid,
1397 1063 1493 1141 Deus,
1509 1063 1663 1144 repulisti
1677 1081 1734 1128 uos
1747 1061 1834 1145 tust-

301 1169 437 1256 ὠργίσθη
461 1170 479 1234 ῦ
501 1168 603 1254 θυμός
629 1185 685 1232 σου
708 1163 759 1230 ἐπί
781 1162 924 1249 πρόβατα
949 1171 1047 1248 νομῆς
1090 1170 1186 1229 uerat
1201 1167 1316 1232 Iratus
1331 1167 1488 1250 estsuror
1503 1173 1685 1249 tuusuuper
1696 1185 1766 1234 oues
1774 1185 1834 1249 pa·

301 1276 600 1355 mmffiu
966 1263 969 1270 ’
1091 1273 1292 1335 mm?

345 1377 517 1461 Ἐπιπάνην
534 1378 627 1461 laxes
641 1376 699 1459 τὴν
714 1370 1047 1456 lustramentum
1134 1372 1201 1436 Diu
1219 1376 1379 1440 adversus
1402 1393 1481 1439 oves
1508 1393 1660 1457 asperam
1688 1375 1834 1438 habebas

299 1494 360 1550 τῦν
376 1493 438 1549 σῦν
453 1482 679 1566 ἀγανάκτησιν.
1096 1479 1373 1557 indignationem.

343 1608 374 1650 v.
392 1590 421 1651 5.
444 1581 576 1650 Ἒθεντο
598 1585 639 1648 τά
661 1591 778 1667 σημεῖα
794 1583 896 1646 αὐτῶν
917 1588 1043 1665 σημεῖα,
1133 1602 1163 1645 v.
1181 1586 1210 1646 5.
1227 1585 1407 1648 Posueruut
1421 1586 1517 1666 staua
1533 1601 1595 1648 reta
1611 1585 1716 1665 marta,
1732 1588 1763 1647 et
1773 1600 1835 1647 uou

300 1693 355 1756 ναί
377 1690 436 1754 ecs
457 1690 597 1774 ἔγνωσαν
620 1685 662 1763 ὡς
681 1687 725 1763 εἰς
747 1687 805 1770 τὴν
828 1683 949 1748 εἴσοδον
972 1683 1045 1747 ὑπε-
1089 1691 1297 1771 υομαοαιινιαι
1310 1689 1347 1750 iu
1361 1688 1451 1754 celtu
1463 1705 1561 1768 super
1574 1704 1745 1753 ruurauue.

302 1796 394 1880 ράνιυ.

343 1897 424 1964 Ἀπὸ
450 1907 511 1963 τῶν
538 1893 693 1978 Ἰωσήπου
716 1895 787 1978 περί
812 1901 869 1976 τῆς
895 1890 1043 1968 ἁλώσεως
1132 1896 1272 1974 Legitur
1297 1893 1386 1975 apud
1408 1894 1592 1975 losephum
1616 1895 1657 1957 de
1684 1895 1833 1958 excidio:

300 2001 486 2089 λεγομένων,
502 1998 671 2084 καιομένου
687 1998 722 2062 δὲ
744 2006 799 2062 τοῦ
815 2007 891 2061 ναοῦ
913 1997 1043 2060 καὶτῶν
1088 2017 1193 2081 quum
1222 1996 1467 2076 conflagratum
1498 1998 1563 2061 fuit
1594 2001 1769 2080 templum,
1797 2004 1832 2062 et

300 2107 386 2193 περίξ
402 2106 557 2186 ἁπάντων,
573 2103 601 2166 οἱ
615 2098 765 2187 Ῥωμαῖοι
785 2098 972 2185 κομίσαντες
987 2101 1044 2175 τὰς
1088 2110 1217 2170 eunctae
1244 2105 1279 2166 in
1302 2105 1447 2167 circuitu
1476 2105 1573 2182 aedes,
1605 2103 1745 2167 Romani
1770 2121 1833 2166 sua

301 2209 439 2297 σημαίας
454 2210 498 2285 εἰς
512 2209 548 2272 τὸ
570 2208 652 2290 ίερὸν
675 2206 759 2269 κατά
778 2213 833 2288 τῆς
856 2203 1044 2287 ἀνατολικῆς
1089 2211 1339 2273 introducentes
1356 2209 1480 2271 vexilla
1496 2210 1532 2271 in
1554 2209 1796 2286 sanctuarium,
1816 2225 1836 2268 a

302 2315 403 2398 πύλης
423 2314 575 2395 ἄντικρυς,
599 2309 710 2375 ἔθεσαν
733 2309 829 2384 αὐτάς
851 2304 966 2386 αὐτόθι,
990 2307 1044 2369 καὶ
1088 2315 1172 2379 facie
1187 2319 1292 2396 porte
1313 2313 1496 2390 orientalis,
1520 2311 1643 2375 ibidem
1660 2329 1700 2374 ea
1714 2327 1831 2391 posue-

301 2423 354 2484 τὸν
370 2418 462 2484 Τῖτον
486 2417 566 2502 μετά
582 2422 733 2500 μεγισπῦν
756 2413 914 2496 εὐφημιῶν
929 2409 1045 2496 &riou-
1089 2424 1179 2498 runt,
1202 2437 1240 2482 ac
1264 2419 1377 2480 Titum
1400 2416 1518 2479 faustis
1535 2422 1569 2478 et
1592 2417 1749 2478 maximis
1767 2416 1833 2477 cla-

303 2543 360 2587 ναν
377 2520 604 2604 αὐτοκράτορα.
1090 2524 1240 2588 moribus
1256 2523 1447 2586 salutarunt
1458 2522 1704 2601 imperatorem.

345 2646 377 2689 ν.
395 2628 424 2691 l.
441 2622 647 2705 Ἐνεπιίρισαν
662 2621 695 2685 ἐν
711 2616 1045 2703 πυρίτὸάγιαστήριάν
1134 2648 1165 2690 ν.
1200 2629 1230 2690 7.
1265 2624 1479 2690 Iureuderuut
1511 2625 1581 2704 iqui
1610 2624 1834 2688 sanctuarium

304 2751 359 2794 σου
375 2729 419 2805 είς
440 2729 498 2812 τὴν
520 2734 590 2811 γῆν,
614 2721 813 2808 ἒύεύύλαααν
835 2724 871 2785 νύ
894 2720 1047 2806 ανὴναμα
1091 2740 1182 2798 tuum
1203 2733 1240 2796 iu
1262 2735 1360 2806 terra,
1381 2727 1571 2807 pollueretur
1594 2725 1835 2791 tateruaeulum

305 2843 361 2898 τοῦ
378 2830 529 2917 ὀνόματός
545 2851 611 2895 σου,
1093 2837 1235 2902 maulaio
1251 2835 1309 2898 tue'.

350 2936 499 3012 Ἀκύλας·
515 2933 714 3018 Ἐνύαρηααν
725 2930 830 3009 αύααῦ
842 2931 972 3016 (witta
988 2929 1050 2994 ἀπὸ
1139 2941 1276 3022 Aquila:
1294 2935 1509 3002 lueeuderuut
1530 2937 1661 2999 ouuetas
1675 2932 1838 2998 ealidasu

303 3051 361 3126 τῆς
375 3049 444 3125 γῆς·
462 3038 645 3123 Σύμμαχος·
661 3035 859 3120 Ἑνύαρνίααν
875 3034 979 3112 αύαας
994 3036 1050 3111 τὰς
1095 3052 1193 3110 terra.
1208 3039 1479 3122 -Symmachus
1491 3061 1497 3099 :
1511 3037 1840 3102 [οισπάσινιιιίοιαιιιι

306 3148 492 3232 συναγωγάς
514 3154 569 3208 τοῦ
592 3142 674 3210 Θεοῦ
697 3143 740 3220 εἰς
767 3151 837 3227 γῆν.
858 3138 1049 3208 Θεοδοτίυν·
1094 3160 1273 3228 maenadas
1295 3143 1356 3206 Dei
1377 3143 1414 3205 iu
1436 3146 1535 3206 ter-ra.
1558 3177 1594 3184 -
1613 3131 1846 3205 Theodotionr

304 3250 508 3333 Ἐνεπάρισαν
524 3248 643 3325 πάντας
658 3248 785 3330 καιροὺς
800 3247 940 3331 ἰσχυροῦ.
1094 3247 1308 3314 Iureuderuut
1322 3249 1431 3312 oruata
1446 3247 1754 3327 temperaratius.

347 3376 378 3418 v.
396 3357 425 3419 8.
441 3353 543 3418 Είπαν
566 3354 599 3419 ἐν
619 3361 658 3437 τῇ
681 3348 796 3434 καρδία
818 3351 918 3414 αὐτῶν
933 3346 955 3430 ἡ
977 3369 1048 3433 συγ·
1137 3373 1168 3415 ν.
1185 3354 1214 3415 8.
1231 3352 1394 3415 Diaeruut
1408 3352 1444 3414 tu
1459 3349 1548 3415 raude
1563 3367 1620 3416 auo
1632 3352 1837 3433 ructationes

302 3458 407 3543 γένεια
419 3459 521 3522 αὐτῶν
533 3457 584 3521 ἐπί
603 3458 638 3520 τὸ
654 3454 744 3519 αὐτό·
761 3454 866 3536 Δεῦτε,
883 3451 1047 3516 καταπαύ
1091 3475 1199 3523 ιονιινιι
1215 3455 1317 3522 οἰοιοῖ
1324 3479 1334 3516 .·
1359 3457 1475 3533 Vertite,
1495 3457 1663 3536 quiescere
1670 3455 1842 3536 suciamus

305 3584 408 3647 σωμεν
422 3563 480 3638 τάς
495 3560 604 3644 ἑορτάς
619 3557 738 3643 Κυρίου
753 3556 815 3620 ἀπὸ
831 3565 887 3641 τῆς
902 3565 971 3641 γῆς·
1090 3564 1159 3628 dies
1165 3562 1273 3645 sertas
1289 3561 1421 3624 Douru'ua'
1436 3577 1456 3624 a
1471 3564 1570 3624 terra.

348 3663 387 3729 El
402 3665 436 3728 δὲ
452 3665 507 3727 καί
524 3665 566 3748 μὴ
583 3661 676 3748 λόγῳ,
693 3671 731 3746 τῇ
747 3661 781 3724 δὲ
804 3658 933 3745 δυνάμει
946 3668 1046 3722 ταῦτα
1134 3668 1205 3730 Nisi
1227 3667 1339 3744 verba
1362 3667 1481 3728 saltem
1509 3680 1609 3744 opere
1640 3663 1723 3725 talia
1752 3663 1837 3727 dice·

303 3771 423 3855 ἔλεγαν·
440 3766 655 3852 Ἐραθνατναύς
670 3764 832 3847 δαύαναανν,
849 3763 891 3841 ὡς
907 3761 1046 3846 αύαααέ-
1090 3772 1181 3834 bant.
1212 3770 1426 3847 indignantis
1453 3785 1546 3830 more
1584 3768 1740 3844 ostendit,
1774 3783 1840 3829 non

305 3875 393 3941 θεντο
409 3881 556 3936 τοσοῦτον
571 3868 655 3954 ἡμῖν,
680 3868 795 3933 ὁπόσον
818 3889 867 3931 σοι
889 3865 1045 3951 πολεμεῖν.
1091 3881 1223 3939 tantum
1239 3874 1344 3951 nobis,
1362 3878 1526 3954 quantum
1555 3870 1616 3932 tibi
1634 3888 1689 3934 eos
1705 3888 1776 3934 esse
1793 3873 1841 3935 μη.

304 3977 394 4043 Μετὰ
423 3975 544 4058 πολλῆς
569 3971 751 4050 ἐπελθόντας
783 3970 857 4056 ἡμῖν
890 3979 946 4054 τῆς
973 3991 1048 4054 ανα-
1091 3981 1218 4044 lensos:
1243 3995 1320 4041 cum
1336 3978 1445 4040 multa
1460 3976 1495 4037 in
1518 3990 1578 4036 nos
1600 3975 1779 4038 concordia
1795 3977 1838 4038 ir·

305 4080 420 4166 φαννύας
442 4082 497 4144 ἕνα
518 4080 637 4142 ανααύν
659 4077 746 4161 εἶχαν
767 4077 820 4139 νύν
843 4076 903 4139 ύαύ
927 4085 983 4138 ααῠ
999 4074 1046 4138 δε·
1093 4089 1238 4160 ruentes
1262 4098 1368 4144 unum
1384 4079 1448 4142 sibi
1472 4094 1610 4158 scopum
1633 4076 1768 4157 habent,
1792 4079 1838 4141 le·

304 4186 433 4272 δομέναν
449 4184 625 4249 καταλῦσαι
640 4182 742 4268 νόμον.
760 4180 816 4244 Διὰ
830 4182 891 4264 γὰρ
907 4189 967 4244 τῶν
983 4178 1049 4262 {ou
1094 4205 1173 4268 gem
1185 4205 1206 4249 a
1219 4193 1252 4250 te
1277 4187 1389 4248 datam
1412 4184 1604 4246 dissolvere.
1622 4185 1684 4245 Per
1703 4183 1773 4250 dies
1788 4183 1844 4266 Je-

305 4300 366 4355 τῦιν
396 4292 453 4376 τὴν
483 4289 567 4352 κατά
597 4287 690 4371 νάμον
717 4283 874 4349 πολιτείαν
900 4281 1050 4366 ἐδήλωσε.
1094 4298 1159 4358 stas
1181 4292 1282 4368 enim,
1305 4289 1411 4350 vitam
1434 4305 1476 4348 ex
1500 4288 1580 4364 lege
1604 4292 1774 4367 peractam
1790 4289 1844 4352 de-

305 4395 416 4461 Ταύτα
437 4393 482 4473 δὲ,
505 4393 611 4476 φησίν,
639 4389 787 4474 ἐνύλμαννν
812 4385 892 4472 μήτε
915 4386 970 4460 τὰς
1001 4386 1051 4450 ἐπὶ
1096 4397 1246 4460 claravit.
1262 4396 1340 4456 Haeo
1356 4407 1435 4453 vero
1451 4391 1526 4452 ausi
1542 4395 1635 4468 sunt,
1659 4390 1716 4468 ait,
1733 4408 1842 4473 neque

303 4509 364 4564 τῶν
391 4495 552 4582 προγόνων
576 4493 665 4579 ἡμῶν
691 4494 823 4578 ὁρῶντας
852 4489 1051 4574 ύανμανααα·
1095 4499 1344 4568 considerantes
1370 4494 1528 4575 prodigia
1561 4493 1625 4555 sub
1659 4493 1843 4572 majoribus

303 4605 383 4693 γίας,
401 4601 480 4690 μήτε
496 4601 573 4684 ὑπὲρ
597 4607 794 4685 προφητικῆς
817 4594 1048 4680 διελεγχόμενοι
1096 4605 1218 4668 nostris
1245 4605 1386 4682 patrata,
1417 4615 1480 4660 neo
1503 4596 1704 4677 prophetica
1734 4596 1843 4659 redar-

304 4710 449 4796 χάοντας·
465 4706 582 4770 ταύναν
597 4704 658 4788 γάρ
675 4698 979 4784 ύαάνναννέξαύννης
993 4719 1050 4761 να·
1095 4710 1171 4788 guti
1195 4706 1324 4785 gratia:
1347 4703 1468 4765 harum
1492 4701 1583 4763 enim
1612 4701 1763 4763 omnium
1789 4719 1840 4763 re-

304 4812 461 4896 τὲστησαν
476 4809 595 4893 ἔρημοι.
621 4806 727 4872 Πάλαι
740 4808 802 4890 γάρ
819 4807 873 4868 καί
889 4805 969 4889 μετά
990 4805 1049 4888 τὴν
1097 4830 1171 4875 rnm
1184 4826 1320 4891 prorsus
1328 4824 1363 4869 se
1372 4804 1507 4885 Jejunos
1521 4804 1680 4867 habuere.
1690 4805 1840 4884 Namque

306 4917 459 4983 ἐπάνοδον
487 4915 582 4999 ἔσχον
609 4910 781 4996 προφήτας,
809 4911 862 4974 τὸν
890 4906 1051 4991 Ἀγγαῖαν,
1096 4918 1186 4993 olim,
1205 4914 1257 4975 vel
1276 4915 1350 4992 post
1372 4911 1517 4973 reditum
1533 4927 1554 4970 a
1572 4908 1752 4989 Babylone,
1770 4924 1842 4987 prc-

341 5107 389 5161 Ps.
404 5123 510 5174 nursi,
524 5123 551 5160 ν.
567 5105 591 5158 1.
605 5103 671 5157 Vct.
685 5103 710 5170 2,
724 5101 748 5154 l.
762 5099 828 5154 Mel.
843 5101 972 5152 ιπίπονον.
1134 5105 1162 5142 v.
1175 5087 1199 5140 l.
1216 5086 1280 5139 Vat.
1294 5083 1335 5136 12.
1350 5081 1394 5137 Cb
1408 5085 1438 5136 at
1451 5079 1572 5136 amanda
1584 5076 1676 5132 Fiald.
1692 5079 1732 5146 11,
1746 5077 1806 5134 217.

340 5210 368 5252 V·
382 5193 407 5246 5.
421 5191 488 5248 vae.
502 5192 526 5260 5,
542 5191 582 5256 12,
597 5189 639 5256 14,
653 5187 695 5242 16.
1133 5191 1160 5230 v.
1173 5173 1198 5226 8.
1213 5171 1279 5226 vae.
1294 5170 1335 5238 12,
1347 5169 1389 5222 14.
1403 5166 1485 5222 Alias
1499 5171 1525 5220 αἰ
1538 5168 1688 5232 συγγένειαι.
