4044 6104
871 445 1077 513 EUSEBIUS
1684 453 1751 516 447

200 589 235 655 ἒν
250 587 357 666 οίςὲτι
379 585 494 668 ζῶντες
517 582 735 670 κατεσκήνουν
757 583 801 664 εἰς
823 581 948 669 ἑτέρους
996 585 1127 650 obitum
1150 590 1304 652 mortuus
1320 587 1459 672 jacebit,
1473 597 1670 674 corruptum
1694 613 1750 660 aa·

199 692 269 778 ἥξει
292 688 487 776 ἀλλοτρίους,
510 691 566 755 καί
588 687 810 775 διαδοθήσεται
832 688 877 767 είς
898 709 950 774 γε·
996 689 1108 754 daver.
1124 693 1250 756 Eorum
1267 710 1347 756 νειο
1359 695 1588 778 tabernacula,
1602 717 1678 781 quae
1696 702 1746 763 vi·

200 798 276 862 νεάν
291 797 346 862 καὶ
361 795 483 882 γενεοίν.
553 862 556 868 ,
996 796 1032 858 ν1
1046 793 1256 876 habitabant,
1272 797 1314 860 ad
1331 802 1468 862 caeteros
1486 801 1653 864 transient
1667 804 1748 866 alie·
1763 831 1766 842 ·

996 916 1067 980 nos,
1080 903 1114 963 et
1125 901 1303 966 tradentur
1318 901 1353 964 in
1369 904 1624 980 generationem
1641 912 1675 968 et
1688 923 1747 985 ge·

996 1004 1259 1069 nenerationem.

242 1129 275 1173 v.
294 1110 345 1192 13,
368 1108 418 1172 14.
434 1104 500 1172 Καὶ
522 1104 685 1191 ἄνθρωπος
699 1106 733 1173 lv
748 1115 823 1193 τιμῆ
846 1104 889 1172 ὢν
912 1103 949 1170 οίι
1039 1123 1072 1169 v.
1090 1107 1141 1188 13,
1160 1108 1210 1171 14.
1225 1107 1272 1174 at
1285 1111 1375 1176 docto
1390 1127 1462 1176 crem
1475 1110 1514 1176 ιἰι
1527 1115 1745 1195 ίιιιιιονασστεί,

199 1221 344 1298 συνῆκεν,
360 1209 625 1296 παρασυνεβλήθη
648 1219 713 1288 τοῖς
730 1209 865 1295 κτήνεσι
885 1217 951 1286 τοῖς
994 1228 1058 1276 nort
1084 1211 1257 1294 intellexit,
1287 1221 1490 1296 comparator
1516 1224 1565 1284 ert
1587 1217 1750 1312 jactantis

199 1315 354 1402 ἀνοήτοις·
369 1318 424 1380 καί
440 1314 585 1402 ὡμοιώθη
606 1313 722 1397 αὐτοῖς,
738 1318 819 1399 αὕτη
840 1311 861 1397 ή
879 1311 950 1390 ὁδὸς
994 1315 1231 1398 impauidas,
1243 1319 1403 1384 arsimus
1408 1319 1525 1402 scotus
1531 1323 1667 1387 estillic:
1680 1323 1745 1390 ίιαι

199 1423 303 1487 αὐτῶν
325 1420 505 1494 σκάνδαλον
527 1417 643 1502 αὐτοῖς,
670 1422 725 1485 καί
748 1420 828 1507 μετά
849 1426 951 1483 ταῦτα
994 1420 1409 1502 melioramentum
1424 1425 1528 1507 πρωίας
1544 1430 1748 1509 etposteain

200 1526 235 1591 ἑν
256 1533 301 1610 τῷ
324 1523 457 1610 στόματι
482 1524 585 1589 αὐτών
615 1521 848 1608 εὐδοκήοουσιν.
877 1521 948 1586 Διό·
996 1528 1533 1612 memoriammemioriamr
1588 1581 1595 1594 .

202 1629 324 1714 ψαλμοι.
1359 1693 1365 1706 ,

242 1733 464 1818 Εὐκαιρότατα
488 1731 650 1820 ἐπήγαγεν
671 1740 774 1796 ταῦτα
787 1740 853 1809 τοῖς
875 1750 951 1816 προ·
1041 1737 1330 1815 Opportunissime
1343 1738 1445 1803 rebus
1456 1745 1557 1803 antea
1567 1739 1667 1806 dictis
1675 1743 1747 1806 haec

198 1839 364 1926 λεχθεῖσιν.
381 1838 421 1904 El
434 1840 496 1924 γάρ
519 1840 632 1924 ἔτυχεν
646 1839 748 1915 συνείς
762 1839 821 1924 τήν
835 1835 949 1902 ἑαυτοῦ
996 1837 1143 1918 subjicit.
1151 1841 1186 1903 Si
1199 1841 1290 1904 enim
1298 1841 1462 1906 adfuisset
1470 1843 1580 1925 homo,
1589 1863 1689 1909 suum
1698 1849 1749 1909 in·

199 1946 303 2032 τιμήν,
327 1945 449 2030 ἔμεινεν
471 1943 510 2009 ἀν
528 1943 563 2010 ἐν
584 1941 765 2028 παραδείσῳ
785 1942 879 2025 Θεοῦ,
895 1943 950 2007 καί
995 1944 1157 2022 telligens
1183 1943 1355 2026 honorem,
1382 1949 1564 2012 mansisset
1590 1950 1625 2012 in
1651 1969 1748 2032 para·
1847 1949 1852 1962 ‘

199 2046 260 2112 οὐκ
284 2047 324 2114 ἂν
346 2048 433 2114 οίκον
455 2046 613 2131 ἐκτήσατο
636 2049 689 2112 τόν
712 2045 826 2112 ἑαυτοῦ
848 2047 949 2132 τάφον
996 2048 1069 2111 diso
1092 2049 1163 2128 Dei,
1182 2067 1292 2130 neque
1315 2049 1380 2114 sibi
1404 2051 1541 2116 domum
1567 2057 1743 2135 acquirere

198 2151 265 2216 οὔτ’
276 2152 315 2216 ἀν
326 2154 475 2238 ῆκουσεν·
487 2151 532 2238 Γῆ
545 2152 636 2216 είκαί
647 2152 691 2228 εἰς
702 2159 763 2236 γῆν
776 2149 949 2236 ἀπελεόση·
996 2153 1108 2233 ipsum
1131 2154 1336 2234 sepulcrum,
1360 2158 1420 2218 aut
1442 2156 1559 2220 audire
1583 2158 1747 2237 contigis-

198 2258 254 2321 καί
269 2257 297 2321 εί
319 2258 420 2334 συνείς
436 2258 547 2342 ἔτυχεν
569 2257 628 2341 τήν
650 2253 765 2320 ἑαυτοῦ
788 2258 891 2341 τιμήν,
908 2255 949 2334 ώς
995 2258 1063 2317 set:
1088 2255 1214 2318 «Terra
1228 2273 1274 2336 es,
1288 2261 1321 2319 et
1336 2258 1509 2323 interram
1522 2263 1710 2326 reverteris.
1725 2284 1742 2322 »

198 2359 271 2425 κατ’
282 2359 390 2424 εἰκόνα
401 2357 494 2444 Θεοῦ,
508 2361 562 2425 καί
577 2359 650 2424 καθ’
658 2356 805 2445 δμοίωσιν
819 2359 950 2445 πεποίη-
995 2360 1078 2423 Etsi
1090 2377 1191 2423 suum
1206 2362 1430 2426 intellexisset
1448 2363 1619 2446 honorem,
1635 2385 1744 2448 quan-

197 2485 244 2548 το,
266 2463 326 2530 οὐκ
351 2465 390 2531 ἀν
415 2462 681 2550 παρασυνεόλήθη
708 2471 773 2540 τοῖς
799 2461 949 2549 κτήνεσιν
996 2467 1071 2527 tum
1087 2469 1138 2530 est
1152 2465 1267 2542 imago
1281 2465 1354 2545 Dei,
1375 2469 1409 2529 et
1424 2466 1467 2531 ad
1486 2468 1746 2534 similitudinem

200 2577 264 2646 τοῖς
280 2567 440 2654 ἀνοήτοις·
455 2572 511 2634 καί
527 2569 554 2634 εί
569 2577 705 2653 συνῆκεν
719 2570 779 2654 τήν
793 2568 890 2633 αὐτοῦ
905 2588 948 2633 τι·
996 2567 1058 2631 Dei
1086 2566 1195 2632 factus
1222 2574 1282 2650 est,
1309 2571 1506 2634 nullatenus
1532 2578 1747 2654 comparatus

199 2675 271 2761 μήν,
295 2671 336 2751 ώς
359 2673 506 2761 εὐλογίας
528 2672 649 2760 ήξιώθη
676 2683 890 2760 πνευματικῆς
915 2676 950 2741 iv
996 2663 1085 2734 esset
1097 2670 1264 2751 jumentis
1279 2673 1529 2755 insipientibus.
1542 2677 1586 2738 Et
1602 2677 1632 2740 si
1648 2695 1750 2742 suum

198 2786 263 2855 τοῖς
276 2775 474 2863 ἐπουρανίοις
485 2777 518 2845 ἐν
527 2777 663 2865 Χριστῷ,
673 2777 778 2856 καθώς
786 2776 950 2857 ἐξελέξατο
996 2775 1221 2864 intellexisset
1246 2776 1419 2858 honorem,
1452 2783 1621 2860 quatenus
1650 2782 1750 2862 spiri·

197 2882 282 2969 ἡμᾶς
297 2885 331 2951 ἑν
346 2884 431 2970 αὐτῷ
446 2885 507 2968 πρὸ
522 2882 706 2968 καταδολῆς
721 2881 853 2970 κόσμου,
870 2885 949 2950 είναι
995 2882 1082 2945 tuali
1097 2886 1219 2946 auctus
1235 2886 1317 2946 est«
1341 2882 1627 2948 benedictionem
1649 2888 1748 2951 coele-

197 2986 283 3073 ήμᾶς
298 2985 406 3073 ἁγίους
430 2989 485 3052 καί
503 2976 652 3074 ἀμώμους
674 2986 872 3054 κατενώπιον
894 2989 949 3053 aa
995 2984 1104 3049 stibus
1117 2985 1152 3047 in
1164 2984 1307 3066 Christ0,
1319 2986 1410 3050 sicut
1422 2988 1532 3071 ,elegit
1547 3006 1607 3053 nos
1623 2990 1659 3053 in
1676 2991 1749 3074 ipso

198 3103 265 3176 τοῦ,
281 3091 314 3157 ἐν
331 3091 442 3179 ἀγάπη
454 3089 623 3177 προορίσας
638 3091 723 3177 ήμᾶς
739 3091 784 3169 είς
794 3091 950 3160 υἱοθεσίαν
996 3093 1076 3154 ante
1104 3091 1225 3154 mundi
1251 3091 1540 3175 constitutionem,
1572 3099 1612 3158 ut
1640 3096 1747 3160 simus

198 3193 232 3258 ἐν
259 3193 383 3280 ἑαυτῷ,
412 3195 470 3260 οὐκ
496 3195 535 3259 ἀν
562 3193 780 3262 ἐπεκαλέσατο
807 3197 858 3262 ἐπί
887 3204 950 3263 τῶν
996 3195 1151 3258 sanctiet
1166 3197 1376 3277 immaculati
1392 3197 1427 3260 in
1443 3203 1625 3281 conspectu
1642 3201 1745 3280 illius,

198 3305 296 3381 γαιῶν
316 3299 353 3361 τὸ
376 3298 476 3383 όνομα
498 3299 605 3363 αὐτοῦ.
629 3297 701 3376 Πώς
724 3299 759 3364 δὲ
774 3320 951 3384 παρασυνε-
996 3297 1031 3360 in
1057 3299 1233 3380 charitate,
1261 3299 1320 3381 qui
1343 3303 1597 3382 pradestinavit
1623 3321 1683 3368 nos
1710 3305 1747 3370 in

199 3399 301 3487 όλήθῆ
324 3412 389 3480 τοῖς
411 3401 555 3487 κτήνεσι,
567 3404 623 3467 καί
645 3404 711 3479 πώς
733 3401 877 3488 ώμοίωθη
894 3403 949 3467 αὐ·
997 3401 1221 3482 adoptionem,
1238 3405 1274 3466 in
1287 3405 1401 3486 ipse,>›
1422 3407 1564 3484 minime
1578 3407 1636 3472 ille
1652 3425 1749 3472 voca·

197 3513 273 3589 τοῐς,
289 3505 361 3592 ἑξῆς
377 3506 527 3591 discerpet
535 3505 648 3592 λόγων·
658 3505 752 3592 Αὕτη
768 3505 789 3591 ή
806 3507 878 3584 ὁδός
894 3507 949 3571 αὐ·
996 3505 1101 3569 visset
1112 3522 1234 3570 nomen
1250 3509 1395 3571 suumin
1407 3510 1569 3574 terris.At
1580 3512 1746 3592 quomodo

196 3619 258 3676 τῶν
273 3611 462 3689 σκανδάλοις
484 3611 599 3690 αὐτοῖς.
616 3603 709 3677 ‘otti
732 3610 839 3678 εἴωθεν
862 3609 947 3675 όλό·
995 3609 1441 3693 sitcomparatusjumentis,
1464 3617 1680 3699 etquomodo
1702 3619 1746 3681 si·

197 3736 253 3802 γος
269 3715 378 3782 καλεῖν
393 3718 447 3781 τόν
462 3715 598 3781 ἑκάστου
618 3713 685 3802 βίον
706 3717 761 3780 καί
777 3715 830 3780 τὸν
845 3722 903 3798 τῆς
919 3713 949 3778 ἑ·
996 3713 1087 3776 milis
1114 3713 1223 3778 iactus
1242 3715 1289 3778 sit
1313 3715 1393 3797 illis,
1420 3717 1578 3800 deinceps
1599 3719 1749 3785 declarat

198 3820 318 3887 κάστου
340 3821 426 3905 ζωῆς
448 3819 571 3907 χρόνον,
593 3820 666 3885 καθ’
676 3819 717 3904 ἣν
738 3818 849 3903 ὁδεύει,
875 3821 949 3905 ήτοι
996 3817 1211 3884 diceneum
1224 3821 1280 3884 σία
1292 3818 1426 3884 illorum
1440 3821 1629 3887 εσαικίαίιωα
1649 3823 1743 3906 apris.

199 3927 257 4011 τήν
272 3928 385 4012 στενήν
400 3927 455 3991 καί
469 3925 677 4013 τεθλιμμένην
687 3927 746 4011 τήν
761 3924 949 4012 ἀπάγουοαν
995 3923 1094 3986 Viam
1105 3924 1253 3987 solemne
1261 3925 1442 4006 Scripturae
1449 3932 1500 3989 est
1510 3925 1622 3990 dicere
1633 3927 1687 4008 cuj
1692 3948 1746 3993 us-

199 4028 243 4105 είς
257 4029 317 4114 τήν
331 4028 427 4115 ζωήν,
442 4031 464 4116 ή
487 4031 546 4115 τῆν
568 4029 721 4094 πλατεῖαν
742 4030 797 4094 καί
820 4027 950 4114 εὐρώχο-
996 4044 1143 4108 cumque
1159 4027 1276 4109 vitam,
1297 4033 1331 4092 et
1345 4034 1479 4112 tempus
1495 4031 1585 4112 quod
1599 4033 1748 4112 singulis

66 4146 69 4152 '
199 4153 254 4218 ρον
265 4135 324 4218 τήν
336 4132 523 4221 ἀπάγουοαν
538 4135 583 4212 είς
593 4136 652 4221 τήν
664 4133 834 4200 ἀπώλειαν.
845 4133 950 4201 'Atia
996 4133 1039 4196 ad
1067 4131 1252 4195 vivendum
1282 4133 1398 4214 datur;
1428 4135 1616 4199 secundum
1644 4153 1747 4217 quam
1804 4207 1816 4233 ⁹

198 4237 260 4323 γὰρ
274 4237 396 4316 τούτοις
419 4249 483 4317 τοῖς
499 4242 541 4326 μή
557 4243 617 4326 τήν
639 4238 760 4305 ἑαυτῶν
780 4242 873 4325 τιμήν
896 4259 949 4304 συ-
996 4236 1087 4298 viam
1103 4238 1266 4317 ambulat,
1282 4238 1354 4302 siva
1365 4245 1493 4302 arctam
1508 4244 1541 4304 et
1552 4245 1748 4322 angustam,

199 4350 304 4425 νείσιν,
327 4342 638 4430 παρασυμβληθείσιν
653 4345 689 4409 δὲ
712 4353 777 4422 τοῖς
791 4342 949 4428 κτήνεσιν,
997 4358 1073 4422 quae
1088 4340 1183 4404 ducit
1197 4341 1239 4404 ad
1251 4344 1367 4422 vitam,
1379 4345 1451 4408 sive
1463 4345 1566 4408 latam
1579 4349 1613 4408 et
1626 4348 1748 4426 spatio-

199 4445 294 4524 αὐτός
309 4447 326 4512 ό
344 4445 409 4534 βίος
430 4450 485 4513 καί
501 4449 518 4514 ό
533 4456 590 4532 τῆς
613 4448 698 4532 ζωῆς
718 4448 832 4534 χρόνος
854 4449 949 4514 σκάν-
995 4463 1078 4524 sam,
1091 4463 1168 4527 quae
1179 4445 1587 4513 ducitadinteritum.His
1598 4452 1746 4530 veroqui

201 4550 297 4616 δαλον
319 4550 448 4638 γέγονεν
470 4555 525 4618 καί
540 4552 688 4638 ἐμπίδων
709 4561 766 4638 τῆς
781 4549 949 4636 σωτηρίας,
997 4567 1100 4614 suum
1123 4549 1285 4613 honorem
1316 4569 1383 4614 non
1407 4554 1660 4634 intellexerunt,
1688 4555 1748 4635 qui

199 4652 328 4740 ἐπείπερ
360 4655 449 4720 αὐτοὶ
475 4656 598 4734 ἑαυτοῖς
624 4656 864 4723 κατεσκεύασαν
889 4659 948 4741 τήν
998 4655 1183 4736 comparati
1210 4659 1291 4718 sunt
1309 4654 1486 4737 jumentis,
1518 4661 1589 4722 vita
1613 4661 1686 4741 ipsa
1715 4665 1749 4725 et

200 4755 319 4824 ἑαυτών
342 4758 414 4824 ὁδόν
441 4768 593 4846 τραχεῖαν
614 4760 670 4824 καί
692 4757 870 4844 κωλυτικὴν
893 4769 950 4845 τῆς
995 4763 1130 4839 tempus
1151 4758 1290 4822 vivendi
1306 4759 1342 4822 in
1360 4762 1558 4825 scandalum
1579 4763 1692 4827 evadit
1715 4769 1751 4827 et

200 4860 374 4946 σωτηρίας·
398 4863 453 4927 καὶ
468 4872 521 4927 νῦν
538 4864 593 4948 μὲν
609 4863 662 4927 ότε
682 4860 829 4948 φέρονται
844 4864 877 4930 ἐν
892 4865 946 4928 σίν
1000 4865 1035 4927 in
1048 4863 1170 4927 salutis
1186 4862 1410 4943 obstaculum,
1427 4867 1588 4946 quoniam
1600 4868 1666 4948 ipsi
1681 4868 1748 4932 sibi

235 5133 263 5172 v.
277 5114 320 5182 13,
333 5114 375 5170 14.
388 5113 483 5170 Vatia.
497 5114 539 5170 13.
552 5113 591 5169 cf.
605 5114 710 5172 Genea.
725 5082 770 5186 ιιι,
784 5117 826 5174 19.
842 5119 949 5194 Ephas.
996 5114 1084 5186 ciora,
1096 5129 1162 5186 quta
1173 5130 1244 5172 vero
1262 5112 1350 5170 lectio
1367 5113 1540 5188 proponitur
1559 5117 1637 5170 ἀνοια
1648 5118 1749 5184 αὐτοῖς,

201 5201 291 5274 1,4,5.
300 5201 406 5259 ldatth.
417 5201 484 5273 VII,
495 5202 536 5272 14,
545 5201 587 5259 15.
597 5200 689 5259 Field.
703 5217 734 5274 ιι,
746 5204 805 5276 111,
819 5205 869 5262 ubi
878 5227 949 5282 pau·
995 5201 1099 5274 placet,
1113 5199 1165 5258 sed
1178 5198 1289 5273 optimo
1302 5198 1402 5258 codice
1414 5217 1474 5258 aon
1486 5200 1683 5258 confirmatur.
