4044 6104
303 486 366 548 438
973 488 1183 550 ORIGENES

346 626 412 704 Τὰς
425 625 591 715 γινομένας
607 627 692 712 αὐτῷ
714 629 801 711 παρὰ
816 636 877 694 τῶν
893 627 1049 712 δαιμόνων
1140 635 1219 707 Quae
1235 632 1331 712 ipsia
1348 631 1558 696 damonibus
1577 652 1684 715 poenae
1707 654 1850 716 erogan-

300 730 447 816 τιμωρίας
464 740 520 796 τοῦ
538 730 622 798 Θεοῦ
641 730 736 820 λέγει,
753 731 796 810 ὡς
810 741 1052 817 συγχωροῦντος
1096 741 1162 814 tur,
1182 753 1238 798 eas
1254 736 1315 799 Dei
1339 753 1415 799 esse
1431 736 1524 816 dioit,
1548 743 1587 800 ut
1601 741 1661 820 qui
1684 742 1853 822 permittit

306 836 401 900 αθτδν
417 834 468 899 διὰ
479 837 537 920 τήν
554 834 709 920 ἁμαρτίαν
724 835 844 900 παθεῖν.
862 835 917 901 Ἐν
930 837 986 921 μὲν
997 837 1052 901 οὖν
1100 843 1139 902 ut
1152 843 1288 920 propter
1304 844 1480 921 peecatum
1491 858 1531 904 ea
1543 843 1702 922 patiatur.
1716 845 1754 906 In
1767 861 1853 925 μεω-

302 947 347 1022 τῷ
357 939 418 1022 πρὸ
431 939 543 1003 τούτου
558 938 673 1024 ψαλμῷ
689 949 840 1024 παρεῖχεν
856 939 967 1005 ἑαυτὸν
982 949 1051 1018 ταῖς
1100 941 1233 1005 cedenti
1250 943 1359 1020 igitur
1373 945 1511 1023 psalmo,
1525 962 1561 1008 se
1572 944 1724 1009 subdidit
1737 947 1853 1028 plagis

304 1041 538 1126 ἐπιτρεπτικαῖς
549 1043 696 1127 πληγαῖς,
706 1042 757 1107 οίίι
765 1064 810 1120 τις
818 1042 984 1128 εὐγνώμων
993 1063 1049 1128 μα·
1100 1045 1143 1107 ad
1158 1047 1331 1109 meliorem
1339 1045 1474 1125 frugem
1488 1048 1626 1128 idoneis,
1639 1050 1698 1130 qui
1710 1051 1851 1132 perinde

302 1146 401 1231 θητής
424 1146 605 1232 διδασκάλῳ
620 1146 736 1232 φήσας·
751 1148 815 1232 εγὼ
831 1147 866 1212 δὲ
881 1148 925 1224 εἰς
942 1147 1049 1232 μάστι·
1099 1167 1138 1211 ao
1150 1150 1323 1227 ingenuus
1350 1150 1537 1232 discipulus
1553 1153 1728 1232 magistre,
1746 1154 1849 1217 dixit:

301 1271 363 1335 γας
378 1248 511 1336 ἕτοιμος.
529 1249 594 1316 Νῦν
613 1251 648 1316 δὲ
663 1251 705 1328 ὡς
721 1249 862 1315 ἀπειπὼν
877 1259 916 1334 τη
932 1249 1050 1315 τούτων
1094 1253 1169 1330 Ego
1185 1253 1220 1314 in
1232 1251 1371 1332 flagella
1386 1258 1524 1333 paratus
1551 1273 1637 1318 sum.
1653 1259 1751 1320 Nune
1766 1275 1851 1336 ergo

302 1353 459 1440 συνεχείᾳ,
481 1355 663 1420 παύσασθαι
684 1356 801 1431 ταύτας
824 1356 923 1419 αίτεῖ·
948 1353 1052 1418 οὐκέτι
1096 1356 1149 1416 uti
1171 1354 1333 1418 deficiens
1353 1355 1395 1418 ob
1416 1373 1531 1419 eorum
1553 1362 1850 1441 perseverantiam,

301 1460 374 1546 γὰρ,
389 1461 476 1544 φησί,
501 1469 615 1544 χωρεῖν
630 1460 686 1535 τὰς
710 1459 865 1544 μάστιγάς
881 1481 938 1524 σου
961 1459 1050 1522 δύνα-
1096 1475 1213 1521 eorum
1237 1459 1340 1522 finem
1356 1461 1512 1540 postulat.
1528 1462 1731 1528 Nullatenus
1747 1467 1850 1546 enim,

304 1565 439 1651 μαι,ὑπδ
450 1565 554 1650 χειρὸς
565 1565 803 1648 οὕτωςίσχυρᾶς
816 1561 1049 1648 μαστιζόμενος,
1094 1565 1153 1642 ait,
1180 1565 1277 1627 valeo
1299 1569 1375 1628 tuas
1403 1568 1646 1644 castigationes
1671 1572 1852 1652 sustinere,

300 1669 381 1733 ὥστε
404 1665 560 1754 μηδεμίαν
575 1669 609 1734 ἐν
625 1668 693 1754 ἐμοί
716 1668 846 1754 δύναμιν
867 1667 1051 1733 ὑπολείπεσ-
1094 1669 1158 1731 sub
1173 1686 1277 1730 manu
1292 1669 1375 1731 adeo
1390 1672 1523 1751 potenti
1547 1671 1668 1751 flagris
1682 1676 1848 1754 concisus

303 1773 363 1838 θαι.
1095 1773 1143 1834 ita
1158 1775 1198 1834 ut
1212 1773 1308 1835 nulls
1319 1774 1403 1836 mihi
1419 1775 1528 1850 virtus
1546 1776 1774 1858 relinquatur.

332 1980 382 2037 Ps.
407 1995 519 2039 xxxlx.
541 1979 654 2035 Iterum
675 1979 778 2036 avulso
799 1979 889 2036 vatio.
911 1977 946 2033 13
968 1977 1048 2048 folio,
1093 1978 1173 2030 πόθεν
1186 1979 1266 2030 αθτδν
1279 1980 1435 2047 ίνεμήσατο,
1448 1981 1528 2048 οὕπερ
1540 1983 1633 2046 ἔτυχεν
1644 1983 1786 2050 ὑπομείνας
1796 1986 1845 2037 τδν

299 2067 377 2122 huno
388 2066 533 2139 psalmum
544 2064 607 2120 fera
620 2065 791 2136 omittimus,
803 2065 862 2120 nisi
871 2064 949 2136 quod
961 2070 1050 2120 tanao
1093 2065 1197 2130 Κύριον.

298 2153 442 2209 scholium
453 2152 622 2207 obtulerunt
639 2151 722 2222 codd,
734 2152 822 2209 vatio.
833 2153 867 2206 10
880 2157 910 2207 et
923 2151 965 2222 14,
977 2151 1009 2206 in
1020 2169 1048 2208 v.
1129 2148 1179 2204 Pa.
1192 2167 1243 2208 ιιι..
1265 2150 1376 2206 Doassa
1388 2150 1507 2222 quidem
1525 2150 1614 2207 aditis
1625 2152 1764 2210 ridentur
1782 2170 1848 2224 quas

298 2241 355 2296 2—4.
367 2242 473 2307 Ἐπειδὴ
491 2242 509 2307 ή
527 2241 613 2307 θλῖψις
630 2241 763 2307 ὑπομονήν
774 2242 976 2308 κατεργάζεται,
989 2241 1007 2306 ή
1020 2242 1049 2292 δὲ
1094 2235 1180 2306 infra,
1199 2254 1294 2308 nequo
1315 2235 1438 2309 indigna
1459 2256 1524 2293 osso
1547 2256 1612 2310 quae
1630 2257 1696 2294 oum
1718 2239 1848 2294 uberiori

298 2328 417 2394 ὑπομονὴ
430 2326 579 2393 δοκιμήν,ή
597 2328 627 2379 bt
639 2328 735 2395 δοκιμή
752 2328 853 2391 ἐλπίδα,
866 2328 940 2392 ελπῖς
958 2328 988 2379 od
1000 2343 1050 2379 κα-
1094 2331 1238 2398 apparatu
1250 2325 1402 2398 prodeant,
1416 2327 1468 2382 sed
1480 2327 1576 2381 minus
1588 2327 1658 2382 boni
1671 2331 1741 2382 sunt
1762 2327 1846 2382 codd.

298 2415 472 2478 ταισχθνεται,
489 2414 542 2466 κᾶν
560 2415 673 2480 αμαρτρ,
690 2415 822 2481 ὁμολογεῖ
835 2415 867 2466 τὸ
884 2416 981 2478 κακὸν,
996 2415 1049 2466 κάν
1095 2416 1124 2466 at
1136 2412 1353 2486 properandum
1361 2413 1440 2470 inter
1452 2414 1541 2486 spatii
1554 2419 1585 2469 ot
1600 2413 1743 2486 temporis
1754 2429 1847 2484 angu-

299 2501 393 2554 duusdv
411 2500 543 2566 ἀναλάδη,
559 2502 681 2567 γνωρίζει
700 2505 749 2568 της
773 2504 861 2568 ψυχῆς
884 2503 931 2555 τὸν
951 2502 1049 2567 ῖατρδν,
1094 2497 1176 2554 stiss.

930 2696 1099 2774 Ροοίικαε
1123 2693 1212 2774 XL.

342 2949 374 2993 v.
391 2931 422 2994 4.
445 2929 561 3015 Κύριος
584 2928 734 3017 βοηθήσει
757 2930 842 3014 αὐτῷ
864 2928 915 2993 ἐπί
936 2927 1051 3010 κλίνης·
1090 2923 1129 2992 Ὁ
1144 2926 1180 2990 δὲ
1194 2927 1301 3011 σωτήρ
1317 2936 1418 2990 ταῦτα
1440 2924 1537 3014 λέχει,
1555 2927 1612 3004 τὰς
1629 2925 1785 3012 ἁμαρτίας
1807 2924 1847 3010 ή-

298 3031 411 3114 ὀδύνης
433 3036 540 3115 αὐτοῦ,
564 3033 642 3119 δλην
661 3035 720 3119 τήν
742 3031 852 3117 κοίτην
875 3031 972 3095 αὐτοῦ
993 3031 1047 3094 ἔσ-
1092 3038 1158 3115 μῶν
1182 3030 1411 3115 οἰκειούμενος·
1435 3029 1570 3113 Χριστὸς
1592 3029 1645 3114 ὑφ’
1655 3027 1745 3114 ήμῶν
1768 3027 1846 3094 ἀπέ-

298 3134 416 3217 τρεψας
430 3137 464 3201 ἒν
478 3146 517 3222 τή
534 3135 692 3222 ἀρρωστίᾳ
707 3135 814 3200 αὐτοῦ.
1094 3133 1180 3215 θανε,
1204 3131 1371 3220 γενόμενος
1394 3133 1471 3217 ὑπὲρ
1497 3131 1585 3218 ήμῶν
1607 3135 1741 3216 κατάρα.
1766 3132 1847 3198 Είτα

343 3237 478 3324 Στρέψει
505 3241 563 3325 τήν
590 3240 710 3324 κοίτην,
738 3238 923 3317 ἀπαλλάξας
950 3240 1046 3305 αὐτὸν
1096 3239 1138 3302 τὰ
1148 3238 1233 3302 κατα
1243 3235 1345 3312 πάθος
1354 3234 1534 3321 ἐπήγαγεν·
1548 3234 1657 3326 ’ρασαι
1668 3237 1726 3321 τήν
1739 3235 1847 3322 ψυχήν

287 3350 355 3426 ,τής
369 3339 565 3428 ἀνθρωπίνης
580 3341 766 3428 ἀρρωστίας,
779 3351 936 3428 χαριεῖται
951 3344 986 3408 δὲ
998 3344 1052 3407 αθ
1100 3364 1170 3428 μου,
1187 3343 1234 3406 ὅτι
1248 3339 1390 3426 ήμαρτόν
1406 3361 1464 3404 σοι.
1489 3343 1588 3407 Vatia.
1608 3343 1658 3407 14.

297 3453 342 3530 τῷ
357 3447 415 3532 τήν
438 3448 578 3531 ψυχικήν
594 3445 730 3531 ὑγιείαν·
753 3448 781 3512 εί
796 3449 851 3510 καί
872 3445 996 3531 γένοιτό
1020 3468 1050 3510 τι
1142 3467 1173 3510 ν.
1188 3449 1217 3510 θ.
1234 3443 1274 3510 Οί
1288 3442 1396 3530 ἐχθροί
1412 3465 1471 3529 μου
1486 3445 1576 3510 είπαν
1591 3444 1680 3511 κακίι
1695 3465 1758 3528 μοι·
1769 3443 1847 3510 πότε

297 3552 367 3634 περί
391 3552 485 3615 αὐτὸν
508 3549 712 3636 ἀρρώστημα,
736 3549 821 3615 καθὰ
842 3551 898 3613 καί
920 3547 1050 3626 Παῦλός
1097 3549 1317 3632 ἀποθανεῖται,
1345 3550 1400 3613 καί
1422 3547 1587 3613 ἀπολεῖται
1611 3550 1649 3612 τὸ
1669 3549 1771 3635 ὄνομα
1793 3537 1848 3613 αὐ-

298 3673 386 3738 φησι·
402 3652 461 3718 Διὰ
475 3663 568 3718 τοῦτο
583 3653 617 3718 ἐν
632 3654 703 3739 ὑμῖν
718 3653 831 3717 πολλοί
842 3653 981 3731 ἀσθενεῖς
992 3656 1047 3717 καί
1091 3665 1166 3740 τοῦς

187 3793 194 3810 ·
299 3758 462 3843 ἄρρωστοι.
488 3761 654 3842 Vatinio,
674 3762 723 3824 14.
1135 3757 1174 3824 Τί
1187 3759 1374 3844 θαυμαστὸν
1399 3758 1427 3822 εί
1450 3757 1479 3820 oi
1498 3755 1609 3842 δχθροί
1635 3777 1694 3842 μου
1716 3767 1849 3821 τοιαῦτα

342 3883 373 3928 v.
392 3865 422 3928 5.
438 3861 522 3947 Ἐγὼ
545 3864 627 3926 είπα·
651 3861 759 3946 Κύριε,
776 3861 910 3948 ἐλέησόν
933 3884 982 3949 με,
998 3863 1045 3927 ία-
1089 3862 1258 3929 κατέθεντο
1278 3866 1350 3960 κατ’
1363 3863 1451 3948 ἐμοῦ,
1475 3860 1554 3925 ὅπου
1581 3861 1598 3924 ὁ
1634 3859 1737 3946 φιλίας
1763 3862 1848 3946 ἔχων

298 3987 352 4030 σαι
368 3969 427 4052 τήν
442 3965 549 4051 ψυχήν
566 3987 635 4052 μου,
652 3966 700 4030 δτι
713 3967 854 4052 ήμαρτθν
870 3989 928 4032 σοι.
1090 3967 1218 4052 εἰρήνην
1233 3968 1311 4052 ἐμοί,
1324 3965 1365 4043 ὡς
1377 3967 1432 4030 καί
1447 3965 1580 4051 θαρρεῖν
1596 3965 1645 4028 ἐπ’
1658 3965 1765 4050 αὐτοῦ,
1777 3965 1847 4030 τοθ-

308 4097 310 4104 ’
339 4069 377 4135 Ὁ
394 4071 575 4155 Σύμμαχος.
591 4068 701 4135 Ἰασαι
723 4073 781 4156 τήν
804 4071 911 4157 ψυχήν
933 4093 1002 4157 μου,
1019 4073 1047 4138 εἰ
1090 4093 1155 4149 τοις
1171 4069 1354 4156 συνήρχετο,
1371 4068 1548 4155 ὁμοδίαιτος
1570 4069 1613 4134 ὢν
1628 4069 1708 4154 ἐμοί,
1724 4071 1779 4133 καί
1793 4069 1845 4133 δο-

296 4177 351 4239 καί
365 4173 506 4259 ήμαρτόν
522 4191 580 4239 σοι.
606 4159 708 4242 Vatia
724 4179 773 4240 10.
787 4173 833 4240 Οθ
848 4177 1044 4263 θαυμαστὸν,
1089 4178 1188 4262 λερῶς
1204 4196 1257 4261 μοι
1271 4173 1381 4260 λέγων·
1399 4173 1511 4257 Χαῖρε,
1529 4170 1647 4256 Ῥαθθί,
1673 4175 1770 4241 Vatia.
1790 4174 1841 4236 10.

298 4282 326 4344 εἰ
350 4281 403 4344 καί
426 4289 478 4344 νῦν
502 4278 796 4364 ἐξομολογούμενος,
820 4280 912 4344 τοῦτὸ
940 4302 1044 4365 φησιν.
