4036 6090
943 431 1156 494 ORIGENES

875 657 1046 734 Peolmue
1070 654 1224 732 LXIX.

320 923 352 970 ν.
378 909 409 971 3.
437 903 693 992 Αίσχυνθείησαν
719 907 774 970 καί
795 899 1027 988 έντραπείησαν
1114 923 1149 966 ν.
1165 904 1195 966 3.
1223 903 1469 986 Confunderetrer
1483 910 1514 969 et
1535 911 1741 972 refertoreeor
1762 911 1820 990 qui

278 1011 307 1076 οἱ
323 1010 492 1094 ζητοῦντες
508 1012 567 1095 τὴν
582 1008 699 1095 ψυχήν.
744 1037 748 1050 ·
1070 1011 1232 1089 quaereret
1245 1009 1389 1072 ortionem
1404 1026 1515 1073 rerem.

321 1114 475 1200 Ζητοῠσιν
490 1115 590 1199 αὐτὴν
613 1113 642 1178 οἱ
664 1113 742 1197 πρῦς
762 1109 879 1176 κακίαν
901 1110 956 1175 καί
971 1109 1027 1194 ἀγ·
1117 1113 1291 1186 Quaerunt
1319 1130 1404 1192 eam,
1430 1117 1468 1176 ut
1495 1131 1569 1175 eam
1592 1114 1762 1179 abducant
1784 1119 1820 1180 in

279 1218 397 1283 νωσίαν
419 1220 518 1304 αὐτὴν
544 1216 807 1302 προτρεπόμενοι·
834 1213 1027 1299 έτράπουντσ
1071 1216 1238 1279 malitiam
1262 1221 1295 1279 et
1318 1218 1559 1295 ignorantiam.
1587 1219 1820 1284 Convertamur

277 1323 321 1399 εἰς
336 1325 440 1407 φυγὴν
457 1321 525 1408 μετ’
535 1321 699 1407 αίσχῦνης,
718 1321 777 1404 την
799 1319 880 1405 ἐμὴν
895 1321 1028 1404 δρῶντες
1071 1320 1106 1381 in
1119 1318 1238 1396 fugam
1246 1321 1534 1402 cumignominio,
1543 1322 1696 1386 videntes
1708 1342 1818 1388 meam

278 1424 466 1510 μεταῦολήν.
946 1483 949 1488 .
1072 1424 1307 1486 mutationem.

318 1551 350 1594 ν.
374 1533 404 1593 4.
429 1525 731 1613 Ἀποστραφείησαν
755 1528 935 1611 παραυτικὰ
958 1527 1026 1591 αίσ-
1114 1546 1147 1589 ν.
1176 1530 1206 1589 4.
1230 1525 1430 1591 Avertantur
1454 1530 1568 1592 stetim
1589 1529 1813 1612 erubescentes,

275 1631 442 1718 χυνῦμενοι
458 1631 487 1695 οἱ
501 1631 648 1715 λέγοντές
665 1651 734 1717 μοι·
750 1630 845 1716 Εὖγε,
862 1631 952 1714 εὖγεί
1070 1633 1129 1714 qni
1143 1632 1256 1696 dimne
1268 1631 1367 1694 milei:
1383 1635 1483 1714 Εαρο,
1502 1641 1599 1716 eope!

320 1734 383 1801 Τό·
398 1735 493 1820 Εὖγε,
514 1738 588 1820 εὖγε
610 1735 640 1800 οἱ
663 1733 809 1820 δαίμονες
831 1733 976 1819 λέγουσιν
992 1734 1027 1797 ἀ·
1115 1737 1214 1817 Ειιρο,
1244 1753 1330 1819 eope,
1361 1737 1509 1799 clamant
1532 1737 1699 1802 daemones
1722 1741 1819 1804 nobis

279 1839 488 1925 μαρτάνουσιν
509 1840 595 1926 ἡμῖν.
610 1839 722 1904 Ἔστιν
744 1839 773 1902 δ’
784 1841 836 1903 ὖτε
855 1840 909 1902 καί
930 1838 1028 1922 γελῶ·
1073 1840 1308 1921 peccantibus;
1326 1841 1429 1902 immo
1444 1857 1524 1903 vero
1540 1840 1588 1920 fit,
1604 1846 1644 1905 ut
1658 1843 1765 1906 risum
1781 1845 1816 1906 in

279 1963 319 2008 τα
335 1943 536 2030 ἐπέμπουσιν,
552 1943 759 2030 ἐμπαίζοντες
773 1942 849 2029 ἡμῖν
865 1944 919 2007 καὶ
941 1943 1029 2009 ἐναν-
1073 1945 1170 2007 nobis
1186 1945 1352 2024 emittant,
1369 1962 1430 2008 nos
1446 1944 1635 2009 deridentes
1659 1952 1692 2010 et
1714 1965 1818 2029 oppu-

279 2048 443 2134 πιούμενοι.
1075 2054 1231 2126 gnantes.
1338 2040 1340 2046 ’

234 2171 240 2184 ·
326 2173 358 2216 ν.
372 2155 402 2234 ὖ,
417 2156 446 2216 6.
459 2151 525 2216 Καί
536 2151 716 2236 λεγέτωσαν
728 2151 894 2229 διαπαντός
905 2173 913 2188 ·
925 2149 1032 2236 Μεγα-
1118 2171 1149 2215 ν.
1166 2153 1197 2231 5,
1211 2153 1240 2215 6.
1253 2156 1298 2216 nt
1312 2153 1423 2218 diceret
1436 2171 1576 2235 semper:
1593 2157 1820 2240 Meprerfleetor

278 2253 420 2339 λυνθητω
437 2257 454 2320 ὖ
470 2255 561 2338 Θεὸς,
578 2257 606 2320 οί
622 2257 805 2341 ἀγαπῶντες
820 2258 854 2321 τὸ
875 2254 1028 2338 σωτήριόν
1074 2257 1242 2335 Dominus,
1258 2257 1316 2339 γαί
1326 2258 1625 2339 ιίίίίρααίσαίιιίονο
1637 2265 1737 2324 torem.
1753 2265 1821 2344 Epo

277 2381 344 2424 σου.
361 2359 445 2444 Ἐγὼ
461 2361 496 2425 δὲ
512 2363 637 2446 πτωχὸς
653 2362 708 2424 καί
726 2359 857 2443 πένης...
873 2357 939 2424 Καὶ
955 2359 1026 2443 puo—
1070 2378 1143 2424 rere
1157 2378 1273 2441 operes
1294 2365 1327 2424 et
1340 2379 1468 2442 perper
1481 2381 1584 2426 σιιιιι...
1601 2367 1645 2428 111
1665 2365 1819 2430 liberator

275 2463 333 2548 της
350 2486 409 2550 μου
425 2465 454 2529 εί
468 2466 516 2544 οὖ,
532 2463 641 2548 Κὺριε,
660 2462 703 2549 μή
719 2463 879 2548 γρονίσης.
1071 2483 1160 2528 meres
1175 2483 1209 2528 ee
1223 2471 1269 2545 tr,
1288 2468 1433 2546 Domine,
1451 2484 1490 2530 ne
1504 2470 1650 2532 κιονωῦσ.

319 2568 480 2654 Σωτηρισν
505 2579 559 2634 τοῦ
581 2569 665 2637 Θεοῦ
681 2570 736 2633 καί
758 2567 883 2652 Πατρός
903 2568 1027 2633 έστινῦ
1119 2570 1274 2634 Snlutnre
1301 2571 1362 2634 Dei
1390 2577 1423 2633 et
1449 2572 1558 2634 Patris
1582 2579 1633 2635 est
1659 2574 1822 2655 Christus,

278 2674 424 2759 Χριστὸς,
452 2672 469 2737 6
486 2672 657 2759 μονογένης
674 2673 771 2737 αὖτοῡ
787 2671 867 2749 Υἱός.
888 2671 974 2758 Ἐγὼ
996 2673 1032 2737 δέ
1077 2677 1285 2754 Unigenitus
1300 2677 1361 2739 Dei
1379 2676 1479 2740 filins.
1497 2679 1564 2760 Ερο
1575 2697 1647 2742 tero
1662 2696 1778 2760 operere
1792 2686 1823 2745 et

277 2781 403 2864 πτωχὸς
417 2781 472 2842 καί
487 2777 594 2862 πένης,
607 2777 743 2863 Χριστός
756 2798 861 2862 φησιν,
878 2777 1029 2855 ἑκουσίως
1067 2797 1197 2862 perper
1209 2798 1291 2858 erem,
1311 2781 1360 2842 ait
1379 2781 1532 2844 Christus
1555 2785 1614 2862 qui
1638 2801 1819 2864 pauperem

275 2885 462 2970 πτωγεῦσας
478 2885 530 2949 διὰ
545 2888 598 2948 τὸν
614 2885 787 2968 ἄνθρωπον,
811 2886 862 2948 ίνα
877 2881 1030 2967 πλουτίση
1075 2904 1111 2949 se
1123 2885 1203 2948 fecit
1213 2889 1349 2966 propter
1361 2884 1543 2964 hominem,
1556 2890 1594 2948 nt
1606 2905 1683 2949 eum
1697 2885 1822 2950 iaceret

275 2990 406 3055 ἐκεῖνον.
421 3027 458 3035 -
473 2989 527 3075 Μὴ
543 2989 710 3075 χρονίσης·
726 2997 783 3073 τῆς
799 2990 860 3074 γὰρ
877 2997 935 3072 σῆς
951 3010 1024 3072 προ·
1075 2991 1224 3054 divitem.
1245 3026 1281 3033 —
1301 2991 1350 3054 Ne
1364 2990 1510 3068 moreris,
1536 2990 1694 3053 videlieet
1709 2993 1820 3072 auspi-

279 3093 410 3180 μηθείας
425 3095 597 3180 τετῦχηκα.
615 3094 659 3159 Τὸ
675 3093 728 3159 δέ·
745 3096 788 3181 μὴ
813 3091 962 3178 χρονίσης
978 3093 1030 3159 ἀν·
1074 3111 1151 3156 care
1167 3111 1268 3172 quam
1291 3094 1477 3172 celerrime,
1490 3111 1599 3174 neque
1617 3093 1749 3174 rejicias
1764 3095 1819 3157 de·

274 3202 305 3263 τί
319 3209 393 3263 τοῦ·
410 3199 540 3283 ἐπάρχω
556 3197 598 3276 ὡς
613 3197 758 3283 τάχιστά,
778 3200 832 3262 καὶ
849 3199 892 3283 μὴ
909 3194 1026 3282 ἀναβά-
1074 3198 1311 3278 precationem.

276 3302 335 3387 λης
350 3305 408 3389 την
424 3303 557 3386 αἴτησιν.

308 3434 358 3489 Ρε.
374 3452 458 3504 nx1x,
471 3452 499 3491 v.
512 3435 538 3488 2.
553 3435 620 3490 Vnt.
634 3437 659 3504 5,
672 3436 698 3504 6,
712 3435 736 3504 7,
750 3436 793 3490 14.
1069 3429 1193 3488 lieinV·
1206 3431 1232 3500 4,
1246 3432 1271 3502 ὖ,
1284 3432 1310 3486 6.

309 3539 337 3578 v.
350 3521 377 3574 4.
391 3521 459 3576 vae.
477 3522 504 3590 2,
517 3521 542 3590 3,
556 3520 581 3589 5,
595 3523 619 3590 7,
633 3522 676 3576 14.
690 3521 725 3576 Ιο
743 3521 799 3576 hoe
811 3521 924 3594 psalmo
942 3520 1027 3594 plura
1104 3535 1132 3573 v.
1146 3519 1171 3586 5,
1189 3519 1215 3571 6.
1235 3517 1328 3573 Iidem
1346 3517 1429 3573 codd.
1448 3520 1516 3576 Vnt.
1535 3537 1593 3574 una
1605 3537 1672 3576 eum
1690 3519 1818 3576 Florent.

275 3606 383 3664 dividit
394 3623 461 3661 eum
472 3605 595 3676 vulgato
604 3605 789 3662 Theodoreto
809 3607 960 3678 Origenes,
979 3607 1026 3662 cui
1069 3604 1150 3659 Plnt.
1162 3622 1203 3674 vr,
1216 3605 1242 3660 6.
1262 3605 1422 3660 “Christus
1434 3623 1545 3678 pauper
1556 3604 1660 3674 faetus,
1674 3611 1707 3660 ut
1724 3607 1817 3661 homi-

274 3693 419 3749 oommuni
432 3709 576 3748 consensu
588 3692 672 3747 codd.
686 3692 779 3749 nostri
796 3692 931 3749 tribuunt
943 3694 1026 3750 seho-
1070 3709 1137 3748 nem
1150 3692 1266 3762 ditaret,
1277 3732 1292 3762 „
1306 3693 1453 3748 sententie
1465 3699 1510 3748 est
1523 3691 1644 3762 Origeni
1656 3691 1804 3746 solemnis.

886 3890 1055 3967 Peolmue
1080 3887 1208 3966 LXX.

320 4157 352 4201 v.
372 4139 400 4219 1,
425 4135 478 4222 Τῷ
494 4135 601 4216 Δαυίδ,
625 4136 697 4202 οίῶν
712 4133 867 4200 Ἰωναδὰῦ
889 4137 944 4200 καί
965 4145 1027 4202 τῶν
1114 4156 1145 4199 ν.
1162 4138 1189 4199 1.
1203 4139 1275 4218 Ipsi
1288 4137 1395 4201 Deeid
1403 4136 1715 4218 pselmrsfile'orrere
1727 4139 1821 4210 Iono-

280 4241 411 4326 πρώτων
426 4239 749 4327 αἰχμαλωτισθέντων,
775 4245 842 4306 Vol.
860 4243 933 4322 667,
953 4245 981 4305 l.
1069 4243 1129 4308 deb
1144 4246 1176 4306 et
1183 4244 1334 4323 petorem
1349 4244 1557 4322 ceptirornre.

323 4343 514 4430 Ὠριγένους,
531 4343 722 4411 Ἀθανασίου
743 4343 897 4421 ὑπόθεσις.
914 4341 952 4408 Οί
967 4343 1027 4408 υἱοί
1115 4349 1286 4424 Onmnrns,
1303 4347 1488 4408 Arnnnnsn
1504 4362 1747 4410 nnonnnnrnn.
1760 4350 1781 4410 J
1783 4365 1816 4410 o

276 4458 334 4516 τοῦ
348 4448 501 4515 Ἰωναδὰῦ
513 4449 680 4534 γεγόνασιν
696 4450 807 4533 ἄνδρες
819 4446 961 4525 εὖλαῦείς
973 4452 1028 4515 καί
1070 4451 1180 4515 nodab
1195 4450 1258 4513 filii
1282 4449 1376 4512 fuere
1398 4451 1464 4513 viri
1487 4452 1637 4529 religiosi
1663 4455 1696 4514 et
1714 4450 1811 4531 justi,

311 4640 361 4694 Pe.
375 4655 448 4698 nxx.
460 4640 613 4696 Prolixum
624 4639 806 4711 prooemium,
819 4655 856 4693 ex
865 4642 949 4711 perte
958 4637 1029 4694 lieet
1070 4644 1151 4694 retus
1164 4655 1267 4710 reapse
1284 4636 1362 4692 filios
1374 4636 1395 4692 J
1396 4636 1510 4693 enedeb
1528 4653 1588 4693 non
1599 4637 1692 4693 fuisse
1710 4637 1822 4711 primos

275 4725 387 4780 editum
399 4726 634 4799 epudvulgetum
643 4725 847 4794 Athanasium,
859 4725 939 4780 haud
949 4725 1024 4780 indi·
1070 4723 1211 4795 eeptivos,
1232 4727 1246 4756 ‘⁸
1257 4722 1373 4794 quando
1392 4721 1518 4792 quidem,
1531 4723 1580 4792 nit,
1596 4724 1700 4779 beatus
1718 4723 1820 4779 Hiere-

275 4829 366 4883 gnum
377 4813 477 4868 censui
492 4813 670 4868 incremento
683 4819 714 4867 et
726 4811 928 4867 emendatione
938 4811 1026 4882 juxta
1069 4809 1144 4864 inies
1156 4810 1256 4866 vinum
1268 4807 1341 4880 ipsis
1353 4808 1469 4864 adferre
1482 4827 1500 4864 a
1513 4809 1576 4864 Deo
1591 4809 1691 4880 jussus
1703 4809 1769 4877 fuit,
1788 4813 1821 4862 ut

275 4898 359 4954 codd.
379 4899 446 4954 vae.
469 4901 511 4970 12,
533 4901 574 4955 14.
597 4898 696 4954 Etiam
714 4897 879 4969 colligenda
897 4897 933 4953 de
954 4895 1025 4952 filiis
1069 4894 1190 4952 Judaeos
1202 4893 1424 4965 redargueret„
1438 4894 1532 4950 Silent
1544 4895 1679 4968 Hexeple
1692 4893 1772 4950 edite
1784 4893 1821 4948 de

274 4985 295 5041 J
296 4982 410 5039 onedeb
422 4984 552 5041 varietas
570 4984 649 5057 apud
661 4983 778 5039 Corder.
793 4987 829 5049 ὖς
844 4989 891 5038 καί
908 4989 1025 5052 μοίρτιιρα
1069 4981 1268 5054 inscriptionis
1286 4980 1437 5050 verietate,
1449 4981 1533 5052 eujus
1544 4971 1664 5036 utinem'
1675 4977 1821 5050 expositio

273 5076 322 5139 τῆς
341 5073 425 5123 αὐτῶν
444 5074 541 5140 ἀρετὴς
563 5073 720 5140 γενησεσθαι
740 5071 798 5137 Θεῷ
821 5073 867 5124 τὸν
887 5073 1024 5138 προφήτην
1069 5067 1154 5123 fieret
1165 5067 1197 5122 in
1208 5066 1291 5123 codd.
1304 5067 1401 5123 minus
1414 5067 1552 5140 ambiguo
1565 5074 1596 5124 et
1608 5067 1760 5122 dissoluta.
1773 5063 1819 5119 ef.

274 5158 461 5226 διαλεγόμενον
473 5159 612 5226 Ἰερεμίαν.
630 5156 779 5212 Praeterea
790 5160 874 5210 notat
893 5154 1024 5210 Theodo-
1070 5155 1155 5212 Rom.
1170 5174 1199 5227 x,
1212 5157 1239 5212 6.
1252 5158 1267 5212 1
1281 5156 1346 5212 Cor.
1362 5173 1413 5224 xv,
1427 5157 1472 5211 22.
