3966 6108
298 489 362 553 ute
830 531 838 560 ι
977 489 1188 557 ORIGENES

296 628 384 696 λειαν
400 629 648 718 προσφέροντος·
664 633 718 697 καί
734 634 777 718 μη
795 628 967 718 μιμήσεσθε
982 639 1044 696 τῦν
1086 631 1282 714 disciplinas
1302 631 1512 699 afferentem:
1527 651 1567 700 ac
1583 635 1687 700 nolite
1702 639 1841 717 petrum

296 738 440 821 πατέρων
455 737 513 821 τὴν
529 737 709 823 άτεράμονα
719 738 775 802 καί
789 732 956 802 ἀντίτυπον
965 736 1045 822 γνύ-
1090 737 1215 800 imitari
1232 738 1442 818 pervicacem
1458 742 1492 802 et
1507 737 1667 804 rebellem
1683 739 1838 801 volunta-

297 859 370 924 μην,
386 841 441 904 καί
456 842 510 905 τὸν
532 843 807 927 παραπικραομύν,
823 837 963 905 τουτέστι
985 841 1044 926 την
1088 848 1166 924 tem,
1184 847 1218 906 et
1232 845 1403 924 pruritum
1419 842 1654 923 exacerbandi,
1674 843 1709 907 id
1724 847 1776 906 est
1789 848 1841 905 to-

295 943 331 1009 έν
344 954 383 1030 τῇ
399 942 507 1030 ἐρήμῳ
522 944 676 1023 πολλάκις
691 943 908 1033 γεγενημένην
923 943 1044 1010 άντιλο-
1087 947 1152 1010 ties
1167 946 1436 1025 redintegratam
1449 949 1485 1011 in
1500 965 1613 1012 eremo
1625 949 1838 1027 antilogium.

294 1042 377 1135 γίαν.
393 1048 438 1114 Τὸ
454 1048 507 1113 δέ·
522 1051 566 1134 μὴ
582 1049 786 1134 σκληρύνετε,
797 1051 834 1113 τὸ
844 1057 903 1132 της
913 1048 1042 1136 γνώμης
1088 1049 1126 1113 Id
1140 1067 1237 1114 vero:
1258 1051 1363 1114 nolite
1384 1049 1550 1130 obdurare,
1576 1050 1785 1113 demonstrat
1799 1051 1840 1112 li-

294 1147 478 1235 αύθαίρετον
499 1149 644 1237 δείκνυσι,
661 1154 717 1217 καί
738 1152 880 1217 διδάσκει
896 1151 938 1230 ύις
954 1150 1044 1217 αὐτοί
1088 1153 1207 1218 berum
1222 1154 1414 1234 arbitrium,
1429 1153 1593 1236 docetque
1608 1171 1665 1218 eos
1689 1171 1762 1218 esse
1778 1153 1842 1217 hu-

294 1255 354 1320 είσι
369 1263 427 1340 της
441 1255 590 1340 τοιαύτης
605 1253 739 1341 καρδίας
753 1253 948 1342 δημιουργοί.
1084 1257 1234 1338 jusmodi
1250 1257 1361 1323 cordis
1378 1261 1543 1322 auctores.

337 1355 418 1424 Είτα
432 1359 627 1446 σαφέστερον
643 1371 700 1447 της
715 1369 777 1427 τῶν
794 1359 939 1446 πατέρων
954 1361 1042 1427 άπει-
1131 1364 1259 1429 Deinde
1275 1367 1426 1446 apertius
1450 1368 1616 1428 memorat
1640 1369 1775 1446 patrum
1791 1365 1844 1428 in·

293 1460 378 1541 θείας
401 1463 641 1550 ἀναμιμνήσκει,
657 1463 766 1551 ἐπειδὴ
790 1467 853 1552 γάρ
876 1465 919 1543 είς
941 1468 1000 1550 τὴν
1014 1467 1062 1550 ty
1086 1468 1333 1533 credulitatem.
1350 1470 1517 1545 Quoniam
1536 1470 1627 1532 enim
1650 1469 1686 1531 in
1702 1469 1844 1550 promis·

290 1567 516 1653 πηγγελμένην
549 1571 609 1634 οῦκ
634 1567 861 1654 ηδουληθησαν
891 1569 1043 1635 εἰσελθεῖν
1086 1589 1159 1636 sam
1171 1577 1296 1637 terram
1309 1573 1444 1652 ingredi
1456 1575 1655 1653 noluerunt,
1666 1572 1842 1655 stupidum

290 1679 362 1757 γῆν,
371 1670 441 1751 δέος
454 1673 571 1759 άλογον
583 1673 833 1761 προδαλλῦμενοι
845 1677 900 1740 καί
914 1672 1042 1759 δειλίαν,
1087 1678 1219 1742 causati
1235 1681 1363 1740 metum
1387 1683 1421 1742 et
1437 1693 1611 1759 pavorem,
1639 1683 1842 1742 asserentes·

291 1776 346 1840 καί
361 1775 538 1862 φάσκοντες
554 1775 596 1856 ύς
611 1779 699 1844 αὐτοὶ
714 1777 1005 1865 ἀναιρεθήσονται...
1088 1799 1155 1863 que
1172 1781 1242 1846 fore
1258 1787 1296 1846 ut
1313 1783 1538 1846 delerentur...
1559 1791 1564 1799 '

908 1975 1076 2055 Petimus
1099 1975 1223 2055 XOV.

334 2167 367 2212 v.
384 2153 414 2231 9,
433 2147 483 2214 10.
499 2143 691 2236 Σαλευθθτω
714 2150 777 2216 άπδ
799 2148 970 2236 προσώπου
984 2151 1039 2215 αύ-
1127 2173 1158 2217 ν.
1175 2156 1205 2232 9,
1227 2155 1277 2217 10.
1298 2153 1534 2220 Oomnwoeutur
1549 2153 1674 2236 usucic
1689 2151 1759 2236 ejus
1773 2171 1838 2218 ma·

290 2259 348 2314 τοῦ
363 2259 452 2314 πᾶσα
465 2247 487 2336 ἡ
502 2263 556 2338 γη.
579 2251 700 2320 Εἴπατε
716 2255 749 2319 έν
769 2264 833 2334 τοῖς
848 2255 976 2320 ἔθνεσιν·
1000 2253 1038 2320 ‘0
1083 2257 1138 2322 πάι
1153 2260 1252 2322 terra.
1263 2259 1371 2323 Dicite
1384 2260 1422 2324 ι’τι
1433 2257 1598 2342 pactibus:
1614 2257 1773 2324 Dominus
1786 2275 1838 2322 rc-

290 2350 408 2439 Κύριος
422 2353 617 2442 ἐβασίλευσε,
634 2360 688 2423 καί
703 2360 765 2444 γάρ
780 2359 970 2445 κατώρθωσε
981 2363 1039 2447 τὴν
1081 2361 1206 2444 putauit,
1231 2362 1349 2426 etenim
1370 2362 1512 2428 comm
1533 2357 1636 2426 orbem
1650 2366 1754 2442 cmc,
1780 2362 1840 2444 qui

290 2455 489 2546 οἰκουμένην,
512 2463 581 2548 ἥτις
608 2462 645 2528 ού
667 2461 917 2548 σαλευθήσεται·
941 2473 1044 2551 κρινεῖ
1084 2481 1148 2528 αισα
1172 2461 1423 2531 commovebitur.
1449 2462 1616 2530 Iudicabit
1636 2453 1774 2548 populos
1799 2466 1838 2530 ia

289 2561 388 2640 λαούς
402 2565 435 2630 ἐν
450 2563 605 2652 εύθύτητι.
630 2569 728 2634 Vatia.
745 2571 819 2649 686,
837 2571 866 2634 1.
1084 2569 1243 2650 equitate.

334 2666 484 2747 Ἀκύλας·
502 2669 689 2755 Ὤδινησατε
710 2671 772 2736 aar
795 2670 964 2756 προσώπου
987 2671 1042 2736 οῦ
1129 2676 1274 2748 Aoniis:
1287 2672 1858 2760 Parturiteasaciccjuestmiccrrd

288 2781 355 2857 τοῦ,
372 2782 461 2838 πάσα
475 2767 497 2858 ἡ
513 2784 573 2859 γη·
588 2777 686 2853 οὕτως
702 2774 737 2839 δέ
752 2776 808 2839 καί
823 2774 839 2839 ὁ
855 2773 1039 2860 Σύμμαχος.
1086 2782 1185 2843 terra.
1201 2783 1254 2842 Ita
1268 2796 1405 2862 quoque
1421 2777 1660 2861 Symmachus.
1675 2780 1840 2842 Hortatur

290 2874 550 2962 Παρακελεύεται
572 2878 674 2944 τοίνυν
697 2879 924 2964 δπροφητικδς
945 2877 1040 2966 λόγος
1085 2883 1200 2964 itaque
1221 2882 1439 2964 propheticus
1465 2898 1575 2946 sermo
1605 2885 1736 2962 gentes,
1761 2899 1838 2963 quae

289 2987 354 3056 τοῖς
370 2978 499 3063 ἔθνεσιν,
522 2980 702 3067 δεξαμένοις
723 2982 765 3046 τά
784 2979 925 3066 σωτήρια
946 2983 1041 3070 σπέρ·
1084 2987 1250 3052 salutaria
1271 2989 1402 3052 semina
1424 2991 1636 3068 receperunt,
1664 2991 1703 3050 ut
1721 2991 1838 3068 partu·

291 3103 386 3169 ματα,
402 3085 508 3150 ύδῖναι
530 3088 586 3151 καί
600 3085 704 3152 τέκειν
719 3090 777 3174 τὴν
799 3085 970 3170 εύσέύειαν,
986 3091 1041 3153 καί
1085 3093 1217 3156 riantet
1227 3092 1362 3174 pariant
1373 3097 1505 3154 rectum
1516 3090 1658 3169 cultum,
1667 3095 1702 3154 et
1712 3107 1733 3152 a
1743 3091 1836 3172 prio-

290 3187 482 3274 σαλευθηναι
498 3190 554 3276 μὲν
570 3190 633 3254 άπὸ
649 3198 707 3274 της
721 3189 878 3276 προτέρας
889 3192 1039 3274 στάσεως,
1084 3197 1114 3260 ri
1129 3195 1267 3278 quidem
1282 3197 1374 3258 statu
1389 3194 1636 3273 dimoveantur,
1653 3195 1690 3257 iu
1706 3193 1833 3258 divinis

289 3291 324 3357 έν
339 3292 373 3357 δὲ
389 3302 454 3370 τοῖς
468 3291 568 3372 θείοις
583 3290 761 3380 έρεισθηναί
771 3317 806 3360 τε
817 3298 872 3362 καὶ
887 3305 1039 3385 παγῆναι,
1084 3317 1164 3364 vero
1179 3300 1280 3364 rebus
1296 3297 1515 3363 stabiliantur
1529 3303 1632 3378 atque
1644 3295 1834 3377 firmentur,

289 3395 374 3475 ὅπως
389 3400 447 3485 τὴν
462 3406 520 3484 της
536 3399 650 3484 ἀρετῆς
673 3399 735 3478 ἕξιν
758 3398 902 3485 άναλύδῃ
923 3422 1037 3486 κατορ-
1082 3409 1122 3468 ut
1135 3405 1274 3467 virtutis
1290 3402 1445 3466 habitum
1461 3401 1637 3482 recipiant,
1654 3399 1755 3481 juxta
1769 3403 1838 3466 Do·

288 3498 440 3565 θωθεϊσαν
463 3501 523 3567 ύπδ
545 3512 602 3568 τοῦ
625 3501 754 3588 Κυρίου,
778 3504 899 3592 έπί·τι”ρ
923 3502 1038 3592 μηκέτι
1080 3508 1166 3570 mini
1188 3507 1442 3585 correctionem,
1456 3495 1512 3586 {ita
1535 3509 1574 3568 ut
1596 3521 1665 3567 non
1687 3521 1833 3568 commo·

288 3604 487 3688 σαλεύεσθαι,
504 3605 691 3694 οἰκουμένην
707 3608 776 3674 ἀντὶ
790 3619 850 3696 γῆς
865 3608 1037 3697 γεγενημέ-
1080 3614 1235 3688 veantur,
1254 3627 1333 3672 cum
1349 3609 1440 3673 orbis
1459 3608 1644 3688 habitatus,
1661 3624 1729 3671 non
1744 3615 1836 3672 terra

286 3728 354 3793 νην.
369 3707 598 3790 Βασιλεύοντος
613 3713 676 3797 γάρ
698 3723 754 3776 τοῦ
777 3712 905 3798 Κυρίου,
923 3715 982 3800 cop
1003 3714 1038 3779 ά·
1082 3713 1190 3778 iactus
1202 3715 1257 3778 sit:
1267 3714 1409 3777 Domino
1418 3713 1509 3776 enim
1519 3712 1567 3776 ibi
1579 3717 1756 3793 regnante,
1764 3731 1833 3776 non

286 3811 484 3899 πλῶςγηέτι
496 3811 590 3900 μένει,
603 3811 674 3880 ἀλλ’
682 3816 860 3902 οἰκουμένη,
878 3818 1038 3896 οἰκοῦντος
1082 3817 1283 3898 simpliciter
1304 3821 1395 3880 terra
1418 3819 1543 3895 manet,
1572 3815 1631 3879 sed
1661 3815 1836 3880 habitacu-

286 3916 321 3982 έν
335 3917 416 4003 αὐτῇ
440 3916 565 4004 Πατρδς
581 3922 636 3985 καί
658 3919 732 3986 Υίοῦ
747 3923 802 3986 καί
824 3920 917 4008 ἁγίου
939 3922 1038 3989 Πνεύ-
1081 3921 1165 3999 lum,
1183 3920 1219 3982 in
1234 3936 1303 4000 quo
1318 3927 1497 3983 morantur
1512 3921 1612 3983 Pater
1628 3926 1662 3983 et
1677 3920 1784 3984 Filius
1800 3925 1835 3984 et

286 4042 385 4106 ματος
399 4021 454 4086 καί
470 4033 530 4091 τῶν
546 4021 642 4091 θείων
656 4025 871 4111 χαρισμάτων.
1082 4024 1228 4104 Spiritus
1244 4028 1381 4088 sanetus
1398 4028 1432 4086 et
1446 4041 1543 4087 sacra
1557 4023 1772 4090 charismata.

330 4125 395 4190 Τοῦ
411 4126 507 4212 αύτοῦ
531 4128 635 4194 πάλιν.
652 4123 707 4194 Ἐν
731 4130 787 4215 μέν
811 4131 849 4215 τῇ
873 4130 959 4217 άρχῇ
979 4140 1035 4198 τοῦ
1122 4127 1277 4206 murum
1303 4127 1432 4190 iteum.
1463 4127 1630 4207 Equidem
1660 4127 1703 4190 ab
1733 4127 1834 4191 initio

285 4226 412 4315 ψαλμοῦ
435 4229 567 4315 πᾶσαή
598 4240 640 4318 γη
668 4231 903 4318 προοετάσσετο
926 4236 1034 4301 καινὸν
1079 4233 1202 4315 psalmi
1222 4233 1332 4295 omnis
1347 4235 1438 4296 terra
1455 4229 1640 4311 jubebatur
1662 4233 1834 4296 canticum

318 4425 368 4480 Pa.
381 4442 452 4496 xcv,
464 4443 492 4483 v.
505 4427 579 4482 9-12.
594 4426 687 4483 Vatic.
709 4428 751 4498 11,
763 4444 801 4484 ex
813 4444 871 4500 quc
888 4445 941 4485 sex
952 4427 1034 4501 frag·
1077 4427 1202 4483 Petrum
1220 4423 1455 4480 commentarios.
1474 4423 1563 4480 Haud
1577 4431 1678 4480 tumen
1696 4423 1833 4480 dissimu·

280 4514 381 4566 manta
393 4509 547 4583 sequentia
556 4510 664 4568 iterum
674 4513 834 4570 ostendunt
843 4520 961 4586 quantus
974 4531 1035 4572 mc·
1078 4512 1207 4584 landum,
1220 4509 1253 4568 in
1270 4509 1371 4567 codice
1390 4509 1578 4581 Corderianc,
1592 4511 1723 4567 omnium
1734 4529 1834 4568 reccu-

284 4597 323 4654 lis
331 4596 424 4654 fuerit
434 4596 669 4670 commentarius,
683 4599 735 4671 qui
748 4599 784 4656 de
794 4600 880 4656 unico
888 4601 1034 4659 versiculo
1078 4599 1203 4670 tissime,
1216 4603 1318 4671 utpote
1334 4597 1387 4655 vix'
1399 4597 1500 4654 seculi
1512 4611 1577 4667 ιιι,
1591 4597 1688 4654 omnia
1699 4598 1788 4671 longe
1802 4617 1833 4656 a·

279 4683 377 4742 sexies
390 4689 551 4740 truncatur.
570 4683 720 4742 ossius.
734 4687 1033 4759 11,258.1s.1.xv‚22.
1078 4687 1148 4744 liter
1166 4703 1198 4742 sa
1215 4684 1333 4740 habere.
1351 4685 1531 4755 Fragmenta
1549 4685 1629 4740 enim
1649 4689 1752 4742 nostra
1772 4686 1832 4759 pri·

315 4771 388 4840 (λειω
402 4771 500 4827 omnia
517 4777 580 4828 tam
592 4769 729 4844 Origenis
748 4790 836 4845 quam
848 4771 970 4830 Eusebii
987 4775 1032 4830 in-
1077 4791 1158 4830 mum
1166 4771 1336 4828 tribuuntur
1344 4771 1448 4843 ignoto
1457 4771 1620 4842 Timotheo,
1631 4771 1736 4828 deinde
1746 4772 1833 4846 plura

280 4855 341 4913 doli
364 4858 396 4913 in
418 4858 591 4932 exponenda
612 4859 764 4934 Scriptura
781 4867 849 4935 apte
871 4861 1028 4934 cohererent,
1076 4859 1166 4916 solito
1179 4875 1334 4932 anonymo,
1342 4856 1432 4913 etiam
1441 4858 1583 4913 nonnulla
1592 4857 1832 4932 Didymo,reira·

279 4943 472 5002 confirmante
489 4945 590 5003 codice
608 4947 719 5020 optimo
736 4947 815 5004 inter
832 4949 961 5005 minores
977 4966 1029 5005 no·
1072 4945 1212 5018 gentibus
1229 4963 1289 5002 non
1304 4945 1401 5001 solum
1418 4946 1530 5002 nostris
1545 4945 1703 5017 codicibus,
1722 4947 1775 5003 sed
1793 4947 1832 5003 iis

278 5035 365 5101 stros,
379 5031 415 5087 de
433 5048 491 5104 quo
509 5031 548 5089 ad
565 5032 723 5106 Origenem
735 5035 897 5106 saepissime
914 5035 1029 5092 notavi·
1074 5032 1180 5106 quibus
1193 5049 1264 5088 usus
1281 5037 1327 5088 aot
1345 5031 1442 5088 Maius
1458 5033 1492 5088 in
1502 5032 1631 5106 Didymo
1650 5032 1830 5090 adornando.

279 5133 353 5186 mua,
374 5118 501 5191 primum
518 5118 608 5192 hrp’us
626 5126 738 5177 catenas
760 5121 982 5194 compilatorem
998 5120 1031 5177 in
1073 5119 1194 5176 Piaoulo
1214 5118 1351 5175 duximus
1367 5135 1428 5175 non
1443 5119 1600 5176 restituere
1617 5119 1746 5177 Eusebio
1767 5126 1832 5178 tam

279 5201 414 5260 manibus
423 5204 561 5264 habuisse
570 5206 703 5279 integros
712 5214 744 5265 et
755 5207 886 5281 prolixos
896 5215 1030 5288 veterum
1075 5205 1222 5279 insignem
1235 5206 1349 5263 seriem.
1364 5205 1408 5263 cf.
1421 5204 1649 5276 Matth.xxvu1‚
1662 5207 1705 5263 18.
