3966 6108
855 451 1064 516 EUSEBIUS
1668 457 1728 521 491

182 597 228 675 εἰς
245 593 413 682 μετάνοιαν
428 590 701 679 προκαλούμενος·
725 590 877 657 πλειόνων
899 590 934 654 δὲ
978 592 1134 677 mortem)
1157 595 1216 660 sed
1239 595 1409 679 predictis
1428 597 1528 662 maiis
1551 615 1607 662 eos
1629 599 1733 662 norri-

184 699 286 766 ούσῶν
310 697 478 785 μαστίγων,
501 695 519 762 ὁ
541 697 651 781 παρὼν
673 695 768 780 λόγος
790 694 853 760 ἀπὸ
875 703 934 780 της
978 699 1063 779 puit,
1081 702 1121 762 ut
1130 701 1257 764 sensim
1282 717 1338 764 eos
1355 717 1489 782 quoqne
1505 701 1547 763 sd
1565 703 1731 783 poeniten·

183 814 240 869 τοῦ
256 802 341 871 Θεοῦ
364 801 492 888 πληγῆς
507 809 565 887 της
586 801 672 865 κατόι
686 799 799 878 σκότος
814 798 933 886 ηρξατο
978 801 1062 864 tiam
1082 809 1288 883 provocaret.
1306 807 1399 868 inter
1417 807 1527 870 mults
1540 811 1654 869 autem
1671 803 1729 868 fle·

183 906 299 974 είπύν·
976 906 1079 987 gello,
1097 907 1216 989 incipit
1231 926 1341 972 sermo
1357 927 1504 990 praesens
1526 910 1645 974 abillo
1666 911 1727 986 Dei

977 1011 1081 1092 plaga
1096 1013 1187 1075 eirea
1201 1013 1368 1093 tenebras,
1384 1014 1496 1076 siens:

226 1113 451 1194 Ἐξαπέστειλε
466 1113 590 1197 σκότος,
606 1115 661 1179 καί
676 1113 860 1194 ἒσκότασεν,
876 1113 931 1176 καί
1020 1115 1118 1180 Misit
1146 1115 1301 1196 ίοκούαοσ,
1331 1120 1363 1181 et
1387 1115 1578 1196 obscuravit,
1607 1121 1640 1182 et
1667 1133 1731 1180 που

181 1218 219 1283 ού
234 1217 468 1304 παρεπίκραναν
479 1221 553 1296 τοὺς
564 1216 678 1303 λόγους
693 1218 805 1283 αύτοῦ·
821 1215 931 1300 τὸγὰρ
976 1218 1176 1284 exacerbavit
1196 1237 1356 1284 omowooes
1374 1220 1455 1300 ejas
1479 1221 1580 1284 Missa
1595 1220 1687 1282 enim
1709 1235 1731 1282 a

179 1320 293 1400 σκότος
308 1321 491 1387 ἀποσταλέν
501 1323 589 1407 παρὰ
601 1331 656 1387 τοῦ
669 1319 763 1402 Θεοῦ,
776 1321 881 1406 φησίν,
894 1319 931 1383 ού
976 1321 1046 1384 Deo
1070 1338 1142 1403 oooa,
1170 1323 1229 1403 ait,
1254 1339 1317 1386 otoo
1341 1321 1544 1389 exacerbavit
1567 1339 1729 1386 semones

179 1424 416 1511 παρεπίκραναν
438 1427 511 1503 τοὺς
527 1425 641 1512 λόγους
664 1433 720 1489 τοῦ
742 1423 836 1506 Θεοῦ,
860 1422 931 1488 ἀλλ’
976 1426 1118 1490 Domini.
1136 1427 1199 1490 Sed
1211 1444 1279 1491 nox
1292 1427 1450 1507 obedivit,
1464 1431 1498 1490 et
1509 1427 1668 1491 alacriter
1682 1426 1731 1491 di·

158 1615 161 1622 .
179 1527 353 1614 brittannos,
369 1530 425 1594 καί
441 1529 606 1616 προθύμως
620 1525 876 1613 ἐξυπηρετήσατο
888 1536 931 1614 τῷ
974 1531 1056 1592 vino
1072 1532 1206 1594 numini
1225 1531 1479 1612 obtemperavit.
1496 1531 1598 1595 Missa
1613 1536 1729 1595 eutem

178 1632 259 1720 θείῳ
281 1635 420 1722 νεύματι.
450 1635 495 1702 Tb
518 1636 553 1702 δὲ
576 1633 689 1712 σκότος
716 1631 929 1716 ίξαποστόιλη,
974 1635 1098 1714 caligo,
1114 1635 1172 1716 ait,
1189 1652 1337 1716 expansa
1355 1640 1523 1716 estsuper
1544 1636 1652 1699 solam
1677 1639 1731 1701 AE·

179 1739 285 1822 φησὶν,
301 1739 387 1803 κατὰ
410 1737 507 1825 μόνης
522 1737 708 1823 ἑφαπλωθὲν
730 1744 788 1822 της
809 1733 930 1820 Αἰγύπ·
974 1740 1074 1820 gypti
1090 1741 1372 1824 terrem.,dsserit
1394 1757 1477 1818 ergo
1500 1740 1674 1822 Scriptum
1690 1741 1728 1804 d-

178 1861 244 1906 του.
260 1839 356 1928 Λέγει
374 1843 429 1909 ούν
446 1841 467 1927 ἡ
483 1843 603 1930 γραφὴ,
626 1850 692 1918 τοῖς
707 1840 783 1916 υἱοῖς
797 1836 931 1923 Ἰσραὴλ
975 1844 1031 1908 liis
1045 1845 1150 1908 Israel
1164 1847 1303 1910 solitum
1320 1847 1522 1910 remansisse
1534 1865 1595 1927 per
1609 1845 1729 1911 dies'et

178 1943 301 2029 ἡμέρας
336 1946 392 2010 καὶ
418 1945 608 2024 νυκτόςαθτδ
635 1942 858 2031 μεμενηκέναι.
892 1939 931 2008 Τί
975 1951 1099 2012 noctes.
1124 1951 1169 2012 Ut
1183 1949 1266 2030 quid
1283 1949 1373 2012 enim
1390 1950 1581 2013 discernere
1597 1949 1670 2013 dies
1693 1955 1729 2014 et

177 2052 240 2133 γόιρ
270 2049 311 2136 ἠν
340 2052 376 2116 τό
399 2049 544 2136 διορίζειν
572 2048 696 2136 ἡμέρας
718 2050 774 2113 καὶ
802 2048 928 2129 νύκτας,
974 2055 1100 2131 noctes,
1116 2049 1279 2116 dumune
1293 2057 1430 2116 tentum
1446 2069 1513 2117 nox
1525 2059 1615 2118 esset
1626 2061 1660 2118 et
1672 2072 1729 2118 ex·

178 2162 251 2241 μιᾶς
267 2153 365 2241 μόνης
379 2157 476 2240 ούσης
492 2153 720 2240 ίπιτεταμένης
735 2151 863 2236 νυκτός;
878 2149 930 2215 Ἐ-
973 2155 1180 2219 tenderetur.
1193 2159 1373 2238 Expensus
1384 2173 1483 2240 porro
1499 2175 1557 2222 uer
1572 2158 1729 2223 obseura-

177 2257 389 2346 φηπλωμένον
411 2257 513 2339 τοίνυν
533 2257 613 2344 ἀέρα
636 2255 858 2339 συνεσκότασε,
875 2257 930 2320 καί
973 2264 1030 2324 tus
1046 2265 1107 2341 est,
1121 2265 1155 2324 et
1171 2261 1319 2324 tenebre
1335 2258 1512 2342 profundus
1523 2260 1620 2325 feotae
1635 2266 1726 2343 sunt,

176 2362 291 2442 σκότος
305 2364 453 2450 είργαστο
477 2363 567 2452 βαθὺ,
583 2363 625 2440 ὡς
641 2361 744 2447 μόνοις
767 2363 873 2438 αὐτοῖς
888 2362 930 2425 εί·
974 2365 1023 2428 ito
1035 2366 1165 2430 utsolis
1181 2367 1263 2447 ipsis
1279 2365 1376 2429 deret
1391 2382 1467 2446 nox,
1487 2367 1628 2431 minime
1644 2385 1724 2432 vero

176 2489 228 2534 ναι
244 2466 366 2552 σκότος,
381 2468 489 2535 ούκέτι
510 2469 546 2536 δὲ
561 2470 615 2535 καί
630 2478 674 2556 τῷ
693 2470 786 2533 παντί
800 2467 929 2554 κόσμῳ·
974 2469 1089 2532 intoto
1096 2469 1185 2533 orbe.
1196 2471 1342 2548 nitergo
1349 2471 1533 2550 Scriptura:
1548 2470 1633 2535 «Sed
1644 2471 1726 2536 filiis

175 2569 263 2658 λέγει
276 2583 353 2658 γοῦν
367 2569 388 2657 ἡ
404 2572 533 2662 γραφή·
557 2573 631 2652 Τοῖς
647 2573 682 2638 δὲ
703 2571 781 2650 υἱοῖς
795 2570 928 2657 Ἰσραὴλ
975 2573 1081 2636 Israel
1101 2574 1251 2636 luxerat
1273 2572 1480 2654 ubicumque
1496 2578 1603 2638 erant.
1621 2594 1638 2634 κ
1663 2575 1728 2640 Ρετ

175 2685 241 2763 φῶς
254 2677 296 2763 ην
310 2677 344 2744 δν
364 2686 460 2744 πᾶσιν
482 2677 528 2756 oi<
550 2676 744 2764 κατεγίνετο.
768 2666 870 2761 Τριῶν
893 2675 928 2740 δὲ
972 2682 1042 2741 tres
1056 2681 1171 2741 sutem
1193 2677 1265 2741 dies
1282 2681 1316 2741 et
1337 2678 1478 2742 totidem
1495 2683 1620 2760 noctes,
1644 2696 1727 2761 quo-

174 2780 304 2868 ἡμερῶν
318 2784 372 2848 καί
383 2791 445 2849 τῶν
454 2783 531 2847 ίσων
545 2789 665 2848 νυκτῶν
676 2789 742 2859 πῶς
753 2781 793 2846 δν
808 2777 927 2865 ἐπέστη
973 2781 1072 2846 modo
1083 2783 1248 2846 successit
1259 2781 1534 2862 obscuritns‚nisi
1545 2784 1588 2848 ob
1599 2801 1727 2848 memo-

178 2887 302 2968 σκότος,
318 2888 340 2973 ἠ
356 2888 441 2953 κατὰ
464 2888 563 2973 μόνην
581 2889 640 2973 τὴν
655 2883 825 2972 είρημένην
846 2883 928 2949 θεω-
973 2891 1082 2949 rntsm
1109 2887 1438 2951 considerationem?
1460 2887 1494 2952 Si
1510 2888 1611 2951 aliter
1632 2890 1724 2952 enim

122 2997 125 3004 '
180 2990 265 3077 ρίαν;
282 2991 386 3069 ἄλλως
408 2992 470 3078 γὰρ
486 2993 514 3057 εί
528 2990 668 3057 καθόλου
690 3000 747 3056 τοῦ
761 2989 882 3076 κόσμου
898 2989 928 3053 ἑ·
971 2989 1008 3054 in
1036 2991 1195 3054 universo
1217 2991 1297 3055 orbe
1320 2991 1355 3054 id
1377 2992 1510 3072 oceidit,
1534 2991 1626 3056 haud
1649 2992 1724 3073 jum

177 3094 345 3182 τύγχανεν,
360 3095 428 3160 οὐδ’
438 3095 477 3161 ἂν
491 3094 619 3181 διῆλθον
634 3093 752 3181 ἡμέραι
765 3104 858 3178 τρεῖς,
873 3093 926 3178 ὑφ’
971 3094 1035 3159 sub
1068 3096 1138 3160 sole
1168 3096 1379 3160 transierunt
1401 3100 1469 3186 tres
1495 3095 1577 3176 dies,
1601 3113 1724 3179 nempe

176 3199 269 3285 ἣλιον
280 3199 403 3286 δηλαδὴ
416 3199 636 3286 φωτιζόμεναι,
647 3201 703 3264 καὶ
713 3207 795 3283 τρεῖς
806 3199 925 3280 νύκτες,
971 3199 1086 3278 lucidi,
1098 3205 1235 3280 tresque
1248 3205 1363 3264 noctes
1374 3205 1450 3282 post
1460 3203 1542 3266 solis
1554 3217 1722 3283 oooesum,

178 3301 271 3386 ἡλίου
285 3302 409 3389 δηλαδὴ
425 3303 544 3386 δύντος,
561 3303 618 3390 μία
639 3303 675 3368 δέ
697 3303 738 3388 ἠν
760 3301 814 3380 νὺξ
826 3322 927 3387 παρα·
971 3304 1030 3368 sed
1046 3306 1148 3367 unice
1160 3321 1227 3366 nox
1239 3307 1321 3384 erut,
1334 3304 1499 3386 producta
1514 3306 1550 3368 in
1567 3305 1726 3385 longissi-

179 3405 325 3473 τείνουσα
338 3407 390 3472 ἐπὶ
406 3405 559 3493 μήκιστον
573 3407 742 3492 διάστημα.
970 3423 1026 3469 mo
1042 3407 1232 3470 intervallo.

224 3509 394 3596 Τεσσόρων
416 3509 444 3575 δ’
455 3512 553 3578 όντων
575 3509 748 3596 στοιχείων,
764 3519 834 3596 γης,
853 3509 927 3574 ύδα-
1013 3511 1151 3573 Etcum
1167 3512 1314 3590 quatuor
1335 3511 1406 3574 sint
1420 3513 1597 3591 elementa,
1621 3515 1723 3589 term,

177 3636 241 3698 τος,
250 3617 356 3701 πυρός,
369 3615 472 3700 ἀέρος,
484 3617 537 3682 διὰ
548 3615 666 3680 τούτων
676 3617 735 3692 τόις
745 3613 926 3700 θεηλάτους
970 3631 1069 3694 equs,
1086 3614 1189 3694 ignis,
1201 3632 1269 3694 aer,
1282 3631 1324 3677 ex
1337 3615 1457 3678 iisdem
1469 3613 1608 3694 flagello
1619 3615 1724 3682 fuisse

178 3726 334 3806 μαστῐγας
354 3721 440 3784 κατὰ
469 3721 531 3786 τῶν
553 3715 734 3805 Αἰγυπτίων
762 3717 927 3804 γεγονέναι
970 3717 1136 3781 divinitus
1166 3723 1307 3794 erogata
1340 3719 1503 3782 adversus
1528 3719 1723 3801 AEgyptios,

177 3821 508 3912 παρίστησινόλόγος,
529 3823 582 3890 bec
599 3825 661 3911 γὰρ
677 3823 741 3910 ἀὴρ
757 3822 924 3909 ἐσκοτίσθη
969 3837 1081 3886 sermo
1100 3821 1280 3904 patefecit:
1303 3821 1430 3904 qnippe
1446 3839 1504 3886 ser
1526 3823 1726 3888 obscuratus

175 3929 277 4012 φωτός
292 3927 453 4012 στερηθεὶς
468 3928 594 4014 ἡμερῶν
617 3937 717 4014 τριῶν,
733 3927 809 3994 τότε
824 3929 926 3994 ύδατα
970 3930 1031 4005 est,
1054 3927 1131 3990 lune
1146 3925 1285 3989 orbatus
1308 3932 1452 4008 perires
1474 3925 1557 4008 dies,
1578 3932 1613 3991 et
1634 3945 1725 4010 aquo

175 4030 353 4118 μετεόληθη
369 4033 414 4111 εἰς
436 4034 525 4118 αίμα,
541 4031 627 4098 ἀλλὰ
648 4033 702 4098 καί
716 4031 738 4118 ἡ
754 4040 797 4118 γη
814 4030 925 4117 έξῆρξε
970 4037 1103 4095 mutate
1119 4032 1220 4096 estin
1236 4032 1453 4113 sanguinem,
1477 4035 1511 4096 et
1525 4036 1616 4096 terre
1632 4032 1725 4096 ebul-

179 4135 369 4223 βατράχους,
392 4138 428 4202 τό
450 4138 486 4203 δὲ
510 4147 573 4222 πῦρ
594 4136 779 4222 παραδόξως
802 4138 859 4202 σύν
880 4145 924 4223 τῷ
968 4136 1047 4201 livit
1069 4154 1186 4216 τυπαε,
1204 4141 1238 4200 et
1261 4137 1354 4215 ignis
1378 4137 1519 4201 immuni
1540 4154 1623 4200 essu
1645 4155 1725 4201 oum

176 4239 257 4326 ύετῷ
270 4242 325 4305 καί
339 4251 379 4328 τη
397 4241 527 4328 χαλάζῃ
543 4239 684 4326 ἐφέρετο,
700 4242 781 4307 ῶστε
797 4241 849 4306 διό
863 4249 926 4307 τῶν
969 4243 1087 4324 pluvie
1102 4246 1137 4305 et
1159 4239 1327 4321 grandine
1343 4239 1473 4320 ruebat,
1500 4241 1547 4302 its
1563 4246 1603 4302 nt
1625 4242 1725 4304 oesti-

179 4343 339 4429 τεσσάρων
355 4342 518 4431 στοιχείων
529 4345 602 4422 τοὺς
613 4343 696 4410 αύτδι
707 4354 808 4409 ταῦτα
820 4342 926 4410 σέόον-
970 4350 1137 4426 gerentur
1160 4363 1201 4409 ex
1224 4349 1371 4428 quatuor
1394 4345 1581 4425 elementis,
1603 4343 1724 4408 iisdem

177 4467 235 4525 τοις
250 4447 456 4534 κολασθῆναι.
900 4505 907 4516 .
969 4468 1046 4532 quoe
1061 4451 1158 4514 oultu
1174 4448 1475 4532 prosequebantur.

221 4572 254 4617 v.
271 4555 324 4618 37.
339 4550 405 4618 Καὶ
420 4551 480 4616 οῦκ
492 4551 534 4637 ην
548 4551 583 4620 δν
602 4560 671 4631 ταῖς
693 4551 806 4638 ρυλαῑς
822 4553 925 4618 αὐτῶν
1013 4573 1044 4618 v.
1059 4556 1112 4618 37.
1127 4555 1174 4619 st
1187 4571 1250 4617 noa
1264 4557 1336 4618 erat
1349 4553 1387 4617 ia
1399 4551 1545 4618 toabam
1556 4569 1665 4618 eoram
1677 4553 1726 4616 ia

172 4655 355 4723 όόσθενιῑιν.
460 4731 462 4736 ,
958 4657 1094 4741 firmem.

219 4756 258 4826 ε0
274 4759 365 4843 Θιδς,
375 4760 698 4826 κατεδουλεύσαντο...
709 4762 776 4827 edd.
791 4763 876 4826 1309
892 4762 923 4827 C.
1013 4761 1191 4825 Neminem
1203 4778 1284 4825 vero
1300 4761 1336 4823 in
1348 4760 1506 4824 tribubus
1521 4766 1606 4825 tune
1620 4759 1726 4825 fuisse

174 4860 248 4931 Ὀτι
262 4864 298 4930 δέ
312 4864 346 4931 έν
368 4874 437 4942 ταῖς
456 4865 570 4950 φυλαῖς
592 4866 693 4944 οὐδεὶς
713 4865 755 4951 ἠν
776 4863 847 4930 τότε
869 4864 924 4930 ἀσ-
972 4865 1159 4945 infirmum,
1175 4866 1299 4947 Moysis
1315 4864 1454 4946 quidem
1473 4865 1642 4946 scriptura
1658 4883 1725 4928 non

172 4967 278 5054 θενιῑιν,
294 4967 315 5055 ἡ
333 4969 390 5058 μέν
411 4968 571 5048 undam
590 4972 699 5057 γραφη
716 4970 776 5036 οὐκ
797 4970 924 5057 έσημει-
973 4971 1103 5050 retulit,
1118 4968 1178 5034 sed
1194 4987 1256 5052 per
1272 4969 1343 5033 baeo
1358 4968 1462 5032 verbe
1476 4967 1650 5048 discimus,
1666 4987 1728 5037 neo

207 5209 236 5248 v.
249 5189 293 5248 37.
306 5191 402 5250 Vatis.
415 5191 458 5260 11,
472 5190 514 5245 16.
639 5233 645 5246 ,
