3966 6104
801 422 844 485 IN
868 421 1095 488 SYMBOLUM
1658 421 1722 486 583

182 553 299 628 operuit
310 552 475 610 ed‘calcem
491 552 560 610 libri
577 553 671 611 mults
685 553 849 612 eruditione
861 572 928 612 con·
972 557 1107 615 riceitete
1115 561 1205 630 curet,
1213 555 1291 631 quod
1301 556 1455 614 omittetur
1462 558 1639 616 resurrectio
1645 575 1722 614 mor·

183 640 277 714 spicui
295 641 332 697 de
350 641 494 698 Fontibus
505 642 634 716 antiquis
645 649 676 700 et
692 643 779 701 novis
796 643 929 700 historiae
971 647 1097 714 tucrum,
1109 648 1263 717 tantopere
1275 644 1609 718 ventiletainpalaestra
1617 644 1721 716 Orige-
1767 666 1777 690 ν

182 727 310 801 symboli
324 725 354 801 ¹).
972 727 1069 784 nium
1086 729 1212 786 Rufinus
1224 736 1331 800 eutem,
1344 730 1435 787 etiam
1445 731 1502 787 hcc
1514 731 1636 787 crimine
1646 731 1721 787 mul·

216 814 283 870 Non
300 813 380 885 fugit
396 813 507 870 clariss.
523 815 689 883 Ductorem,
701 815 823 890 hujusce
840 832 930 889 expo·
973 819 1079 884 ctutue,
1091 815 1271 887 singularem
1288 815 1474 888 diligentiam
1490 816 1633 887 adhibuit,
1651 815 1722 872 dum

182 899 300 956 titionis
324 905 440 974 partem
463 901 641 976 prsecipuam
663 903 739 958 nihil
762 903 931 960 aliudesse
972 899 1138 973 symbolum
1147 907 1314 975 exponeret,
1325 908 1359 958 ut
1370 902 1427 958 hoc
1439 909 1643 976 argumentum
1655 901 1721 958 fuse

183 1002 270 1057 quem
284 988 509 1060 reputationem
520 989 633 1059 symboli
644 987 766 1045 tadicum
778 989 817 1044 od
827 1004 930 1060 compe-
973 991 1005 1042 st
1015 986 1129 1059 prolixe
1138 993 1371 1060 persequeretur.

180 1077 281 1141 tenter,
296 1073 350 1128 sub
366 1073 485 1129 nomine
497 1073 592 1129 sancti
609 1073 721 1132 Nicetes
732 1075 930 1147 Aquileiensis
1005 1071 1091 1129 Adde
1100 1073 1178 1146 quod
1190 1073 1369 1146 origeniana
1380 1091 1445 1147 qnae
1458 1074 1565 1132 dicitur
1576 1073 1722 1148 expositio

178 1157 292 1230 jamdiu
299 1159 409 1216 editam
415 1157 447 1234 ¹),
456 1177 522 1216 oum
530 1160 655 1232 quodem
663 1163 805 1235 prooemio
813 1163 929 1237 prolixo
973 1159 1005 1214 in
1016 1159 1099 1217 codd.
1117 1177 1207 1233 supra
1223 1161 1393 1217 memoretis
1405 1161 1442 1217 ab
1455 1161 1591 1236 operibus
1608 1161 1720 1231 Rufini,

180 1245 218 1301 de
230 1262 287 1318 quo
300 1246 384 1303 codd.
397 1241 525 1319 quinque
535 1247 631 1315 silent,
641 1248 712 1304 dnm
723 1247 871 1322 epilogum
879 1247 929 1305 ad·
972 1244 1058 1318 quasi
1073 1245 1201 1318 quodam
1214 1246 1319 1318 juncta
1340 1245 1466 1314 uinculo,
1484 1265 1545 1303 nou
1566 1246 1720 1302 dissociari

179 1332 253 1389 dunt
262 1350 379 1405 novum,
387 1334 437 1406 qui
446 1333 510 1408 ipse
519 1334 654 1407 protemii
662 1335 756 1392 instar
765 1335 868 1392 haberi
876 1352 928 1409 po·
973 1330 1099 1403 uidetur,
1111 1336 1143 1388 et
1153 1349 1243 1403 quum
1255 1332 1345 1388 etiem
1356 1332 1490 1390 latinitas
1501 1333 1721 1406 Aquileiensem

178 1425 247 1477 test
258 1419 346 1476 Hunc
358 1420 506 1493 epilogum
519 1419 627 1478 Suecus
639 1421 750 1490 doctor,
759 1427 866 1478 caetere
877 1438 927 1479 ne·
970 1417 1162 1490 interpretem
1173 1417 1312 1490 redcleat,
1322 1419 1423 1492 inepta
1431 1437 1491 1476 non
1501 1424 1580 1476 esset
1592 1420 1721 1494 suspicio

177 1505 303 1582 gligepe,
319 1505 478 1561 lectoribus
490 1523 549 1562 non
560 1507 676 1578 invidit,
685 1525 740 1564 nec
752 1507 870 1564 omnino
881 1524 927 1564 re-
970 1501 1008 1557 ⁸b
1018 1501 1149 1573 ejnfldem
1160 1503 1279 1574 calamo,
1292 1503 1343 1575 qui
1354 1510 1401 1560 tol
1409 1504 1610 1562 Alexandrina
1621 1506 1653 1562 in
1665 1506 1721 1562 m·

178 1593 258 1664 fugit
268 1592 307 1649 ab
319 1591 498 1663 origeniano
510 1590 594 1648 fonte
605 1593 788 1666 requirendo.
970 1587 1046 1646 tium
1062 1588 1224 1660 transtulit,
1241 1589 1318 1646 hunc
1335 1606 1449 1662 quoque
1467 1591 1631 1665 symbolam
1648 1591 1720 1650 effu·

214 1679 359 1751 seposito
376 1678 508 1734 continet
524 1679 650 1752 symboli
667 1678 824 1736 formulam
840 1678 928 1738 facile
970 1691 1034 1730 sam
1044 1673 1145 1732 fuitse-

179 1763 403 1822 discernendum
418 1763 456 1820 ab
474 1763 527 1820 ille
543 1781 609 1836 quae
625 1765 770 1838 Aquileise
788 1765 926 1823 solemnis
1004 1761 1063 1818 Sed
1074 1761 1338 1834 quodvirocritico
1348 1764 1546 1840 maximopere
1556 1765 1719 1824 notandum

178 1859 251 1920 erat,
264 1857 294 1909 et
305 1869 394 1924 quem
405 1850 491 1906 nobis
508 1851 619 1908 diserte
634 1853 741 1908 recitat
751 1852 877 1909 Rufinus
894 1853 926 1910 in
969 1847 1060 1920 uenit,
1072 1849 1099 1905 si
1111 1866 1214 1906 severa
1226 1850 1338 1906 trutim
1347 1850 1520 1924 expenderit
1531 1851 1664 1924 singulos
1674 1870 1718 1920 er·

177 1957 231 1996 suc
243 1937 369 2014 symboli
381 1938 589 1995 commentario
601 1939 634 2012 ²).
647 1939 775 1996 Tantum
784 1956 926 1998 veronen
968 1951 1051 1991 rores
1062 1933 1094 1991 in
1111 1934 1167 1991 hae
1184 1936 1423 2011 symboligrcphe
1439 1936 1622 2011 profligatos,
1639 1943 1718 1995 vete-

177 2031 224 2082 est
240 2025 397 2082 discrimen
414 2023 487 2096 quin
503 2023 624 2080 Nicetes
646 2025 778 2099 potuerit
794 2031 926 2083 noemam
968 2037 1017 2077 ree
1028 2020 1236 2078 Gnosticorum
1247 2021 1377 2078 insaniae
1390 2023 1597 2096 deprehendet,
1611 2025 1717 2082 nullibi

176 2111 215 2169 od
228 2127 297 2167 euos
309 2114 508 2183 competentes
520 2109 668 2167 exhibere.
967 2124 1039 2165 vero
1055 2107 1209 2180 perspicue
1225 2109 1354 2182 reperiet
1365 2115 1498 2165 munstre
1515 2109 1720 2168 hereticorum

200 2197 357 2269 'Repetitio
370 2195 497 2266 Oriyeuie
508 2195 546 2251 ab
564 2195 687 2252 ecclesia
696 2196 822 2269 quedem
831 2197 926 2255 orien-
968 2199 1037 2268 poet
1048 2210 1151 2267 pacem
1162 2193 1302 2250 Ecclesioe
1314 2194 1521 2266 grassantium.

177 2283 232 2339 tali
243 2281 403 2356 repetenda
421 2285 482 2350 est3
500 2279 532 2335 in
543 2280 596 2337 illu
608 2281 687 2338 enim
704 2282 789 2340 ebsst
806 2284 925 2341 descen·
1004 2280 1117 2349 Quibus
1128 2280 1289 2354 perpensis,
1302 2297 1392 2353 quum
1403 2297 1463 2338 non
1474 2285 1567 2337 tantas
1578 2281 1665 2337 molis
1677 2282 1718 2338 sit

176 2385 227 2423 eus
239 2366 278 2423 ed
289 2365 408 2436 inferos,
421 2365 458 2422 de
469 2382 536 2437 quo,
545 2366 611 2440 ipso
620 2373 697 2426 teste
708 2367 826 2442 Rufino,
835 2369 923 2428 silere
966 2365 1017 2423 ille
1026 2367 1290 2433 commentariolus,
1300 2382 1355 2422 neo
1363 2365 1548 2439 poenitendae
1556 2367 1718 2426 varietates

175 2452 310 2510 solebant
321 2451 453 2508 melone
465 2449 623 2511 orientales
635 2453 669 2528 ⁴).
966 2451 1083 2524 habeut,
1095 2453 1122 2508 si
1140 2451 1309 2510 conderetur
1326 2468 1393 2509 oum
1405 2453 1518 2510 Nicetes
1535 2454 1717 2527 explanatio·

208 2539 323 2598 Desunt
334 2547 478 2615 praeterea
486 2542 583 2600 ultimi
595 2546 656 2598 tres
665 2540 792 2613 articuli,
803 2541 835 2599 id
844 2543 923 2615 quod
965 2537 1055 2609 tione,
1066 2555 1158 2612 meve
1170 2538 1274 2595 lectori
1285 2555 1346 2595 non
1357 2539 1398 2595 sit
1409 2557 1445 2595 ea
1454 2539 1502 2596 hic
1511 2539 1629 2612 integre
1636 2541 1716 2613 lege-

173 2628 273 2710 pqtius
285 2647 305 2686 a
321 2647 435 2688 summa
451 2631 628 2703 antiquitate
645 2627 726 2698 fecit,
739 2645 827 2700 quem
843 2629 922 2686 lecu·
965 2642 1006 2697 re,
1015 2642 1081 2698 ques
1089 2642 1148 2683 non
1157 2625 1305 2696 ingratam
1314 2625 1482 2683 coronidem
1492 2627 1628 2701 operibus
1637 2644 1715 2684 sum·

173 2731 243 2771 uum
254 2732 292 2772 ex
310 2715 426 2774 defectu
438 2717 570 2774 codicum
586 2714 692 2772 innuit.
705 2713 807 2787 Neque
824 2714 856 2772 id
873 2733 922 2772 cu·
965 2711 1007 2768 mi
1023 2709 1217 2768 Alexandrini
1234 2711 1394 2784 imponunt.

208 2906 236 2979 1)
254 2907 311 2963 ille
327 2907 385 2964 oud
401 2923 471 2964 neue
489 2908 601 2972 notes
619 2923 671 2963 rur
689 2905 852 2964 Gerotiolrtc
870 2907 919 2964 der
963 2905 1034 2973 gete
1046 2901 1247 2975 apostolorum
1258 2919 1274 2958 e
1287 2903 1407 2974 regione
1422 2902 1567 2960 collatam

177 2991 362 3065 ltusrymtols
370 2993 429 3049 ond
441 2993 492 3049 der
502 2993 716 3065 Gtootomreqcl
726 3010 781 3050 von
793 2995 842 3051 Dr.
852 2994 919 3052 ur.
998 2987 1028 3062 4)
1040 2987 1115 3044 Ibid.
1127 2989 1181 3044 col·
1194 2989 1247 3044 256
1264 2988 1549 3068 n.1d“dcimdum
1569 3005 1640 3046 eene
1658 2997 1712 3060 est,

175 3079 306 3153 Corpori,
317 3079 435 3153 profers.
449 3081 498 3137 der
512 3079 599 3137 l'tecl.
613 3097 651 3136 au
662 3081 712 3136 der
721 3081 844 3152 Nerueq.
857 3080 921 3138 Uni·
964 3074 1044 3146 quod
1054 3074 1087 3130 in
1098 3074 1238 3132 Ecclesiae
1250 3075 1392 3132 Romenoe
1404 3076 1537 3149 symbolo
1555 3093 1614 3132 nou
1627 3076 1715 3134 habe·

173 3167 305 3234 vereitul,
319 3166 489 3224 Christiania
502 3168 579 3237 1879,
592 3185 619 3240 p.
632 3167 695 3223 309.
832 3193 836 3201 ·
965 3165 1016 3216 tur
1028 3161 1175 3217 additum:
1193 3161 1345 3218 descendit
1363 3161 1401 3217 od
1418 3161 1538 3233 inferos,
1551 3163 1604 3220 scd
1620 3179 1715 3234 neque

209 3253 239 3325 0)
257 3253 360 3310 Petrei.
380 3270 431 3324 nu,
453 3254 507 3308 col.
525 3254 587 3324 865,
603 3253 691 3325 juxta
707 3253 743 3309 A.
763 3253 875 3310 Maium
892 3255 924 3312 in
966 3247 999 3303 in
1010 3246 1140 3303 Orientis
1153 3247 1284 3304 ecclesiis
1296 3247 1422 3304 habetur
1439 3247 1488 3303 hic
1500 3265 1628 3320 sermm„
1647 3249 1714 3304 Non

174 3339 280 3412 Script.
293 3341 359 3396 Vet.
372 3357 424 3398 vu.
437 3341 498 3396 338.
668 3355 673 3366 ·
966 3338 1053 3392 vacet
1064 3333 1113 3389 hic
1124 3333 1264 3390 refricare
1282 3335 1520 3406 controversiam,
1538 3335 1715 3392 iternm'uu·

208 3424 238 3498 8)
249 3425 353 3480 Potrcl.
366 3440 430 3496 xxn,
443 3425 497 3481 ccl
509 3426 570 3481 335.
587 3423 659 3482 Vide
676 3426 730 3481 ecl.
748 3425 802 3481 252
813 3424 922 3481 formu-
965 3420 1092 3493 perrime
1103 3421 1182 3476 inter
1197 3420 1368 3492 anglicanos
1385 3426 1415 3478 et
1432 3421 1616 3492 germanicos
1631 3422 1714 3478 thec-

177 3511 237 3568 lam
255 3511 382 3586 eymboli
398 3511 616 3584 Aquileiensem
633 3527 699 3568 cum
711 3510 843 3586 symbolo
860 3509 924 3568 vul·
967 3507 1115 3580 logsstrcs
1126 3506 1234 3564 acriter
1246 3506 1435 3581 disputatum

762 3795 929 3896 Oriqemt
953 3794 1129 3896 cxpoetio

205 4073 301 4144 Quum
317 4074 349 4130 in
365 4073 509 4149 principio
527 4078 656 4130 creasset
672 4074 754 4129 Dens
766 4073 872 4129 cuelnm
889 4078 921 4130 et
965 4074 1045 4130 omni
1057 4073 1139 4146 ligno
1151 4073 1281 4148 paradisi
1289 4075 1457 4146 comedetis,
1470 4075 1507 4132 de
1518 4075 1600 4148 ligno
1615 4080 1715 4133 autem

169 4164 287 4231 terrem,
300 4165 331 4217 et
342 4161 490 4217 hominem
506 4161 538 4217 in
555 4166 641 4217 sexta
658 4160 705 4217 die
718 4159 755 4217 de
772 4159 842 4215 limo
859 4165 919 4216 ter-
963 4159 1095 4217 scientie
1112 4160 1183 4216 boni
1201 4166 1232 4217 et
1247 4161 1319 4218 mali
1335 4179 1373 4218 ne
1391 4161 1560 4232 comedatis,
1578 4180 1615 4219 ne
1632 4163 1713 4220 forte

168 4264 211 4303 rso
222 4247 350 4318 fecisset,
368 4247 465 4320 aspice
484 4249 553 4320 quia
570 4254 651 4305 terra
667 4252 731 4304 eret
742 4252 836 4304 mater
853 4245 918 4318 ejus
962 4245 1128 4302 moriamini
1139 4243 1171 4316 ¹).
1190 4247 1316 4321 Serpens
1334 4255 1434 4305 eutem
1449 4266 1540 4321 quum
1557 4256 1636 4306 esset
1653 4251 1712 4307 cel·

169 4338 200 4389 et
217 4334 302 4406 virgo
320 4339 384 4389 erat
402 4332 432 4403 ¹).
451 4333 606 4406 Virginem
622 4337 731 4390 terram
752 4349 818 4389 esse
842 4332 918 4389 dixi·
960 4331 1048 4388 lidicr
1065 4334 1178 4389 cunctis
1190 4333 1389 4392 enimentibns
1405 4341 1501 4407 terrae,
1514 4353 1580 4408 quae
1597 4338 1710 4394 cressit

168 4437 242 4490 mus,
254 4421 324 4493 quia
340 4421 465 4477 necdum
481 4420 660 4477 sententiam
671 4419 852 4490 damnationi
870 4437 916 4477 oc·
959 4417 1049 4488 Deus,
1072 4418 1198 4475 accessit
1221 4425 1252 4476 et
1274 4420 1472 4492 interrogavit
1492 4420 1604 4477 dicens:
1626 4424 1641 4455 ‘⁴
1652 4421 1711 4478 Cur

168 4513 295 4580 ceperat,
307 4514 341 4562 ut
358 4508 458 4581 spinos
475 4513 505 4565 et
521 4507 646 4564 tribulos
663 4507 850 4579 germinaret,
861 4523 917 4564 nec
959 4503 1101 4578 precepit
1109 4503 1194 4563 vobis
1202 4505 1291 4575 Dens,
1300 4511 1335 4562 ut
1343 4523 1403 4562 non
1409 4506 1569 4563 comedetis
1580 4524 1618 4563 ex
1627 4508 1707 4566 omui

40 4592 51 4612 ⁸
167 4592 205 4648 eb
232 4592 360 4649 humano
387 4593 530 4665 sanguine
554 4598 607 4648 aut
633 4593 758 4666 alicujus
782 4594 916 4666 sepulcro
958 4591 1041 4664 ligno
1052 4591 1191 4665 peradisi.
1202 4633 1217 4664 „
1231 4593 1379 4666 Numquid
1391 4612 1510 4668 serpeus
1522 4611 1576 4669 per
1588 4611 1619 4650 se
1630 4595 1709 4653 locu·

166 4679 280 4736 violata
296 4679 401 4737 fueret
419 4681 533 4738 Deinde
551 4679 651 4754 posuit
671 4681 752 4737 Deus
768 4679 917 4737 hominem
959 4682 1009 4733 tus
1020 4676 1147 4735 fuisset?
1160 4678 1218 4735 Sed
1229 4679 1372 4737 Diabolus
1383 4698 1437 4755 per
1449 4686 1615 4754 serpentem
1624 4680 1708 4738 dixit:

167 4766 199 4822 iu
210 4765 348 4840 peredieo
366 4783 453 4839 quem
469 4771 629 4838 creaverat,
649 4771 680 4822 et
697 4764 773 4822 dixit
784 4764 826 4823 ei:
846 4765 917 4823 “De
962 4763 1050 4821 “Scit
1067 4764 1145 4821 euim
1162 4765 1244 4823 Deus
1256 4765 1334 4838 quod
1345 4766 1378 4823 in
1394 4784 1453 4840 qua
1471 4766 1519 4823 die
1539 4767 1707 4840 comedetis,

207 4957 235 5030 1)
248 4957 288 5013 Dr
305 4957 411 5028 Virpioe
427 4962 515 5029 terra,
533 4961 668 5015 veterum
684 4959 861 5011 concurrunt
872 4959 916 5011 te·
959 4953 1087 5027 collegit,
1099 4953 1179 5010 haud
1191 4955 1301 5011 omisso
1314 4955 1445 5015 omnium
1452 4927 1710 5033 respectuadVir·

168 5041 307 5099 stimonie
318 5043 501 5115 Tertulliani,
515 5038 797 5113 Methodii,i¹ir1nici
808 5041 916 5098 Meter·
959 5042 1058 5116 ginem
1071 5041 1191 5098 secundi
1202 5041 1310 5098 Adami
1321 5049 1452 5102 matrem

167 5127 207 5200 ni,
233 5129 352 5203 Agnelli
372 5129 564 5200 Ravennatis,
582 5145 649 5205 que
666 5125 797 5204 creperi,
815 5127 916 5188 sedulo
994 5127 1024 5202 2)
1037 5125 1109 5185 Gen.
1123 5143 1154 5200 ιι,
1167 5127 1193 5201 6,
1205 5141 1251 5200 111,
1264 5129 1289 5200 1,
1302 5127 1363 5186 500.
