4020 6098
313 411 377 475 228
985 416 1201 482 ORIGENES

356 511 458 616 Τοῦτο
473 555 527 618 καί
542 553 662 640 Πέτρος
686 557 730 634 εἰς
745 558 798 620 τὸν
814 554 930 641 Κύριον
953 553 1059 634 ἐξελά-
1148 556 1239 619 Idem
1257 571 1391 636 quoque
1415 559 1533 619 Petrus
1549 556 1591 618 ad
1612 557 1795 620 Dominum
1818 574 1855 618 a·

310 653 392 736 ὸετσ,
408 657 463 720 καί
479 657 572 735 αὐτὸς
588 659 605 722 ὁ
621 659 744 745 Σωτὴρ,
768 660 827 724 οὐκ
842 657 1008 724 ὲκθάλλων
1023 659 1058 722 τὸ
1102 661 1282 740 scripserat
1298 665 1331 722 et
1346 661 1499 723 Salvator
1512 661 1593 740 ipse,
1620 660 1702 723 dum
1717 677 1783 722 non
1800 677 1857 724 ex-

313 758 393 823 είναι
408 757 473 824 υίὸν
487 770 543 826 τοῦ
558 763 653 828 Δαυὶδ
676 766 730 828 τὸν
746 763 892 848 Χριστὸν,
916 761 1001 827 ἀλλὰ
1015 770 1059 846 τῷ
1102 762 1255 826 eluderet
1277 763 1449 827 Christum
1475 780 1547 826 esse
1574 762 1683 826 filium
1707 763 1857 843 Davidis,

313 862 554 950 ὁμολογουμένη)
577 868 612 930 τὸ
635 866 845 952 ἀγνοούμενον
868 863 1060 950 προστιθείς·
1103 867 1161 930 sed
1177 869 1353 931 sententiae
1371 885 1476 948 quam
1499 865 1759 946 confitebantur,
1775 867 1859 946 adji-

313 966 372 1049 (Τὸ
383 969 439 1052 μέν
451 968 513 1053 γὰρ
526 970 605 1033 είναι
612 970 676 1035 υἱὸν
687 981 743 1034 τοῦ
751 969 846 1036 Δαυὶδ
858 971 911 1034 τὸν
923 969 1060 1054 Χριστὸν
1103 971 1195 1034 ciens
1210 971 1299 1052 quod
1318 973 1475 1049 ignotum
1490 976 1572 1049 erat,
1586 969 1682 1054 (illud
1697 988 1857 1051 namque,

314 1070 344 1135 οἱ
366 1073 535 1158 Φαρισαῖοι
559 1073 739 1160 ἐγίνωσκον,
763 1076 810 1141 δτι
832 1076 866 1142 δέ
893 1075 998 1160 κύριος
1018 1073 1060 1159 ην
1105 1073 1277 1137 Christum
1293 1093 1365 1138 esse
1387 1074 1525 1137 Davidis
1548 1073 1670 1152 filium,
1693 1073 1856 1137 Pharisaei

312 1186 367 1241 τοῦ
384 1177 479 1262 Δαυίδ
501 1178 659 1264 ἠγνόουν).
677 1178 786 1244 Κάθου
807 1180 846 1244 ἐκ
866 1177 974 1257 δεξιῶν
990 1199 1059 1263 μου,
1104 1179 1344 1258 agnoscebant,
1358 1178 1416 1242 sed
1429 1195 1507 1240 eum
1522 1196 1593 1241 esse
1606 1179 1779 1241 Dominun
1791 1178 1857 1241 Da·

312 1279 380 1346 ἀντί
395 1291 469 1346 τοῦ·
486 1280 642 1366 μετέδωκε
658 1291 701 1367 τῷ
717 1277 824 1366 Κυρίῳ
841 1281 1060 1367 μουὸΚθριας
1104 1280 1202 1360 vidis,
1230 1280 1455 1364 ignorabant)
1486 1282 1550 1344 ait:
1579 1281 1701 1346 Sedes
1730 1279 1856 1346 destris
1992 1273 1993 1280 '

311 1394 368 1470 της
393 1384 432 1448 ἐκ
453 1385 559 1465 δεξιῶν
583 1384 748 1470 καθέδρας,
775 1384 932 1472 μετέδωκε
954 1385 1059 1450 δέδιθι
1102 1385 1191 1464 aaa,
1203 1385 1239 1448 in
1251 1385 1372 1449 horum
1389 1386 1477 1449 loco:
1491 1385 1655 1448 Dominus
1667 1385 1852 1448 Dominum

309 1491 369 1574 τὴν
385 1487 500 1574 σάρκα,
516 1490 575 1574 τὴν
594 1491 637 1574 μὴ
654 1490 792 1575 ἔχουσαν
806 1499 899 1553 τοῦτο
915 1492 975 1574 πρὸ
991 1488 1059 1552 τοὺ·
1104 1507 1217 1552 meum
1241 1489 1440 1571 participem
1455 1488 1536 1552 fecit
1557 1489 1646 1551 sedis
1662 1506 1683 1550 a
1705 1488 1852 1567 dextris3

309 1611 376 1674 του,
403 1593 440 1654 οὐ
463 1591 514 1655 διδ
536 1593 594 1676 την
616 1590 768 1677 θεὸτητα,
794 1595 854 1678 τὴν
876 1592 915 1657 ἐκ
937 1592 1059 1677 φύσεως
1104 1592 1186 1656 fecit
1212 1598 1327 1656 antem
1350 1593 1550 1673 participem
1574 1591 1762 1656 secundum
1786 1609 1858 1655 car·

309 1704 402 1760 τοῦτο
425 1694 636 1782 κεκτημένην.
665 1693 775 1773 Οὐδείς
804 1698 866 1782 γὸιρ
887 1705 931 1782 τῷ
954 1698 1059 1783 ἔχοντι
1104 1714 1192 1776 ιιειιι,
1210 1713 1285 1777 quae
1299 1697 1333 1760 id
1345 1713 1412 1759 non
1424 1696 1571 1759 habebat
1585 1700 1702 1776 antea3
1720 1712 1787 1758 non
1799 1713 1856 1758 ve-

310 1797 416 1863 δίδωσι
431 1798 453 1863 ἃ
469 1800 554 1885 ἔχει·
576 1801 631 1863 καὶ
645 1798 806 1864 Ἰουδαίων
820 1802 881 1886 γὰρ
901 1799 990 1884 ψιλὸν
1006 1803 1059 1868 ἄν·
1102 1818 1139 1863 ro
1154 1801 1341 1864 secundum
1365 1800 1592 1879 divinitatem,
1615 1817 1691 1880 quae
1713 1817 1774 1880 per
1796 1817 1855 1862 na·
1992 1817 1993 1888 μ

310 1905 432 1989 θρωπον
452 1905 547 1968 αυτὸν
570 1902 862 1990 ὑπολαμὸανὸντων,
882 1903 924 1982 ῶς
946 1904 984 1969 ἐκ
998 1905 1059 1970 Δα-
1101 1911 1213 1968 turam
1230 1905 1376 1987 idipsum
1405 1906 1683 1986 consequebatur.
1704 1907 1808 1968 Nemo
1824 1922 1857 1967 e·

310 2007 358 2073 υιδ
378 2005 502 2088 ἔδειξεν,
526 2009 621 2085 αὸτὸς
642 2007 757 2093 Κύριος
781 2007 823 2072 ὢν
838 2007 889 2072 διὸ
911 2009 969 2094 την
984 2008 1057 2076 seo·
1103 2009 1173 2072 nim
1192 2003 1330 2074 habenti
1352 2011 1410 2073 dat
1425 2009 1458 2073 id
1473 2009 1562 2090 quod
1579 2008 1691 2071 habet.
1714 2008 1759 2070 Et
1773 2007 1855 2070 dum

309 2131 391 2197 τητα
408 2109 442 2175 ἐν
458 2109 663 2196 εὸαγγελίοις.
723 2143 725 2149 ·
1103 2115 1213 2177 Judaei
1247 2115 1435 2201 simplicem
1466 2131 1545 2177 eum
1574 2113 1748 2192 hominem
1778 2130 1853 2176 esse

1102 2223 1339 2299 supponerent,
1356 2223 1394 2280 ut
1415 2218 1554 2282 Davidis
1570 2217 1690 2298 filium,
1703 2218 1853 2282 ostendit

1104 2322 1139 2383 in
1160 2321 1359 2401 evangeliis,
1380 2339 1415 2385 sc
1435 2323 1618 2386 Dominum
1638 2339 1710 2384 esse
1733 2338 1853 2384 secun·

1104 2422 1185 2486 dnm
1203 2422 1426 2488 divinitatem.

355 2520 400 2587 Τὸ
415 2521 449 2587 δέ
465 2521 524 2600 ἕως
546 2523 586 2588 δν
601 2523 661 2611 θῶ,
683 2528 719 2592 οὒ
741 2528 826 2591 κατα
849 2529 1057 2612 περιορισμὸν,
1147 2527 1237 2590 Illud
1262 2532 1378 2591 autem
1409 2527 1504 2594 docco
1525 2545 1656 2608 ροκοια,
1689 2529 1761 2591 vim
1787 2545 1855 2590 non

309 2623 393 2689 ἄλλα
407 2626 492 2690 κατὰ
506 2627 686 2710 περιουσίαν
701 2628 796 2715 λέγει,
812 2632 850 2694 ob
866 2630 901 2694 δὲ
914 2631 976 2716 γὰρ
999 2631 1058 2708 ἕως
1103 2629 1205 2693 habet
1227 2631 1350 2694 limitis
1378 2631 1524 2712 definiti,
1548 2632 1607 2696 sed
1634 2633 1669 2695 in
1692 2639 1858 2713 perpetua

308 2728 539 2814 attestatores,
555 2731 614 2809 ἕως
631 2733 758 2798 τεθῶσιν
774 2733 803 2797 oi
818 2733 924 2820 ἐχθροί
940 2735 1058 2800 bacad-
1103 2739 1271 2814 potestate
1290 2734 1426 2797 dicitur.
1444 2735 1542 2799 Haud
1559 2737 1714 2799 enimait
1736 2752 1860 2816 usque·

308 2855 361 2916 τω,
380 2836 460 2920 μετα
476 2835 510 2899 δὲ
526 2845 618 2901 τοῦτο
631 2845 688 2920 της
707 2847 797 2923 τιμης
810 2836 1060 2917 έξίσταται·έδει
1103 2838 1185 2901 dum
1202 2856 1280 2900 enm
1296 2840 1423 2918 sedere,
1440 2838 1544 2902 donec
1560 2845 1731 2921 ponantur
1745 2839 1859 2902 inimi·
1885 2909 1890 2918 ,

308 2941 369 3024 γαρ
385 2941 480 3004 αἰιτὸν
499 2940 629 3025 μᾶλλον,
645 2951 701 3005 τοῦ
724 2940 863 3029 πολέμου
879 2943 1058 3023 ἐνεστῶτος,
1103 2943 1134 3006 ci
1158 2942 1288 3021 subtus,
1313 2960 1380 3023 quo
1402 2949 1600 3022 consecuta,
1624 2941 1794 3006 excideret
1816 2943 1860 3006 ab

308 3043 453 3109 ἵστασθαι
476 3047 529 3108 καὶ
545 3043 693 3130 ἀγωνιᾶν,
714 3048 766 3111 ἵνα
785 3048 839 3110 καί
863 3046 1060 3132 ἀνθρωπίνως
1103 3047 1247 3109 bonore:
1263 3047 1367 3109 immo
1391 3046 1530 3111 decebat
1546 3066 1634 3128 eum,
1651 3049 1732 3112 dum
1749 3051 1857 3110 certa-
1992 3047 1993 3054 ’

310 3148 397 3229 είιτω,
415 3149 494 3233 μετὰ
513 3148 549 3212 δέ
564 3151 622 3234 τὴν
638 3148 728 3234 νίκην
742 3149 910 3234 κατῆσθαι.
927 3150 1018 3217 Ἀλλ’
1029 3152 1060 3214 δ-
1105 3168 1182 3213 men
1198 3150 1349 3229 instaret,
1364 3151 1495 3231 sistere,
1510 3158 1543 3214 et
1555 3152 1590 3213 in
1603 3167 1722 3231 campo
1736 3151 1861 3214 luctari
1992 3201 1993 3204 ι

311 3271 369 3334 περ
387 3253 484 3334 εἶπον,
501 3251 585 3315 κατὰ
607 3253 788 3337 περιουσίαν
811 3264 903 3319 τοῦτο
918 3256 973 3319 καὶ
994 3253 1059 3320 ἐπί·
1105 3253 1154 3338 (ut
1169 3273 1260 3318 more
1279 3255 1455 3318 bominum
1470 3254 1610 3337 loquar),
1624 3259 1658 3318 et
1669 3259 1745 3336 post
1756 3257 1861 3318 victo-
1992 3267 1993 3280 ¹

311 3375 400 3418 τασιν
423 3352 519 3439 λέγει,
543 3354 584 3432 ῶς
606 3355 659 3419 τὸ·
683 3356 768 3442 Ἐγώ
791 3358 862 3443 εἰμι,
879 3361 933 3423 καί
949 3357 1007 3436 έως
1022 3359 1059 3423 οὔ
1104 3359 1188 3421 riam
1204 3357 1328 3422 sedere.
1344 3360 1407 3423 Sed
1419 3358 1509 3439 quod
1520 3357 1592 3439 jam
1608 3358 1690 3438 dixi,
1702 3357 1782 3438 jure
1797 3376 1856 3439 po·

250 3545 254 3557 .
311 3457 486 3543 γηράσητε,
511 3457 574 3544 ἐγὼ
587 3460 666 3544 εἰμι·
681 3461 718 3524 ab
732 3462 794 3545 γὰρ
811 3463 890 3547 μετὸι
912 3464 947 3526 τὸ
962 3471 1060 3548 γηρᾶ-
1104 3449 1235 3524 test'atis
1248 3467 1282 3525 et
1293 3468 1464 3544 perpetum
1476 3463 1697 3544 possessionis
1710 3463 1774 3526 hoc
1786 3464 1861 3526 vin-

259 3553 261 3560 ’
311 3583 364 3626 σαι
380 3560 561 3644 Ἰουδαίους,
578 3563 636 3627 οὐκ
648 3564 779 3650 ἔμελλεν
794 3565 930 3631 ἔσεσθαι.
1104 3566 1205 3645 dicat,
1222 3572 1260 3630 ut
1276 3568 1337 3630 ibi:
1358 3567 1458 3644 «Ego
1474 3585 1561 3645 sum,
1575 3571 1609 3629 et
1620 3566 1726 3630 donec
1739 3585 1860 3630 senue-

520 3673 524 3680 '
1105 3673 1188 3750 ritis,
1206 3688 1275 3748 ego
1290 3689 1376 3734 sum.
1392 3692 1408 3729 ν
1426 3673 1541 3750 Neque
1558 3671 1650 3732 enim
1667 3675 1790 3734 utnon
1808 3687 1860 3734 es·

1104 3782 1157 3838 set
1172 3779 1247 3856 post
1261 3776 1395 3838 senium
1407 3773 1595 3855 judaicum,
1612 3774 1687 3838 fieri
1708 3775 1759 3839 fas
1775 3782 1859 3840 erat.

354 3872 409 3950 Εἰς
423 3873 478 3938 τὸ·
494 3873 533 3938 ἐκ
546 3873 653 3953 δεξιῶν
670 3897 738 3961 μου,
754 3876 821 3942 ἐπεί
837 3879 904 3942 ἔστι
917 3898 944 3942 τι
957 3880 1011 3942 καὶ
1026 3878 1059 3959 ἐξ
1147 3878 1198 3941 Ad
1212 3879 1299 3940 baec:
1316 3885 1344 3940 A
1361 3878 1487 3943 destris
1501 3879 1592 3957 πτοία,
1617 3896 1725 3959 quum
1741 3897 1762 3942 a
1777 3881 1860 3942 sini-

309 3977 473 4062 εὐωνύμων
488 3988 544 4043 τοῦ
567 3977 660 4061 Θεοῦ,
677 3979 927 4067 παραθησόμεθα
942 3981 980 4045 ἐκ
1003 3991 1059 4068 της
1103 3984 1183 4046 stris
1198 3983 1259 4046 Dei
1275 3983 1402 4062 aliquid
1428 3985 1482 4061 sit,
1498 3999 1724 4063 proponemus
1740 4000 1783 4046 ex
1808 3987 1859 4048 111

312 4081 418 4166 τρίτης
445 4089 506 4146 τῶν
532 4079 696 4146 θασιλειῶν
718 4093 835 4146 ταῦτα·
859 4082 951 4148 Είδεν
978 4083 1059 4150 Θεὸν
1106 4089 1236 4165 Regum
1257 4087 1449 4166 sequentia:
1477 4089 1611 4151 «Israel
1635 4087 1722 4150 vidit
1746 4088 1856 4150 Deum

308 4185 440 4270 Ἰσραὴλ
462 4183 641 4270 καθήμενον
663 4186 714 4249 ἐπὶ
738 4185 853 4270 θρόνον
873 4187 982 4270 αὐτοῦ,
1005 4190 1059 4251 καὶ
1103 4191 1275 4253 sedentem
1287 4191 1323 4252 in
1335 4189 1455 4252 throno
1468 4207 1541 4269 su0‚
1558 4196 1592 4253 et
1603 4192 1713 4254 omnis
1728 4193 1858 4254 exerci-

312 4298 400 4353 πᾶσα
414 4287 436 4372 ἡ
453 4289 601 4372 στρατειὸι
616 4297 672 4352 τοῦ
684 4291 818 4373 οὐρανοῦ
834 4287 974 4372 εἱστήκει
989 4293 1058 4375 περὶ
1103 4297 1158 4354 tus
1174 4294 1250 4355 eoeli
1266 4293 1376 4356 stabat
1388 4294 1423 4356 in
1435 4295 1582 4357 circuitu
1596 4293 1679 4374 ejus,
1692 4313 1713 4356 a
1724 4295 1857 4359 dextris

310 4395 405 4459 αὐτὸν
417 4393 450 4472 ἐξ
463 4393 569 4472 δεξιῶν
581 4393 676 4457 αὐτοῦ
688 4395 742 4456 καί
754 4393 787 4472 ἐξ
798 4393 980 4479 ἀριστερῶν.
991 4392 1058 4459 Ἰδε
1104 4394 1177 4475 ejus
1204 4399 1238 4458 et
1264 4413 1284 4457 a
1306 4397 1494 4460 sinistris.»
1520 4398 1603 4461 Vide
1624 4403 1740 4462 utrum
1764 4405 1856 4464 stare

309 4499 336 4562 εί
348 4497 477 4563 δύναται
488 4495 535 4561 τὸ·
547 4495 656 4562 Κάθου
668 4496 701 4576 ἐξ
713 4495 820 4576 δεξιῶν
835 4519 894 4583 μου
906 4497 1058 4583 εἰρῆσθαι,
1103 4499 1166 4562 hoc
1181 4501 1301 4580 possit:
1325 4499 1403 4564 Sede
1418 4517 1439 4564 ιι
1454 4499 1578 4564 destris
1599 4503 1691 4580 ateis,
1710 4501 1801 4567 sicut
1815 4505 1857 4567 il-

308 4601 350 4680 ὡς
366 4603 419 4668 τὸ·
435 4601 505 4688 Οὐχ
520 4601 625 4666 οίδατε
641 4603 670 4666 τί
692 4601 839 4668 αἰτεῖσθε.
858 4601 902 4668 Τὸ
916 4587 954 4666 ’δέ
969 4601 1057 4667 καθί-
1104 4604 1172 4667 lud:
1189 4604 1354 4667 «Nescitis
1367 4603 1448 4684 quid
1459 4605 1591 4684 petatis.
1604 4605 1726 4668 Sedere
1738 4609 1855 4670 autem

309 4730 362 4772 σαι
377 4707 416 4772 ἐκ
430 4707 535 4786 δεξιῶν
552 4727 612 4791 μου
627 4706 682 4770 καί
696 4704 730 4784 ἐξ
745 4691 920 4790 εὐωνύμων,
937 4706 996 4769 οὐκ
1008 4708 1058 4769 έσ-
1103 4709 1145 4771 ad
1170 4709 1342 4771 dexteram
1364 4723 1473 4769 meam
1489 4723 1556 4769 non
1573 4711 1624 4770 est
1645 4727 1758 4772 meum
1775 4709 1857 4773 dare

311 4833 358 4876 τιν
372 4812 449 4897 έμὸν
463 4820 556 4875 τοῦτο
579 4811 696 4890 δοῦναι,
720 4808 791 4873 ἀλλ’
802 4810 848 4887 οίς
869 4806 1059 4896 ἡτοίμασται
1103 4811 1209 4890 vobis,
1229 4811 1287 4874 sed
1310 4811 1434 4891 quibus
1457 4816 1613 4890 paratum
1637 4819 1689 4877 est
1711 4832 1731 4876 a
1755 4817 1856 4878 Patre

310 4915 370 4979 ὑπὸ
386 4923 441 4979 τοῦ
456 4913 580 4998 Πατρός
599 4935 667 4999 μου.
685 4911 819 4998 Εἴρηται
830 4913 864 4976 δὲ
880 4924 982 4994 τοῦτο,
999 4915 1059 4998 οὐχ
1103 4931 1188 4976 ιιιοο.
1203 4935 1219 4973 »
1246 4917 1296 4976 Ita
1318 4917 1431 4976 autem
1448 4915 1577 4976 dictum
1601 4921 1661 4996 est,
1679 4935 1747 4981 non
1764 4919 1855 5000 quod

312 5019 360 5081 δτι
375 5017 392 5081 ὸ
409 5017 489 5096 Θεὸς
500 5019 568 5103 έχει
588 5017 673 5096 asera
685 5019 740 5080 καὶ
758 5017 916 5100 ἀριστερὰ,
929 5017 946 5079 ὁ
959 5016 1059 5102 doxo-
1104 5020 1194 5082 Deus
1211 5017 1335 5080 habeat
1342 5017 1496 5082 dexteras
1505 5023 1566 5080 aut
1573 5021 1739 5101 sinistras,
1749 5025 1859 5106 utqui

312 5121 456 5205 μέτιστος
479 5123 533 5186 καὶ
554 5121 658 5186 πάντα
673 5119 811 5202 πληρῶν.
1105 5126 1199 5184 extra
1216 5121 1363 5198 figuram
1382 5126 1432 5184 est
1447 5126 1480 5184 ct
1495 5123 1655 5187 universa
1670 5127 1829 5206 complet.
