4020 6098
846 459 889 524 IN
912 459 1098 526 ossillos
1682 467 1746 530 241

197 593 331 681 ἀλήθεια
353 605 407 661 τοῦ
431 594 550 682 Κυρίου
577 596 662 684 μένει
685 597 729 676 εἰς
756 600 810 662 τὸν
836 599 946 682 αἰῶνα,
990 599 1170 664 fallaciam.
1187 604 1230 665 At
1244 603 1368 669 coritae
1382 604 1516 669 Domini
1529 609 1636 672 amomi
1650 606 1688 671 ιἰι
1702 623 1741 670 m·

196 709 259 766 τῶν
273 701 326 766 διὰ
336 709 395 785 της
410 699 604 786 προφητείας
620 699 872 787 ἐπηγγελμένων,
888 704 947 789 τὴν
991 707 1128 796 ternum,
1148 705 1183 768 in
1207 706 1250 769 iis
1265 707 1428 771 nimirum
1449 725 1525 788 quae
1545 725 1606 788 per
1627 724 1744 773 oracu-

199 801 352 890 ἀληθειαν
375 803 628 892 ἀποληψομένων
654 807 739 870 κατά
764 808 817 871 τὸν
840 808 949 890 καιρὸν
993 808 1065 871 lum
1078 809 1239 888 praedicta
1254 809 1359 890 inere,
1375 827 1452 891 quae
1465 812 1610 875 veritate
1624 812 1745 878 confir-

195 917 254 995 της
268 917 331 974 τῶν
345 910 539 996 πραγμάτων
562 908 732 996 ἐκβάσεως,
749 910 808 974 οῦκ
823 909 866 987 εἰς
890 929 948 995 μα-
993 915 1086 974 mata
1100 917 1182 976 sunt
1198 913 1234 977 in
1250 917 1400 995 tempore
1417 931 1483 997 quo
1504 933 1558 980 res
1575 915 1697 980 effectu
1712 933 1745 982 e·

194 1015 291 1097 αροὺς
313 1015 438 1096 αἰῶνας,
463 1012 534 1078 ἀλλ’
545 1003 589 1091 εἰς
611 1015 664 1078 τὸν
687 1013 844 1078 ἐνεστῶτα
866 1013 947 1097 πλη-
990 1019 1174 1079 venerunt:
1191 1015 1282 1080 haud
1294 1019 1387 1080 enim
1397 1019 1503 1096 longa
1517 1025 1593 1099 post
1604 1022 1739 1100 saecula,

196 1103 408 1202 ροιθησεταιὴ
426 1116 560 1202 άληθεια
577 1117 673 1182 αὐτοῦ
688 1113 710 1200 ἡ
734 1115 785 1182 διά
799 1125 857 1201 της
871 1137 946 1202 προ·
989 1113 1049 1181 sed
1065 1120 1100 1183 iu
1116 1137 1188 1182 mvc
1203 1123 1363 1202 praesenti
1378 1123 1604 1204 complebitur
1616 1125 1742 1190 veritus

196 1220 328 1307 ρητείας
343 1219 576 1307 αεκηρυγμένη.
594 1221 607 1304 (
616 1223 682 1288 Vot.
703 1222 797 1285 1678.
814 1222 944 1306 Rapio.)
989 1220 1073 1302 ejus,
1089 1240 1165 1304 quae
1181 1241 1242 1305 per
1259 1225 1440 1306 prophetas
1455 1226 1617 1307 praedicta
1631 1227 1707 1290 fuit.

214 1399 219 1408 ,
240 1325 311 1392 Τῶν
333 1325 565 1411 άνεπιγράρων.
590 1324 750 1392 Τοσοῦτον
764 1324 826 1410 γάρ
849 1325 943 1408 ἐκρα-
1031 1322 1279 1408 immolarem.
1308 1323 1496 1411 Tautope're
1521 1332 1616 1408 Deus,
1643 1349 1741 1395 suam

195 1413 328 1496 ’τοίοισιν
344 1429 361 1494 ὁ
377 1427 457 1508 Θιδς
472 1433 508 1495 τὸ
531 1428 620 1507 ἔλεος
636 1430 733 1494 αὺτοῦ
749 1427 800 1494 ἐπὶ
823 1431 875 1494 τὸν
891 1429 944 1492 m·
987 1428 1203 1494 'confirmavit
1229 1432 1496 1496 misericordiam
1524 1451 1608 1513 erga
1633 1435 1742 1499 homi·

196 1535 330 1620 θροιπον,
347 1535 428 1599 ὥστε
450 1532 489 1599 δι’
502 1535 598 1599 αὐτοῦ
614 1533 666 1599 ἐπὶ
687 1535 746 1618 την
760 1539 822 1618 γῆν
837 1530 945 1618 ἐπιδη-
989 1551 1078 1613 nem,
1095 1539 1134 1597 ut
1156 1540 1293 1617 propter
1315 1553 1394 1600 enm
1410 1537 1446 1600 in
1466 1541 1592 1601 terram
1615 1541 1745 1618 migra·

196 1623 295 1732 ’ρησαι
318 1649 375 1703 τοι
397 1645 498 1703 σῶσαι
513 1636 617 1704 ecem.
635 1638 724 1721 (ma
742 1638 817 1719 342,
837 1638 945 1720 1421).
990 1639 1080 1701 vero
1096 1637 1138 1700 ao
1161 1640 1362 1703 salvandum
1378 1658 1467 1703 eum.
1483 1677 1521 1686 -
1549 1645 1634 1706 uam
1657 1643 1746 1707 dixu

198 1780 237 1790 —
254 1742 335 1808 Εῐπε
361 1744 422 1827 γάρ
446 1751 547 1807 σῶσαι
567 1743 622 1806 τὸν
648 1741 821 1826 ἄνθρωπον,
849 1741 866 1805 δ
892 1741 948 1805 καὶ
992 1758 1028 1804 se
1044 1741 1203 1805 daturum
1231 1760 1303 1806 esse
1319 1743 1450 1807 homini
1465 1746 1620 1826 salutem,
1639 1751 1672 1810 et
1696 1747 1742 1812 ie·

195 1831 336 1940 δποάησε,
360 1847 415 1910 καὶ
436 1846 481 1923 εἰς
503 1848 557 1910 τὸν
580 1845 679 1910 αἰῶνα
702 1842 822 1931 mvelt
839 1842 948 1928 πρᾶξις
992 1841 1049 1924 cit,
1066 1849 1100 1908 et
1122 1846 1158 1908 in
1174 1849 1341 1910 oeternum
1356 1853 1471 1912 manet
1486 1865 1570 1930 opus
1586 1851 1742 1917 veritatis

197 1950 305 2034 αὐτοῦ,
317 1951 372 2015 καὶ
388 1947 426 2014 δι’
437 1950 536 2034 αὐτ-ης
547 1948 702 2028 σώζονται
713 1948 830 2026 πάντες
841 1947 870 2012 οἱ
882 1947 947 2012 ἐπι·
992 1948 1096 2028 illius,
1120 1966 1307 2031 perquam
1334 1952 1511 2016 salvantur
1534 1954 1742 2038 quicumque

194 2054 402 2148 γινώσκοντες
430 2053 539 2138 αὐτην.
568 2055 657 2137 (Vct.
686 2054 774 2136 342).
803 2090 845 2100 -
871 2047 944 2117 Ὀτι
989 2055 1207 2131 agnoverunt
1232 2070 1316 2117 eam.
1347 2089 1385 2100 -
1414 2058 1596 2136 Propterea
1624 2073 1742 2122 omnes

194 2156 316 2236 πάντας
342 2159 430 2236 ἔλεος
461 2158 557 2223 αὐτοῦ
586 2155 823 2249 περιεπτύξατο.
852 2156 941 2239 (Vm.
990 2156 1064 2237 ejus
1087 2157 1319 2221 misericordia
1340 2159 1572 2224 circumdedit.
1595 2196 1634 2207 -
1659 2163 1745 2225 Nam

197 2267 271 2330 752.
287 2265 416 2348 Regio.)
433 2301 475 2312 -
491 2261 587 2328 Μένει
607 2259 706 2348 γάρὴ
729 2259 832 2339 πίστις
847 2261 944 2324 αὐτοῦ
990 2259 1251 2325 manetinnobis
1267 2259 1350 2325 fides
1367 2261 1449 2342 ejus,
1462 2279 1539 2344 qum
1552 2265 1669 2329 edocet
1685 2281 1746 2329 nos

195 2350 229 2430 ἓν
244 2365 320 2451 ἡμῖν
343 2366 539 2452 εὐχαριστεῖν
562 2365 756 2430 διδάσκουσα
778 2373 822 2448 τῷ
845 2362 946 2448 Πατρὶ
990 2365 1121 2442 gratias
1150 2364 1275 2429 habere
1305 2367 1408 2447 Patri,
1440 2369 1499 2448 qui
1530 2367 1746 2432 confirmavit

194 2453 239 2556 τῷ
254 2469 486 2554 κραταιώσαντι
500 2471 535 2534 τδ
551 2469 640 2547 ἔλεος
656 2469 763 2551 αὐτοῦ,
775 2469 831 2531 καὶ
842 2465 946 2554 μένειν
989 2455 1256 2534 misericordiam
1275 2488 1383 2551 suam,
1408 2475 1442 2534 et
1459 2472 1639 2552 persistere
1663 2472 1744 2536 iecit

194 2557 361 2657 ποιήσαντι
376 2575 434 2658 την
450 2571 602 2657 ἀληθειαν
624 2573 728 2636 καὶτὸ
743 2570 832 2648 ἔλεος
847 2570 945 2636 αδτοῦ
989 2571 1025 2634 in
1041 2573 1205 2636 saeculum
1227 2576 1406 2638 veritatem
1422 2580 1456 2639 et
1476 2577 1743 2641 misericordiam

195 2673 254 2754 ἕως
276 2686 332 2741 τοῦ
354 2678 476 2754 αἰῶνος.
492 2677 581 2759 (Vol.
600 2677 745 2760 752).--
768 2672 835 2739 Καὶ
856 2674 944 2759 topi·
989 2677 1097 2740 suam.
1117 2712 1154 2722 -
1175 2679 1244 2741 «Et
1260 2680 1387 2762 eripuit
1401 2681 1551 2744 enimam
1567 2699 1678 2744 meam
1701 2681 1743 2745 de

194 2801 273 2847 σατο
288 2783 347 2868 τὴν
365 2780 473 2867 ψυχην
486 2801 545 2866 μου
556 2781 594 2846 ὲκ
607 2779 693 2867 μέσῳ
708 2778 862 2866 σκύμνων.
879 2779 943 2846 Ao
987 2779 1098 2844 medio
1121 2783 1352 2870 catulorum.»
1378 2787 1455 2866 Ipsa
1474 2785 1633 2850 videlicet
1652 2787 1741 2850 veri·

193 2871 233 2970 τη
260 2896 426 2970 τοιγαροῦν
449 2883 584 2971 ἀλήθεια
606 2886 661 2949 καὶ
683 2881 859 2968 προσδοκία
882 2892 944 2950 τῶν
987 2890 1039 2950 tas
1055 2892 1089 2950 et
1111 2890 1300 2969 expectatio
1323 2891 1482 2968 gentium
1506 2895 1593 2972 erat;
1618 2891 1743 2955 idcireo

193 2989 290 3066 ἐθνῶν
304 2990 355 3075 ἠν,
372 2989 418 3056 διὸ
440 2991 496 3055 καὶ
519 2989 727 3075 ἐπιλάμψασα
749 2997 793 3073 τῷ
807 2996 868 3053 τῶν
892 2987 944 3053 άν·
988 2990 1104 3055 illuxit
1125 2992 1310 3068 hominum,
1327 2996 1457 3076 generi,
1480 3013 1596 3060 omnes
1619 3001 1741 3075 gentes

192 3086 324 3178 θρώπιον
338 3093 432 3179 γένει,
449 3095 492 3173 εἰς
508 3096 595 3160 αἶνον
610 3093 715 3159 πάντα
726 3095 767 3158 τά
780 3093 856 3176 ἔθνη
873 3093 943 3178 [κα-
990 3095 1033 3158 ad
1048 3095 1165 3160 laudes
1180 3113 1380 3178 convocans,
1397 3087 1581 3182 omnesque
1600 3101 1740 3182 populos

191 3197 304 3284 λοῦσα]
321 3199 375 3263 καὶ
391 3197 511 3276 πάντας
534 3199 607 3276 τοὺς
629 3197 726 3274 λαοὺς
749 3198 946 3283 εὐχαριστεῖν
991 3198 1034 3262 ad
1046 3200 1176 3278 gratias
1191 3202 1261 3265 Deo
1276 3203 1369 3266 Patri
1384 3203 1535 3282 agendas
1552 3208 1614 3268 etc.

196 3311 242 3389 τῷ
256 3300 360 3388 Πατρι
373 3301 442 3368 κτλ
460 3303 549 3386 (Vol.
569 3303 677 3386 1422).

564 3475 997 3566 Alollllllltll
1027 3477 1374 3566 llolllolllll

624 3704 625 3708 ς
661 3637 798 3715 ¹Voraio
815 3639 960 3716 owtrioo
973 3637 1105 3740 psalmi
1122 3638 1264 3718 OXVI

233 3812 354 3882 Ἕκτον
368 3813 418 3900 ἐφ’
429 3813 582 3900 ἑνδεκάτη
598 3813 708 3880 δεκάδι
731 3812 825 3901 μέλος
842 3814 940 3899 άλλη·
1027 3817 1161 3883 Scotum
1174 3835 1276 3900 cupro
1290 3817 1490 3885 undecimam
1504 3819 1650 3886 άοοαάονι
1665 3839 1736 3888 cor-

190 3919 291 3986 λοῦῦα.
983 3920 1226 3986 mooAlleloio.

190 4023 291 4092 Πάνθ’
302 4025 370 4110 άμα
385 4021 600 4110 Παμδασιληα
622 4022 783 4110 πολύθροα
798 4019 941 4110 μέλψατε
985 4026 1122 4105 Regem,
1138 4027 1331 4091 multisona
1346 4031 1477 4108 gentes,
1494 4027 1661 4093 celebrate
1676 4045 1734 4110 po-

190 4127 329 4318 Καῖῦγλιδι,
342 4232 420 4318 δμοῦ
444 4230 620 4317 σύμπαντες
636 4229 717 4316 άδην
739 4227 939 4314 alaniam
983 4132 1167 4298 Ettgffli'
1182 4235 1309 4317 populi,
1330 4236 1554 4300 modulamini
1576 4252 1659 4300 voce
1681 4253 1737 4299 ca·

189 4335 328 4509 Οῦδιανῗξν
343 4443 439 4530 ἄμμιν
454 4439 556 4522 Ἀναξ
567 4437 726 4528 ἐλεήμονα
737 4447 830 4529 μῆτιν
846 4437 939 4526 δρέλ-
983 4353 1219 4504 Eclclgrgonum
1241 4443 1390 4506 clemens
1419 4443 1517 4508 nobis
1540 4461 1600 4507 rex
1626 4445 1734 4508 consi·
1780 4487 1782 4492 .

233 4545 292 4630 λιι,
994 4554 997 4560 ’
1026 4545 1113 4608 lium
1135 4549 1251 4626 auget,

191 4649 293 4736 Καὶη
311 4649 444 4738 ἀληθείη
461 4647 668 4737 παναγήραος
683 4649 751 4715 αἰὲν
766 4647 894 4735 ἐτάχθη.
982 4652 1234 4730 Aeternumque
1272 4655 1412 4714 manent
1445 4653 1582 4715 oracula
1620 4653 1735 4716 nescia

1028 4752 1112 4817 ialli.

221 4885 331 4942 Collati
350 4891 477 4958 quatuor
493 4885 633 4943 versiculi
654 4902 721 4941 cum
743 4885 882 4942 Ottobon.
904 4889 940 4944 59
984 4883 1045 4940 tius
1056 4882 1211 4957 irrepsisse
1223 4883 1351 4955 aliquem
1363 4899 1400 4940 ex
1414 4881 1529 4940 officina
1541 4884 1737 4956 aequiorum·

188 4988 264 5038 coeo·
275 4989 315 5043 xi,
328 4974 379 5044 qui
391 4973 496 5047 incipit
508 4972 620 5046 abipso
632 4989 676 5045 ps.
691 4989 771 5031 oxu.
782 4973 940 5031 Praemissa
983 4971 1023 5042 vi,
1035 4970 1067 5025 in
1079 4986 1136 5042 qno
1145 4969 1376 5043 Byzantinorum
1389 4985 1512 5043 operosa
1524 4969 1664 5042 rudisque
1676 4971 1733 5028 Mi-

188 5059 356 5133 epigraphs,
369 5065 431 5116 tam
447 5065 542 5118 metro
555 5076 643 5131 qnam
664 5074 740 5114 vena
752 5075 842 5130 quum
851 5059 941 5133 Apol·
984 5075 1077 5114 nerva
1095 5055 1185 5112 simili
1207 5054 1342 5112 barbarie
1360 5055 1570 5112 delectabatur.
1589 5055 1664 5114 Edd.
1686 5061 1739 5117 liet

187 5145 326 5207 linarium
336 5145 457 5202 minime
476 5144 580 5219 sapiat,
593 5144 712 5202 credere
725 5143 808 5202 lubet
818 5145 876 5202 huc
888 5163 940 5219 po·
986 5145 1144 5214 stoliditate,
1157 5147 1184 5198 et
1196 5143 1251 5216 ipsi
1261 5143 1378 5200 veritos.
1390 5142 1479 5200 Latet
1491 5143 1652 5200 itaclsmus.

267 5253 418 5298 arannem
437 5253 483 5314 ιιι,
506 5241 553 5298 ῦῦ.
