4044 6104
275 413 340 490 4'62
951 421 1162 491 ORIGENES

274 561 516 656 ἡμαρτήκαμεν,
538 565 680 653 ψεύστην
701 575 850 654 ποιοῦμεν
864 565 978 633 αῦτόν·
1003 566 1021 632 ό
1063 567 1149 632 dixit
1165 581 1311 630 «omnes
1326 561 1558 645 declinavisse,
1576 562 1680 628 simul
1698 567 1732 627 et
1743 561 1821 627 inu·

274 674 337 757 γάρ
359 670 600 758 ἀναμαρτησίαν
622 671 741 758 αύχῦν,
764 673 839 739 όσον
859 673 904 752 είς
926 672 1021 738 αὐτόν
1063 673 1141 736 tiles
1156 671 1262 735 factos
1283 668 1404 750 fuisse3
1417 690 1436 729 ν
1461 671 1496 734 in
1520 669 1583 733 hoc
1597 687 1679 733 sane
1703 668 1813 731 vincit

274 775 416 862 ψεύστην
429 775 597 862 ἀποφαίνει
611 781 666 844 τδν
680 776 771 845 Θεὸν.
1059 773 1218 855 judicans
1231 774 1394 854 homines,
1407 791 1463 838 eos
1475 774 1655 840 ostendens
1668 777 1820 856 peccato

1065 895 1129 942 res.
1146 878 1274 954 Quibus
1290 876 1353 940 hoc
1368 879 1552 941 consentit:
1575 878 1644 941 «Si
1671 877 1817 942 dicimus

1064 982 1225 1063 quoniam
1255 997 1323 1045 non
1361 981 1589 1063 peccavimus,
1620 980 1818 1044 mendacem

1062 1086 1207 1150 iacimus
1223 1103 1312 1150 enm.
1329 1087 1394 1162 Qui
1412 1087 1503 1150 enim
1514 1085 1625 1166 J'actat
1639 1103 1676 1149 se
1687 1084 1818 1167 peceati

1063 1192 1262 1270 immunem,
1280 1191 1496 1273 quantumin
1512 1207 1549 1253 se
1561 1195 1623 1270 est,
1638 1190 1748 1254 Deum
1762 1188 1818 1252 de·

813 1321 818 1330 ¹
1065 1297 1173 1358 clarat
1187 1294 1394 1359 mendacem.
1412 1314 1430 1354 ν

317 1407 349 1455 v.
367 1391 396 1473 l,
414 1391 444 1455 8.
459 1387 543 1455 Ἰδού
564 1390 626 1476 γὰρ
641 1391 675 1458 ἐν
698 1389 842 1478 ἀνομίαις
864 1389 1019 1479 σονελήρ-
1105 1417 1137 1462 v.
1154 1399 1184 1462 7.
1200 1399 1280 1466 Ecce
1293 1398 1380 1462 caim
1400 1398 1438 1462 ia
1454 1395 1686 1480 iniquitatibus
1715 1413 1819 1464 cotec-

270 1490 339 1578 θην,
353 1497 409 1560 καί
423 1495 457 1560 ἐν
472 1491 639 1581 ἁμαρτίαις
654 1495 804 1581 ἐκίσοηοέ
820 1518 858 1582 με
873 1498 895 1584 ή
912 1495 1018 1585 μήτηρ
1053 1507 1135 1584 μίαν
1148 1519 1231 1581 τινα,
1249 1506 1281 1566 et
1290 1501 1479 1582 inpeccatis
1493 1502 1633 1582 concepit
1643 1517 1693 1564 me
1711 1506 1819 1567 ποίει·

271 1618 341 1683 μου.
353 1597 434 1664 Ἱδύυ
449 1598 511 1683 γάρ
527 1597 678 1684 ἀλήθειαν
693 1600 876 1686 ήγάπησας.
1061 1623 1231 1672 νιεαεοοει
1244 1605 1330 1670 enim
1344 1607 1513 1670 mitatem
1526 1604 1680 1670 diluisti.

313 1699 432 1787 Ὅμοια
446 1699 513 1767 δ’ἀν
528 1702 578 1787 είη
594 1704 649 1768 καί
666 1713 768 1770 ταῦτα
786 1707 874 1790 παρά
888 1706 932 1792 τῷ
946 1703 1018 1771 ’let
1107 1713 1240 1776 Similia
1254 1711 1326 1774 haec
1341 1709 1470 1774 fuerint
1485 1712 1527 1774 iis
1543 1728 1619 1792 quae
1642 1710 1733 1791 apud
1746 1709 1813 1774 Job

268 1799 444 1892 λελεγμένοι
455 1807 489 1872 ἐν
501 1813 560 1892 τῷ·
570 1805 823 1891 Ἐπικατάρατος
834 1808 856 1894 ή
867 1808 973 1895 ήμίρα
983 1810 1018 1875 ἐν
1061 1815 1265 1879 dictasunt:
1284 1836 1301 1874 τ
1315 1813 1491 1878 Maledicta
1502 1813 1574 1886 dies
1584 1813 1620 1876 in
1633 1831 1701 1895 qna
1710 1817 1812 1878 natus

268 1910 290 1994 ή
305 1908 487 1996 ἐγεννήθην,
498 1911 554 1975 καί
565 1907 587 1996 ή
599 1911 653 1991 νύξ
665 1912 698 1977 ἐν
712 1914 734 1996 ή
747 1913 852 1977 είπον·
866 1909 949 1978 Ἰδοὺ
962 1913 1019 1998 ἀρ-
1062 1936 1149 2000 sum,
1170 1922 1204 1981 et
1217 1935 1285 1982 nox
1301 1936 1369 2000 qna
1384 1917 1560 1983 dixerunt:
1576 1919 1662 1981 Ecce
1682 1936 1813 1982 mascu-

267 2011 332 2078 σόν.
348 2011 407 2079 Διά
419 2010 451 2081 τί
460 2017 522 2100 γάρ
537 2015 578 2099 ήν
589 2016 831 2101 ἐπικατάροιτος,
845 2016 916 2082 ἀλλ’
924 2019 972 2082 ότι
983 2019 1017 2084 ἐν
1061 2024 1128 2087 lus.
1146 2043 1163 2082 ν
1178 2025 1245 2087 cur
1258 2021 1449 2102 maledicta,
1461 2023 1529 2086 nisi
1544 2024 1625 2104 quia
1636 2025 1672 2087 in
1686 2024 1815 2105 iniqui-

266 2116 613 2205 ἀνομίαιςουνελήρθης
629 2118 1018 2208 Ἀκόλουθονγάρήνκα·
1060 2131 1131 2191 tate
1157 2131 1341 2209 conceptus
1367 2127 1442 2190 esti
1478 2128 1694 2208 consequens
1721 2127 1814 2190 enim

266 2221 367 2307 τάραν
389 2223 520 2290 ἕπεσθαι
535 2221 683 2310 ἁμαρτία.
704 2223 845 2290 Τοιαῦτα
858 2227 914 2291 καί
928 2229 1017 2313 παρά
1061 2234 1133 2295 erat
1148 2230 1419 2296 maledictionem
1446 2248 1533 2312 pone
1560 2238 1736 2312 peccatum
1762 2249 1813 2295 se-

267 2337 312 2414 τῷ
326 2326 482 2415 Ἱερεμίρι·
504 2326 794 2414 Ἐπικατάρατοςή
817 2325 924 2417 ήμὲροι
937 2331 1016 2416 ἒνή
1060 2338 1130 2418 qui.
1158 2337 1290 2400 Similia
1319 2353 1455 2418 quoque
1484 2335 1575 2416 apud
1605 2337 1808 2400 Jeremiam:

266 2431 402 2519 δτέχθην
413 2433 447 2498 ἐν
459 2430 645 2519 αὐτη,καίή
657 2432 710 2512 νύξ
725 2432 760 2500 ἐν
772 2435 794 2517 ή
807 2431 960 2499 συνέλαδέ
977 2454 1015 2520 με
1061 2439 1266 2505 «Maledicta
1280 2442 1351 2506 dies
1367 2441 1403 2505 in
1411 2457 1479 2522 qna
1487 2443 1589 2504 natus
1600 2457 1687 2518 sum,
1700 2444 1811 2503 etnox

267 2533 373 2620 μήτηρ
400 2555 469 2622 μου.
492 2534 658 2620 Μακάριόν
682 2537 745 2622 γάρ
770 2536 820 2621 ήν,
849 2535 931 2622 μηδὲ
956 2539 1016 2623 τήν
1059 2544 1095 2606 in
1108 2545 1342 2625 quaconcepit
1356 2561 1411 2606 me
1427 2545 1659 2606 matermea.»
1677 2545 1809 2608 Bonum

265 2636 394 2725 πρώτην
419 2649 557 2727 γυναῖκα
577 2638 767 2725 παραδάοαν
792 2641 853 2726 τήν
882 2640 1016 2727 δντολήν
1059 2647 1150 2710 enim
1166 2650 1248 2725 erat,
1263 2662 1332 2710 non
1351 2647 1472 2710 violari
1495 2647 1641 2727 aprima
1666 2648 1810 2710 muliere

264 2753 320 2808 τοῦ
336 2744 429 2828 Θεοῦ,
445 2743 626 2840 ἀπόύλητον
641 2746 708 2832 ἅμα
723 2753 767 2830 τῷ
782 2744 871 2829 ἀνδρί
881 2756 938 2811 τοῦ
949 2767 1009 2811 ποι-
1058 2749 1256 2814 mandatum
1286 2750 1358 2830 Dei,
1389 2768 1500 2834 neque
1534 2766 1610 2814 eam
1640 2754 1810 2813 extorrem

266 2845 411 2932 ραδείσου
424 2847 580 2934 γενίσθαι.
593 2847 658 2914 Καὶ
673 2858 816 2934 κρεῖττον
829 2850 871 2934 ήν
885 2850 966 2936 αὐτη
978 2853 1014 2916 τό
1057 2853 1133 2917 fieri
1148 2871 1307 2918 unacum
1319 2855 1392 2917 viro
1407 2873 1428 2918 a
1442 2853 1611 2918 Paradiso
1627 2855 1672 2918 Et
1686 2854 1811 2917 melius

266 2954 312 3040 μὴ
327 2951 546 3019 σολλαύοῦοαν
561 2953 721 3038 ὼδινήσαι,
738 2953 819 3040 μηδὲ
833 2964 873 3041 τη
890 2953 1013 3042 φθαρτῇ
1058 2962 1140 3038 erat,
1157 2975 1231 3020 eam
1250 2958 1323 3021 sine
1343 2962 1508 3040 conceptu
1525 2975 1593 3022 non
1613 2975 1746 3040 passam
1761 2975 1813 3021 es-

264 3056 388 3143 γενάοιι
400 3056 658 3142 διακονήσασθαι,
682 3057 784 3144 μάντιν
800 3057 835 3122 δὲ
858 3059 891 3125 δν
911 3080 1013 3144 παρα-
1056 3080 1092 3126 εε
1104 3065 1251 3143 pertum,
1266 3079 1377 3143 neque
1392 3079 1528 3144 operam
1544 3062 1624 3126 dare
1640 3069 1806 3145 corruptae

266 3158 360 3246 δείσῳ
371 3161 463 3244 Θεοῦ,
477 3160 624 3249 ἀγγέλοις
638 3159 737 3240 θείοις
749 3162 1011 3250 άρομοιουμὲνην.
1056 3167 1238 3246 nativitati,
1265 3185 1305 3230 ao
1331 3183 1469 3230 manere
1496 3167 1532 3230 in
1561 3167 1722 3231 Paradiso
1733 3167 1806 3247 Dei,

264 3263 369 3332 Ἀλλὰ
394 3265 504 3351 ρθόνιμ
525 3263 672 3331 διαύόλοο
698 3264 839 3345 θάνατος
864 3267 1009 3352 τίσήλθεν
1055 3270 1182 3335 divinis
1206 3271 1340 3349 angelis
1365 3271 1522 3334 similem.
1549 3270 1615 3334 Sed
1639 3291 1656 3330 α
1676 3270 1806 3334 invidia

265 3370 310 3448 είς
323 3371 378 3435 τὸν
399 3369 529 3455 κόσμον.
551 3368 686 3455 Θανάτῳ
709 3371 744 3436 δὲ
765 3368 787 3454 ή
811 3371 851 3437 δι’
872 3370 1013 3457 αἱμάτων
1056 3374 1191 3445 Diaboli
1220 3391 1310 3438 mors
1344 3374 1500 3438 introivit
1529 3373 1565 3437 ln
1595 3374 1807 3439 mundum.»

263 3476 320 3539 καὶ
334 3475 452 3558 σαρκός
465 3474 650 3558 ὑπηρετεῖτο
664 3473 787 3561 γένεσις
802 3473 846 3553 είς
860 3484 916 3540 τοῦ
931 3475 1011 3562 θνη-
1055 3478 1153 3543 Morti
1169 3482 1284 3541 autem
1311 3477 1518 3543 inserviebat
1544 3480 1723 3557 generatio
1747 3495 1810 3560 per

263 3586 319 3643 τοῦ
334 3575 444 3664 γάνους
459 3577 621 3664 διαμονήν.
636 3578 703 3644 Καί
717 3579 769 3645 διά
779 3589 871 3645 τοῦτο
884 3578 1012 3660 εἰκότως
1054 3583 1261 3661 sanguinem
1277 3588 1312 3646 et
1326 3599 1473 3662 carnem,
1490 3599 1566 3664 quae
1591 3582 1733 3645 mortale
1749 3599 1808 3661 ge·

262 3679 353 3766 καίή
369 3679 524 3768 σύλληψις
538 3689 599 3747 τῦν
622 3681 734 3767 αύτῦν,
751 3683 865 3750 bouvel
879 3683 1012 3772 θανάτῳ
1055 3704 1121 3750 nus
1147 3681 1365 3768 perennabat.
1393 3685 1617 3762 Quamobrem
1640 3685 1732 3748 baud
1757 3686 1808 3748 in-

262 3783 466 3872 ύποκειμίνη,
481 3787 568 3870 παρά
589 3795 654 3863 τοῖς
670 3783 836 3872 μακαρίοις
852 3787 1011 3856 διεόόιλλι-
1049 3789 1144 3870 J'uria
1158 3790 1332 3871 conceptio
1348 3789 1554 3868 mortalium,
1571 3793 1687 3870 utpote
1705 3791 1807 3853 morti

262 3909 308 3954 το.
325 3888 419 3955 Κατὰ
441 3889 476 3954 δὲ
497 3892 552 3956 τὸν
573 3888 770 3976 Σύμμαχον·
790 3889 883 3975 Ἰδοὺ,
905 3894 1011 3977 φησίν,
1053 3892 1216 3974 subjecta,
1228 3894 1368 3957 abeatis
1379 3895 1463 3957 viris
1479 3893 1710 3957 incusabatur.
1723 3895 1808 3958 Sim·

261 3995 306 4072 εἰς
320 3992 444 4059 ἀδικίαν
467 3992 639 4079 ὠδυνήθην,
662 3995 767 4062 καὶέν
789 3994 955 4082 ἁμαρτίαις
978 3997 1009 4062 ό·
1054 3997 1194 4061 machus
1216 4001 1331 4061 autem
1355 3999 1420 4061 ait:
1443 3999 1523 4064 Ecce
1543 3997 1806 4079 iae-iejeetictam

262 4093 398 4182 κίσσηοέ
414 4119 452 4184 με
468 4096 573 4183 μήτηρ
598 4118 666 4183 μου.
684 4096 860 4183 Ὠδονήθην
878 4101 941 4186 γάρ
956 4103 1011 4166 καί
1053 4105 1143 4166 utero
1154 4105 1300 4184 pactolus
1313 4117 1397 4182 eum,
1412 4105 1444 4166 et
1455 4101 1494 4165 οἰι
1501 4103 1646 4184 peccate
1653 4103 1806 4184 porturi-

261 4198 412 4286 ίκυήθην,
435 4203 540 4287 φησίν,
563 4203 615 4266 ίνα
636 4200 783 4286 παρέλθω
806 4204 850 4280 είς
876 4203 1010 4287 ἀδικίαν,
1051 4207 1102 4270 eit
1113 4223 1163 4270 me
1177 4209 1281 4270 πινόεν
1294 4223 1374 4271 ntea.
1390 4207 1550 4270 Gestatus
1566 4208 1658 4270 enim
1672 4224 1749 4269 sum
1769 4210 1804 4270 et

260 4307 316 4371 καί
338 4307 389 4372 ίνα
410 4306 444 4371 ἐν
466 4303 631 4391 ἁμαρτίαις
652 4305 830 4392 γενόμενος,
853 4305 1008 4393 ἐλεγχθῶ,
1054 4308 1175 4388 editam,
1192 4310 1250 4390 eit,
1267 4313 1306 4375 ut
1323 4312 1503 4374 transirem
1519 4309 1562 4374 ad
1588 4309 1803 4390 injustitiam,

264 4411 319 4475 καί
333 4419 434 4476 ταῦτα
448 4418 619 4495 κατηγορῶ
634 4417 691 4494 της
706 4409 833 4495 πρώτης
847 4411 1008 4497 γενέσεως.
1052 4419 1158 4494 utque
1185 4414 1221 4477 in
1244 4414 1391 4495 peccatis
1416 4418 1527 4494 natus,
1543 4415 1740 4494 redarguar,
1769 4417 1803 4477 et

259 4513 385 4582 Ούκοῦν
403 4516 487 4580 κατά
509 4514 629 4600 ταύτην
650 4516 710 4600 τήν
732 4516 864 4601 ἔννοιαν,
881 4517 915 4582 ἐν
937 4516 1009 4583 ἀνο·
1052 4535 1109 4582 eas
1121 4519 1334 4600 exceptiones
1347 4519 1465 4598 prime
1476 4518 1691 4598 generationi
1705 4535 1805 4600 oppo-

291 4813 320 4852 ν.
331 4795 356 4865 7,
370 4793 397 4849 Θ
407 4794 502 4852 Vatic.
515 4793 558 4850 la
571 4792 616 4850 of.
638 4793 661 4852 J
660 4793 706 4850 ob.
723 4807 768 4866 nr,
785 4795 810 4850 ἀ
823 4795 845 4854 J
845 4811 886 4854 er.
900 4790 951 4868 x'x,
966 4798 1008 4853 14.
1050 4792 1339 4854 commendatur.Sed
1351 4793 1415 4851 fere
1430 4810 1531 4852 omnes
1542 4791 1697 4868 Enthymii
1708 4811 1803 4853 corre-

255 4879 323 4953 Sep.
332 4882 374 4951 ll,
386 4881 429 4935 24
438 4880 531 4936 nield
543 4897 576 4952 11,
585 4881 645 4936 174.
658 4881 759 4953 Usque
768 4881 807 4938 ad
816 4883 1009 4957 Euthymium
1050 4885 1178 4939 ctionem
1189 4881 1360 4938 admittent:
1379 4884 1433 4936 Καὶ
1449 4885 1503 4950 γάρ
1521 4885 1545 4935 et
1555 4886 1602 4936 καί
1619 4889 1657 4951 τῷ
1674 4885 1746 4952 νόηιφ
1763 4888 1801 4938 τί·

254 4965 565 5038 Zigabenumtransiit
572 4985 626 5042 per
635 4969 793 5026 meeecula
801 4969 879 5044 apud
889 4971 1008 5030 Graecos
1050 4987 1108 5040 μιος
1120 4974 1135 5024 δ
1146 4971 1234 5038 γάμος
1245 4973 1289 5024 διὰ
1300 4971 1348 5036 τήν
1360 4972 1536 5034 παιδοποιίαν,
1548 4969 1621 5022 ἀλλά
1632 4985 1665 5036 γε
1676 4974 1710 5036 τῇ
1722 4973 1798 5036 φύσει

253 5051 460 5126 interpretatio
479 5053 547 5128 plus
566 5054 665 5111 minus
682 5054 787 5112 similis
809 5057 897 5130 hujus
915 5061 1007 5118 versi-
1049 5062 1082 5112 ίκ
1093 5063 1143 5126 της
1160 5059 1290 5126 ἀμαρτίας
1306 5059 1364 5122 dxc
1379 5057 1429 5123 τήν
1446 5058 1570 5122 πρόοδον.
1588 5054 1681 5112 Plura
1696 5072 1750 5130 per
1766 5073 1800 5114 se

252 5137 315 5195 culi
331 5141 356 5209 7,
369 5157 428 5212 qua
438 5141 623 5214 perennitate
631 5146 718 5201 vetus
730 5147 762 5199 et
773 5143 925 5215 legitimus
936 5147 1004 5205 fons
1049 5144 1173 5221 quisque
1185 5141 1341 5215 theologus
1353 5139 1524 5198 declarabit
