4036 6090
831 489 873 552 IN
897 488 1080 553 PS'ALMOS
1696 494 1736 554 9⁹

192 635 246 698 τόν
257 629 430 718 Ζαχαρίαν,
443 629 474 694 οἳ
488 627 659 714 προέλεγον
671 629 711 693 τά
723 626 867 712 ἐσόμενα,
884 626 938 690 καί
983 630 1101 710 phetas
1119 630 1311 696 habuerunt
1327 633 1506 710 hggaeum,
1524 633 1731 710 Zachariam,

192 745 253 800 τῶν
280 732 436 819 πολεμίων
462 734 518 810 τόις
547 730 714 809 έπιδουλόις
739 727 938 814 καταδήλους
985 734 1043 814 qui
1060 734 1175 798 futura
1198 736 1458 817 praesagiebant,
1479 755 1518 800 ao
1537 737 1731 818 perspicuas

193 838 328 904 ἐποίουν.
985 837 1201 901 inimicorum
1217 838 1387 901 faciebant
1402 839 1552 903 insidias.
1750 897 1752 903 ,

195 1002 199 1010 .
238 963 269 1006 v.
290 945 339 1007 ll.
356 937 427 1007 Ἷνα
437 939 467 1004 τί
478 939 685 1025 ἀποστρέφεις
698 941 756 1024 τὴν
766 939 860 1025 χεῖρά
872 959 938 1018 σου,
1029 959 1059 1003 ν.
1078 943 1128 1004 ll.
1151 944 1192 1006 Ut
1205 941 1285 1024 quid
1297 944 1421 1007 coertio
1435 960 1568 1007 monum
1590 949 1681 1008 tuom
1703 950 1733 1008 οι

194 1046 249 1108 καὶ
264 1045 321 1128 τὴν
337 1043 439 1123 δεξιάν
451 1065 507 1108 σου
519 1045 557 1108 ἐκ
568 1042 664 1128 μέσου
679 1053 735 1108 τοῦ
746 1043 866 1107 κόλπου
883 1063 939 1106 σου
984 1045 1146 1110 dexteram
1158 1050 1247 1110 taam
1258 1045 1549 1110 demediosioatao
1561 1046 1730 1128 iofiocm?

194 1149 238 1226 εἰς
254 1145 360 1230 τέλος;

189 1293 193 1302 ·
237 1251 316 1336 Χείρ
331 1253 386 1316 καί
408 1249 495 1329 δεξιά
509 1260 564 1314 τοῦ
588 1249 680 1330 Θεοῦ,
704 1250 721 1315 δ
744 1249 937 1335 Μονογενής.
1030 1253 1090 1316 Dei
1107 1270 1227 1315 manus
1244 1257 1277 1314 et
1292 1252 1432 1316 dextera
1448 1255 1655 1332 Unigenitus
1671 1257 1731 1318 est.

193 1394 234 1406 -
250 1354 384 1439 Χριστός
398 1356 464 1420 ἐστι
479 1353 564 1433 δεξιά
579 1364 634 1418 τοῦ
650 1354 786 1439 Πατρός,
802 1356 819 1420 δ
835 1355 878 1420 ὢν
896 1356 940 1430 εἰς
986 1357 1139 1421 Christus
1155 1361 1206 1420 est
1221 1357 1362 1420 dextera
1379 1358 1497 1435 Patris,
1514 1358 1734 1438 utquiestin
1801 1365 1805 1384 ·

193 1457 380 1524 reinstrui
396 1469 452 1522 τοῦ
468 1458 603 1543 Πατρός,
627 1458 697 1523 ὅθεν
713 1458 811 1525 ἐλθὼν
827 1458 941 1544 έξηγή-
986 1461 1064 1523 sinu
1080 1461 1199 1539 Pati-is,
1223 1459 1313 1523 unde
1328 1461 1444 1524 exiens
1464 1462 1635 1525 enarravit
1657 1478 1732 1541 quse

193 1585 272 1629 σατο
287 1565 357 1648 περὶ
372 1573 427 1628 τοῦ
443 1562 535 1630 Θεοῦ.
552 1563 591 1628 Εἰ
606 1562 743 1649 διαφέρει
759 1562 781 1646 ἡ
797 1566 867 1650 χεὶρ
882 1565 937 1626 καὶ
986 1565 1047 1628 Dei
1064 1568 1168 1627 erant.
1186 1566 1306 1627 Utrum
1322 1563 1456 1628 differat
1470 1582 1592 1628 manus
1613 1583 1634 1627 a
1656 1565 1734 1628 dex·

193 1667 318 1752 ἡδεξιδι
332 1679 387 1733 τοῦ
410 1667 502 1748 Θεοῦ,
526 1668 682 1754 ἐφέστημι,
703 1667 825 1754 μήποτε
846 1669 941 1754 ἡμὲν
987 1673 1070 1747 tera,
1096 1669 1280 1746 consider0,
1303 1685 1346 1730 ne
1380 1668 1464 1730 forte
1499 1686 1620 1731 manus
1653 1673 1735 1746 agat

191 1772 328 1858 χείρ[τά]
345 1774 430 1837 κατὰ
444 1782 505 1837 τῶν
528 1771 648 1859 ἐχθρῶν
668 1783 723 1838 τοῦ
743 1773 822 1838 λαοῦ
839 1780 937 1837 ποιεῖ·
986 1777 1104 1836 contra
1126 1774 1281 1836 inimicos
1309 1773 1435 1854 populi,
1459 1771 1598 1835 dextera
1620 1776 1752 1861 autem
1889 1768 1891 1773 ’

198 1875 219 1960 ἡ
236 1876 271 1941 δὲ
287 1877 372 1956 δεξιά
386 1879 427 1942 τόι
442 1878 520 1961 ὑπὲρ
535 1887 590 1941 τοῦ
606 1877 686 1941 λαοῦ
702 1877 817 1962 ἀγαθά,
834 1878 898 1942 οἰον
917 1875 939 1960 ἡ
987 1881 1124 1958 praestet
1137 1876 1226 1939 bona
1247 1894 1349 1957 super
1367 1877 1550 1958 populum;
1574 1875 1734 1958 quemad·

191 1983 271 2066 χείρ,
293 1981 346 2045 ὅτε
369 1980 465 2066 θυμὸν
488 1983 542 2045 καί
566 1983 664 2068 ὀργὴν
686 1984 740 2046 καὶ
763 1981 871 2067 δλϊψιν
886 1980 941 2045 Αἰ-
987 1979 1124 2042 modum
1155 1997 1276 2043 manus
1306 1985 1389 2059 erat,
1424 1981 1558 2062 quando
1593 1981 1736 2048 immisit

191 2083 329 2170 γυπτίοις
344 2086 422 2169 ὑπὲρ
437 2079 590 2171 Ἑδραίων
613 2083 795 2150 ἀπέστειλεν
811 2085 828 2149 δ
849 2084 940 2162 Θεός.
988 2085 1077 2146 Deus
1089 2084 1125 2145 in
1137 2085 1321 2166 Aegyptios
1331 2085 1415 2148 iram
1428 2089 1462 2146 et
1473 2085 1620 2148 furorem
1634 2090 1667 2148 et
1682 2103 1734 2149 ca-

193 2226 233 2237 -
249 2184 319 2254 Ἶνα
334 2186 364 2254 τί
378 2187 568 2273 άπεκρῦὸης,
585 2190 750 2273 φησίπρδς
765 2191 818 2254 τόν
834 2187 936 2253 Πατέ-
988 2188 1174 2284 lamitutem
1191 2193 1328 2282 propter
1350 2189 1516 2252 Hebraeos.
1533 2225 1570 2234 —-
1595 2192 1637 2256 Ut
1657 2190 1737 2272 qaid

192 2312 243 2376 ρα,
258 2293 312 2357 τόν
325 2291 397 2357 Υἰόν
414 2315 470 2356 σου
485 2293 519 2358 ἐν
534 2299 577 2377 τῷ
592 2291 701 2376 κόλπῳ
717 2314 788 2376 σονς
806 2292 942 2376 Χριστός
987 2291 1191 2371 abscondisti,
1227 2293 1339 2373 inquit
1369 2295 1410 2356 ad
1442 2295 1585 2374 Patrem,
1609 2296 1734 2358 Filium
1830 2283 1835 2294 ’

192 2396 275 2464 ἐστιν
297 2395 318 2480 ἡ
343 2395 428 2475 δεξιά
450 2407 504 2460 τοῦ
528 2396 670 2481 Πατρός·
689 2397 728 2460 ἐκ
750 2405 940 2482 μεταφορᾶς,
988 2401 1085 2459 tuum
1100 2397 1137 2490 in
1152 2397 1231 2459 sinu
1246 2399 1328 2459 tuo?
1344 2397 1507 2478 Christus,
1523 2400 1661 2463 dextera
1674 2401 1733 2462 Pa-

194 2500 302 2584 [κατά]
325 2502 361 2564 τό
384 2503 457 2579 τοὺς
479 2499 780 2585 παρακαλουμένους
805 2503 871 2586 μὲν,
896 2503 940 2586 μὴ
987 2502 1059 2564 tris.
1076 2502 1191 2564 Utitur
1206 2501 1403 2581 metaphora
1418 2490 1545 2581 eorum,
1562 2505 1623 2584 qui
1642 2504 1734 2565 invo

195 2603 415 2689 προσιεμένους
431 2606 465 2670 δὲ
481 2607 539 2690 τόν
559 2604 775 2689 παράκλησιν·
791 2604 942 2690 πρότερον
987 2610 1108 2667 eantur
1123 2604 1259 2686 quidem
1277 2605 1312 2667 in
1332 2605 1510 2686 auxilium,
1533 2605 1592 2669 sed
1614 2623 1735 2686 suppe-

195 2706 245 2772 ἐπί
264 2709 317 2772 τὸν
332 2707 451 2773 κόλπον
463 2710 519 2786 τάς
535 2719 644 2795 χεῖρας
655 2709 738 2795 έχων
751 2709 801 2774 ἐπὶ
822 2718 865 2794 τῷ
877 2710 941 2774 ἐπι·
989 2711 1054 2774 tias
1076 2710 1251 2792 porrigere
1276 2711 1407 2773 nolunt.
1438 2712 1543 2785 Quem
1567 2727 1647 2773 vero
1670 2711 1737 2790 pri-

195 2809 355 2894 λαδέσθαι,
380 2821 444 2888 πῶς
465 2811 564 2879 ἐθέλει
587 2813 680 2888 αὐτὸς
703 2815 775 2890 τοὺς
798 2833 943 2896 παρακα-
989 2831 1083 2876 mum
1096 2815 1146 2876 ait
1159 2832 1281 2878 manus
1297 2816 1455 2882 habuisse
1472 2817 1508 2878 in
1519 2817 1598 2880 sinu
1609 2817 1651 2878 ad
1663 2834 1736 2878 suc·

194 2913 329 2992 λοῦντας
345 2917 441 2992 αὐτάς
457 2915 665 3000 ἀποστρέφειν
681 2917 725 2993 εἰς
741 2920 777 2981 τδ
793 2915 907 2999 όπίσω;
988 2920 1202 2999 currendum,
1219 2921 1385 3001 quomodo
1400 2922 1476 2983 vult
1491 2921 1533 2983 ab
1549 2921 1734 2983 invocanti·

189 3083 193 3090 ,
985 3020 1051 3100 δυο
1072 3039 1128 3085 eas
1151 3039 1322 3087 removere
1345 3026 1554 3087 retrorsum?

238 3145 269 3188 r.
294 3125 343 3188 12.
368 3121 405 3188 Ὁ
433 3124 468 3188 δὲ
494 3122 574 3200 Θεδς
599 3123 746 3210 βασιλεὺς
768 3123 858 3210 ἡμῶν
881 3128 941 3209 πρὸ
1032 3144 1062 3186 ν.
1079 3127 1127 3188 12.
1140 3128 1228 3193 Deos
1243 3132 1350 3192 cotem
1365 3145 1424 3193 νεα
1437 3133 1544 3192 noster
1555 3133 1629 3194 uate
1639 3145 1734 3194 sccu-

193 3229 305 3305 αἰῶνος
335 3227 503 3312 εἰργάσατο
527 3226 684 3313 σωτηρίαν
711 3229 744 3293 ἐν
772 3227 857 3314 μέσῳ
883 3237 941 3312 τῆς
987 3228 1067 3307 lom,
1086 3235 1235 3310 operatas
1249 3235 1298 3296 est
1311 3232 1498 3297 solacentio
1513 3232 1615 3298 cordio
1630 3239 1732 3298 terra.

194 3341 263 3418 γῆς·
983 3411 984 3414 ,

237 3434 400 3502 Ἐντεῦθεν
422 3434 570 3512 λαδόντες
585 3437 665 3513 τινές
688 3437 885 3522 ἀνερήναντο
902 3438 941 3501 τά
1034 3439 1113 3500 Inde
1146 3439 1301 3501 nonnulii
1332 3439 1472 3521 profecti
1502 3442 1736 3505 disseruerunt

192 3537 397 3624 Ἰεροσόλυμα
419 3540 562 3628 ὀμφαλόν
585 3541 663 3605 εἰναι
678 3549 735 3625 τῆς
758 3549 828 3626 γῆς.
846 3539 940 3604 -Ὁ
988 3541 1200 3603 Hierusalem
1213 3543 1441 3614 consisterem
1453 3544 1614 3607 umbilico
1627 3549 1735 3607 terrac.

195 3644 231 3707 δέ
252 3642 322 3720 Υἱός
348 3665 415 3724 σου,
442 3643 459 3710 δ
486 3643 631 3728 Χριστός,
656 3646 743 3728 φησί,
766 3643 941 3728 προώριστο
988 3644 1094 3706 Filius
1111 3648 1226 3707 autam
1246 3648 1326 3708 tuus
1338 3645 1501 3726 Christus,
1518 3648 1734 3727 inquit,prae·

189 3749 253 3831 πρό
270 3745 390 3812 αἰώνων
412 3755 469 3830 τῆς
492 3747 614 3831 φύσεως
630 3746 775 3833 βασιλεὺς
798 3749 850 3812 διὰ
864 3769 939 3834 σαρ-
987 3746 1145 3810 fixusest
1159 3753 1238 3810 ante
1252 3751 1377 3812 saeculo
1399 3767 1459 3812 rex
1482 3768 1541 3832 per
1563 3757 1730 3830 naturam,

193 3849 321 3928 κώσεως
335 3861 392 3936 τῆς
406 3853 491 3916 κατά
505 3851 677 3937 ἄνθρωπον.
986 3852 1172 3916 secundum
1187 3870 1283 3916 suam
1299 3852 1457 3916 humanae
1471 3856 1583 3918 carnis
1605 3873 1733 3918 assum·

986 3957 1146 4037 ptionem.

237 4083 268 4124 v.
289 4063 406 4143 13,14.
430 4061 476 4125 Σὺ
498 4061 714 4147 ἐκραταίωσας
737 4064 770 4127 έν
786 4072 824 4147 τῇ
850 4063 940 4128 δυνά·
1030 4079 1061 4121 ν.
1080 4061 1130 4122 13.
1154 4063 1205 4124 Pa
1226 4059 1408 4127 ιίοωίτιαίαε
1422 4079 1456 4126 ιε
1476 4063 1513 4126 io
1534 4064 1655 4130 uirtute
1678 4067 1735 4128 too

189 4186 241 4250 μει
257 4186 313 4230 σου
329 4167 387 4250 τὴν
409 4163 588 4230 θάλασσαν.
606 4165 650 4230 Σὺ
675 4165 859 4250 συνέτριψας
883 4168 940 4244 τάς
985 4181 1092 4244 orare,
1114 4170 1151 4229 to
1174 4166 1358 4230 coturno·
1375 4167 1482 4248 capito
1503 4166 1677 4232 draconum
1700 4169 1736 4230 εἰν

191 4268 335 4353 κεφαλάς
364 4277 424 4335 τῶν
454 4268 633 4353 δρακόντων
656 4270 706 4334 ἐπὶ
739 4279 794 4333 τοῦ
817 4270 939 4346 ῦδατος.
985 4285 1090 4348 ομνια·
1106 4273 1143 4332 to
1157 4268 1350 4352 coosrepisti
1365 4271 1472 4350 capito
1487 4271 1644 4335 draconis.

192 4373 238 4438 Σὺ
254 4371 439 4458 συνέτριψας
454 4376 509 4450 τάς
524 4373 667 4458 κεφαλὰς
682 4383 737 4438 τοῦ
759 4374 938 4457 δράκοντος.

237 4476 408 4562 Διαγράφει
430 4485 473 4562 τῷ
495 4476 579 4561 λόγῳ
601 4477 660 4543 τίνι
682 4477 786 4561 τρόπῳ
807 4480 865 4562 τὴν
880 4497 939 4542 ιτα-
1030 4479 1196 4542 Describit
1211 4479 1274 4542 hoo
1289 4497 1442 4542 sermone
1459 4478 1625 4560 quomodo
1650 4481 1730 4542 olim

191 4583 285 4647 λαιάν
297 4583 398 4646 αὐτῶν
414 4581 571 4666 σωτηρίαν
586 4581 771 4667 εἰργάσατο·
787 4585 841 4646 καὶ
857 4591 939 4666 rapo-
987 4598 1103 4645 eorum
1120 4585 1265 4646 salutem
1281 4587 1439 4665 operatus
1451 4584 1510 4646 sit:
1528 4601 1567 4644 ac
1582 4584 1731 4664 primum

187 4707 245 4751 τον
261 4687 364 4771 μέντδ
377 4695 517 4771 παγῆναι
536 4685 610 4750 ὡσεὶ
629 4695 733 4771 τεῖχος
748 4697 805 4772 τῆς
818 4687 941 4753 δαλάσ-
986 4687 1076 4766 quod
1090 4687 1294 4750 constrinxit
1315 4691 1478 4768 tauquam
1502 4704 1639 4748 murum
1662 4703 1732 4747 ma-

193 4812 252 4874 σης
274 4791 315 4855 τά
337 4790 447 4870 ὕδατα,
471 4791 523 4854 ὅτε
550 4788 583 4868 ἐξ
606 4789 766 4875 Αἰγύπτου
789 4790 940 4877 ἐξῄεσαν·
987 4791 1033 4852 ris
1042 4807 1186 4871 aequora,
1200 4790 1334 4872 quando
1346 4792 1389 4854 ab
1397 4793 1553 4872 Aegypto
1566 4791 1733 4868 exierunt,

226 4956 253 4994 v.
269 4938 309 4992 11.
323 4937 389 4992 Vat.
401 4937 426 5005 5,
436 4938 461 5006 6,
473 4937 514 5005 12,
525 4937 566 4990 14,
577 4935 620 4990 ef.
631 4935 689 4990 BB.
703 4936 724 4992 J
725 4953 788 4991 oan.
801 4938 824 5006 1,
839 4938 880 4992 18.
894 4937 940 4993 Ab
986 4953 1050 4990 rum
1062 4935 1177 4991 Heracl.
1190 4935 1286 5008 fuiget
1298 4935 1383 5007 quasi
1394 4953 1524 5009 purpura
1536 4936 1614 4992 iuter
1624 4936 1733 5006 sordes,

189 5022 276 5079 initio
288 5041 361 5095 pura
373 5026 420 5078 ost
431 5021 558 5078 formula.
570 5021 719 5077 Melitonis
732 5023 808 5078 Δκαί.
823 5041 854 5092 11,
869 5024 892 5077 ἰ.
986 5022 1211 5078 commentarius
1229 5021 1316 5078 solito
1334 5021 1466 5094 amplior,
1484 5038 1571 5093 quem
1587 5021 1673 5076 facile
1696 5022 1733 5077 0-

224 5128 252 5165 v.
267 5110 308 5164 12.
322 5111 390 5166 Vnt.
403 5111 428 5176 ό,
444 5111 485 5164 12.
985 5109 1081 5182 tigoni
1098 5109 1292 5179 restituerem,
1305 5109 1357 5166 aed
1375 5109 1465 5166 habet
1485 5108 1602 5166 Corder.
1623 5127 1654 5180 11,
1674 5111 1734 5178 526,

227 5214 254 5251 ν.
270 5195 311 5251 13.
326 5197 392 5251 Vat.
407 5193 431 5251 5.
445 5196 544 5252 Etiam
557 5195 587 5252 in
597 5195 624 5251 h.
636 5213 710 5253 vers.
722 5196 799 5270 apud
810 5197 941 5256 Theodo·
987 5199 1046 5254 527.
