3966 6108
276 413 340 478 512
946 415 1160 484 ORIGENES

273 553 377 637 καλεῖ,
400 553 510 618 ἔπειτα
532 555 605 633 τοὺς
620 553 654 636 ἐξ
676 554 772 622 ἐθνῶν
793 554 1025 641 προσεληλυθύ
1069 555 1190 621 deinde
1206 572 1263 620 eos
1279 572 1321 620 ex
1342 555 1517 639 gentibus,
1539 559 1599 641 qui
1614 560 1657 625 ad
1680 579 1833 646 evange-

273 677 331 735 τας
353 666 397 742 τῷ
420 655 606 745 εὐαγγελίῳ,
628 661 715 725 κατά
739 659 795 725 τύ·
820 657 963 744 Ἰουδαίῳ
988 681 1025 726 τε
1069 662 1155 726 lium
1167 665 1391 742 accesserunt,
1407 663 1598 728 secundum
1610 666 1710 732 illud:
1733 671 1829 734 «Ju-

272 769 397 845 πρῶτον
420 764 476 827 καί
493 756 638 848 Ἕλληνι.
655 761 786 850 Ἐπειδὴ
809 765 864 828 καὶ
884 762 1025 850 δσυτηρ
1070 766 1142 830 dac
1153 766 1301 846 primum
1314 769 1348 828 et
1363 766 1517 830 Graeco.»
1531 770 1714 850 Postquam
1728 773 1824 836 enim

274 866 331 929 καί
347 860 464 948 Κύριος
485 863 586 953 ἡμῶν,
602 877 667 945 τοῖς
682 866 779 932 αὐτοῦ
799 866 954 953 μαθηταῖς
967 888 1026 953 κη-
1070 869 1427 933 salvatoretDominus
1436 875 1559 951 noster,
1568 873 1828 956 suisdiscipulis

273 969 394 1053 ρύττειν
408 970 444 1033 τὸ
461 967 648 1056 εὐαγγέλιον
659 970 974 1056 παρακαλεσάμενσς,
989 972 1025 1035 τὸ
1069 974 1268 1054 precipiens
1294 973 1478 1054 praedicare
1505 979 1736 1057 evangelium,
1756 979 1828 1060 pri-

270 1073 333 1159 γάρ
348 1073 474 1159 πρῶτύν
498 1095 597 1160 φησιν
611 1077 735 1154 αὐτοῖς·
758 1075 814 1154 urg
836 1074 908 1140 ὁδδν
931 1075 1027 1141 ἐθνῶν
1069 1094 1126 1140 ma
1148 1076 1286 1157 quidem
1316 1077 1390 1139 vice
1413 1075 1546 1140 dixerat
1567 1079 1652 1142 illis:
1679 1082 1822 1145 «Nolite

274 1179 317 1264 μὴ
335 1177 505 1265 ἀπέλθητε,
521 1181 578 1245 καί
602 1181 646 1259 εἰς
668 1180 759 1248 πόλιν
773 1181 961 1267 Σαμαριτῶν
983 1182 1028 1267 μὴ
1070 1181 1120 1242 ire
1142 1180 1179 1242 in
1194 1180 1285 1242 viam
1308 1180 1477 1261 gentium,
1498 1199 1609 1263 neque
1632 1184 1768 1262 ingredi
1784 1185 1825 1248 in

270 1281 448 1368 εἰσέλθητε,
473 1283 646 1369 πορεύεσθε
675 1285 711 1351 δέ
738 1284 858 1371 μᾶλλον
884 1288 963 1369 πρὸς
985 1286 1026 1350 τά
1069 1282 1242 1346 civitatem
1257 1284 1557 1364 Samaritanorum,
1573 1287 1632 1350 sed
1647 1289 1694 1351 ite
1706 1290 1824 1369 potius

270 1385 417 1472 πρύύατα
435 1389 476 1453 τά
493 1386 683 1454 ἀπολωλότα
697 1389 786 1454 οίκου
802 1387 944 1474 Ἰσραήλ·
959 1389 1029 1453 είτα
1071 1385 1113 1450 ad
1129 1402 1208 1450 oves
1222 1386 1371 1468 perditas
1385 1388 1526 1468 Israel»
1550 1389 1707 1473 deinceps
1725 1393 1760 1455 in
1776 1394 1829 1456 al-

273 1489 308 1557 έν
323 1488 459 1576 δευτέρῳ
476 1491 561 1578 λύγῳ
576 1491 774 1577 προστάττει,
784 1491 887 1578 λέγων
896 1493 961 1570 τοῖς
970 1493 1027 1556 αὐ-
1069 1493 1143 1554 tero
1160 1508 1314 1555 sermone
1326 1493 1489 1574 praecipit,
1506 1492 1621 1558 dicens
1636 1496 1709 1560 suis
1724 1497 1829 1562 disci-

272 1606 330 1662 τοῦ
361 1595 537 1682 μαθηταῖς·
563 1594 775 1681 Πορευθέντες
808 1594 1029 1682 μαθητεύσατε
1070 1596 1176 1676 pulis:
1206 1597 1363 1660 «Euntes
1379 1595 1495 1658 docete
1522 1613 1638 1662 omncs
1665 1602 1822 1681 populos,

271 1698 377 1764 πάντα
392 1701 434 1765 τά
457 1699 542 1783 έθνη,
564 1697 769 1785 βαπτίζοντες
791 1701 873 1766 cord
886 1700 931 1778 εἰς
946 1701 982 1764 τὸ
997 1700 1028 1764 δ
1071 1699 1280 1780 baptizantes
1296 1716 1352 1764 eos
1366 1700 1401 1764 in
1417 1701 1555 1764 nomine
1566 1703 1676 1766 Patris
1692 1709 1727 1769 ct
1742 1705 1829 1768 Filii

270 1823 352 1889 νομα
376 1812 433 1868 τοῦ
457 1801 584 1888 Πατρύς
599 1806 655 1869 καί
678 1813 734 1868 τοῦ
748 1802 822 1870 Υίοῦ
841 1805 966 1868 καὶτοῦ
989 1803 1026 1868 ά·
1070 1803 1419 1884 etSpiritussanct13»
1434 1804 1514 1868 inde
1527 1806 1826 1890 etiamsacerapo-

268 1904 338 1994 γίου
351 1907 554 1995 Πνεύματσς·
569 1907 713 1974 ἐντεῦθεν
728 1907 815 1973 καίδ
832 1907 918 1992 ίερδς
929 1907 1027 1974 ἀπύο-
1070 1895 1177 1970 stolus
1199 1906 1336 1987 Paulus,
1358 1909 1379 1971 J
1382 1907 1494 1971 udaeos
1513 1909 1690 1989 alloquens
1712 1927 1751 1974 ac
1771 1913 1823 1974 vi-

269 2010 363 2090 τσλος
379 2010 507 2089 Παῦλος
523 2008 691 2090 Ἰουδαίοις
711 2010 942 2098 διαλεγόμενος,
957 2012 1028 2077 είτα
1070 2008 1152 2073 dens
1181 2025 1238 2073 eos
1261 2010 1452 2074 incredulos
1482 2028 1519 2075 se
1537 2011 1661 2077 habere
1684 2015 1720 2078 in
1739 2016 1827 2079 reci·

274 2117 356 2201 δρῶν
378 2117 494 2194 αὐτούς
515 2114 692 2195 δυσπίστως
717 2116 850 2202 ἔχοντας
869 2118 947 2200 πρὸς
969 2118 1029 2203 τὴν
1069 2113 1537 2194 piendoevangelio,aitillis:
1553 2118 1827 2199 «Oportebatvo-

266 2217 457 2304 παραδοχὴν
479 2228 533 2283 τοῦ
557 2217 753 2306 εὐαγγελίου,
777 2222 874 2305 ῳησὶν
896 2221 1025 2297 αὐτοῖς·
1069 2217 1121 2281 bis
1133 2219 1281 2299 primum
1297 2220 1516 2298 evangelium
1531 2219 1725 2300 predicari:
1741 2241 1824 2287 cum

268 2319 357 2407 Ὑμῖν
372 2329 496 2407 πρῶτον
514 2322 614 2408 ἐχρῆν
630 2322 830 2410 κηρυχθῆναι
844 2325 880 2389 τὸ
895 2323 1026 2410 εδοιγγέ-
1069 2338 1150 2385 vero
1160 2321 1247 2387 illud
1259 2323 1442 2404 repulistis,
1452 2339 1530 2388 ecce
1537 2326 1769 2390 convertimur
1781 2327 1827 2392 ad

268 2423 347 2508 λιον,
367 2425 437 2490 ἐπεὶ
452 2425 487 2490 δὲ
502 2425 678 2492 ἀπωθεῖσθε
692 2428 798 2512 αύτδν,
811 2427 877 2493 ίδσὺ
893 2429 1024 2515 στρεφύ-
1057 2431 1200 2504 'gentes
1217 2446 1235 2485 ι

268 2528 349 2616 μεθα
363 2530 407 2608 εἰς
423 2531 462 2595 τά
477 2529 566 2616 ἔθνη.
1366 2525 1373 2540 ’

311 2654 344 2698 v.
372 2635 422 2698 ll.
447 2632 679 2712 Κυκλύσαντες
694 2633 880 2701 έκύκλυοάν
897 2655 946 2721 με,
969 2638 1024 2702 καί
1117 2635 1822 2721 v.11.eircumdoutesctrccmdedmoume,

266 2747 311 2826 τῷ
326 2739 455 2825 ύνύμοιτι
472 2738 593 2825 Κυρίου
609 2738 780 2827 ἠμυνάμην
796 2739 919 2819 αύτούς.
1068 2745 1100 2806 et
1112 2741 1239 2804 rtomirte
1259 2740 1393 2804 Domini
1416 2740 1508 2804 ultus
1529 2758 1602 2804 aum
1616 2742 1654 2806 io
1668 2758 1730 2808 eor.

308 2842 369 2908 Δεῖ
387 2843 423 2909 δέ
444 2845 498 2908 τδν
521 2845 607 2909 κατά
629 2842 711 2911 Θεὸν
734 2843 887 2930 ἀθλητην,
911 2844 972 2933 οὐχ
987 2848 1023 2911 ά·
1112 2845 1263 2909 Proiecto
1280 2849 1412 2926 oportet
1426 2846 1488 2909 Dei
1508 2845 1672 2916 athletam
1688 2863 1756 2910 non
1771 2865 1826 2912 se·

271 2945 347 3028 παξ,
370 2946 456 3012 ἀλλά
479 2946 635 3026 πολλάκις
659 2945 905 3034 πολεμούμενον,
926 2949 1024 3016 εἰπεῖν
1066 2950 1145 3029 mel,
1160 2949 1219 3013 sed
1236 2965 1475 3030 saepenumero
1490 2953 1687 3031 certantem,
1704 2949 1739 3014 id
1751 2967 1828 3032 pro-

270 3051 325 3115 τύ·
349 3049 575 3129 κυκλεύσαντες
590 3050 775 3118 έκύκλῶοοίν
797 3071 855 3138 με·
877 3054 913 3116 τὸ
928 3054 973 3139 μὴ
988 3053 1023 3119 ἀ
1066 3055 1175 3120 ierat:
1208 3053 1501 3118 «circumdantes
1527 3053 1827 3118 circumdederunt

269 3161 434 3238 ποναρκάν
449 3154 505 3219 καί
520 3155 688 3240 πάσχοντα
699 3157 754 3220 καί
769 3164 912 3240 νικῶντα,
930 3157 1023 3244 μέχρι
1067 3177 1161 3240 me,»
1186 3175 1297 3239 neque
1318 3161 1491 3238 torpescat
1505 3158 1561 3221 vel
1583 3159 1752 3239 patiendo,
1768 3160 1826 3223 vel

244 3251 246 3256 ’
269 3256 393 3334 τούτοις
415 3255 574 3343 ἀμύνηται
597 3261 634 3324 τδ
649 3256 788 3342 κέντρον,
804 3255 897 3344 δίκην
919 3259 1023 3347 μελέα·
1065 3261 1823 3344 vincendo,d0neceorumamoveataouleum‚

270 3382 332 3448 σης
346 3358 482 3448 ἐνιείοης
504 3364 559 3427 καί
577 3361 777 3449 παράχρημα
791 3361 1022 3450 ἀπολλυμένης.
1064 3367 1155 3430 sicut
1175 3367 1248 3448 apis
1264 3382 1341 3447 qua
1364 3365 1500 3446 pungit,
1523 3368 1557 3428 et
1571 3365 1688 3428 statim
1704 3383 1824 3430 eneca-

1066 3473 1132 3533 tur.
1193 3503 1196 3512 ·

313 3592 346 3636 v.
367 3573 417 3637 12.
437 3569 644 3638 Ἐκύκλῶοάν
660 3592 699 3659 με
715 3571 790 3638 diost
806 3552 952 3659 μέλισσαι
965 3595 1024 3659 κη·
1112 3574 1162 3637 12.
1184 3570 1473 3639 Circumdederunt
1491 3589 1550 3652 ota,
1567 3571 1655 3636 εἰοιιί
1671 3587 1747 3653 opes
1760 3572 1825 3655 so-

271 3674 347 3761 ρίον,
363 3677 420 3742 καὶ
436 3674 655 3760 ἐξεκαύθησαν
669 3675 711 3754 ὡς
726 3686 787 3762 πῦρ
802 3677 836 3742 έν
859 3675 1021 3757 ἀκάνθαις.
1063 3693 1149 3756 otoo,
1163 3679 1399 3742 accerserunt
1412 3677 1501 3741 τέοισί
1513 3673 1602 3758 tyois
1612 3675 1650 3738 io
1660 3676 1776 3757 spicia

310 3780 535 3867 Ἀναιροῦνται
557 3780 588 3846 ot
603 3784 736 3866 πονηραί
758 3783 812 3849 διὰ
825 3791 884 3867 της
902 3782 1023 3852 ἑαυτῶν
1107 3782 1338 3845 Destruuntur
1382 3779 1527 3862 improbi
1570 3781 1703 3844 malitia
1746 3799 1822 3862 sua,

268 3883 394 3966 κακίας,
412 3895 474 3970 πῦρ
490 3884 615 3964 ἑαυτοῖς
637 3885 745 3972 μεῖζον
761 3886 961 3966 ἐξάπτοντες.
983 3886 1022 3955 ‘0
1064 3885 1182 3964 ignem
1195 3885 1231 3947 in
1247 3883 1357 3946 medic
1377 3899 1494 3946 eorum
1510 3883 1740 3948 accendentes.
1756 3887 1823 3950 Sed

268 3989 304 4054 δὲ
318 3987 461 4066 Ἀκύλας
477 3990 533 4053 καί
544 3988 733 4076 Σύμμαχος·
747 3987 814 4055 Καὶ
826 3989 1023 4078 ἀπεσύέοθη-
1063 3989 1188 4070 Aquila
1203 3992 1237 4052 et
1247 3988 1470 4070 Symmachus
1481 3988 1595 4052 aiunt:
1610 3991 1657 4055 m
1667 3990 1823 4056 casamo·

267 4112 337 4175 σαν,
354 4093 460 4178 φησίν,
477 4090 520 4170 ύς
534 4101 596 4177 πῦρ
612 4091 767 4158 ἀκανθῶν.
1064 4097 1155 4171 ruat,
1173 4089 1557 4173 selenicatorum.

309 4215 342 4259 v.
364 4197 415 4260 15.
431 4193 524 4274 Δεξιά
542 4192 661 4280 Κυρίου
677 4194 807 4281 ἐποίησε
823 4195 962 4284 δύναμιν.
1108 4215 1140 4258 v.
1158 4196 1366 4260 lauretae
1382 4197 1516 4260 Domini
1528 4197 1618 4278 serit
1630 4197 1795 4262 uirtutem.

309 4299 401 4384 Αύτη
420 4301 567 4387 γάρτούς
579 4298 1022 4387 έχθρούςταπεινύσαοατδν
1109 4302 1187 4381 Ipsa
1202 4300 1305 4379 enim,
1329 4297 1411 4360 dum
1430 4298 1543 4362 hostes
1566 4298 1773 4380 humiliavit,
1786 4317 1821 4364 e·

265 4404 346 4472 λαὸν
363 4405 472 4489 opace
487 4403 542 4468 καὶ
564 4402 791 4490 ῖνεδυνάμωσε,
811 4408 855 4492 μὴ
872 4417 915 4494 τῷ
931 4408 1023 4496 pm.
1065 4405 1212 4467 xaltavit
1252 4401 1417 4484 populum
1444 4405 1479 4464 et
1507 4402 1747 4484 corroboravit,
1775 4421 1821 4468 ne

263 4519 312 4598 κῳ
326 4507 457 4592 θανάτῳ
479 4517 667 4591 περιπεσεῖν,
685 4508 770 4574 ἀλλὰ
791 4512 848 4575 καί
865 4522 1021 4598 παραμεῖ·
1064 4508 1277 4590 spiritualem
1301 4507 1339 4588 in
1361 4512 1506 4571 mortem
1528 4508 1672 4589 caderet,
1695 4509 1755 4574 sed
1778 4516 1820 4574 ut

267 4635 328 4698 ναι,
340 4621 384 4698 τῷ
397 4610 460 4698 Υἱῷ
475 4613 549 4690 τούς
564 4613 608 4697 μὴ
624 4610 844 4698 θεασαμένους
858 4613 1021 4682 διδάσκον-
1063 4617 1294 4697 perseveraret
1305 4612 1423 4676 docere
1432 4628 1487 4676 eos
1500 4614 1561 4694 qui
1573 4630 1640 4677 non
1652 4613 1817 4678 viderunt

261 4740 329 4798 τας.
913 4757 915 4766 1
1064 4718 1201 4782 Filium.

304 4844 336 4889 v.
354 4825 406 4889 20.
422 4819 552 4907 Αύτηη
576 4820 661 4906 πύλη
677 4831 733 4886 τοῦ
756 4820 885 4908 Κυρίου,
903 4821 1019 4892 δίκαιοι
1108 4841 1139 4885 v.
1155 4822 1207 4884 20.
1222 4821 1299 4886 Her
1312 4824 1363 4884 ert
1375 4820 1477 4900 porto
1490 4822 1634 4903 Domini,
1652 4821 1742 4903 jacti
1760 4822 1815 4888 ἰπ-

261 4926 494 4996 είσελεύσονται
511 4925 545 4990 έν
561 4925 652 5010 αὐτῇ.
1063 4925 1196 4993 trahent
1208 4925 1246 4988 τίι
1261 4939 1341 4988 com.

294 5077 323 5118 τ.
336 5059 378 5114 11.
392 5055 487 5114 Vatic
501 5055 544 5111 14.
557 5054 725 5112 Dolendnm
737 5053 845 5114 ultima
856 5057 996 5115 mancam.
1098 5073 1126 5115 v.
1140 5054 1182 5109 15.
1194 5049 1291 5109 Vatia.
1301 5051 1327 5108 5.

293 5162 322 5204 v.
334 5145 377 5201 12.
386 5142 483 5200 vatic.
495 5139 671 5200 ommam
685 5155 715 5212 11,
729 5143 792 5200 270.
1098 5161 1126 5200 ν.
1137 5141 1182 5198 20.
1194 5138 1290 5198 Vatic.
1303 5138 1329 5195 5.
1341 5137 1449 5198 Matth.
1462 5141 1488 5196 8.
