4036 6090
302 423 364 485 162
966 423 1176 485 ORIGENES

295 568 340 645 τῶ
363 557 479 644 Θαόὼρ
498 558 585 644 νύει].
608 558 701 624 Ἐστι
718 560 754 625 δὲ
774 560 846 644 όρος
864 563 922 645 ’της
940 557 1043 644 φυλῆς
1088 567 1204 626 autem
1217 565 1455 644 Theodotioue,
1468 567 1591 630 iterum
1603 563 1692 650 [vide
1705 568 1740 630 in
1752 569 1837 632 Tha-

294 661 450 748 Ἰσσόιχαρ
473 664 528 727 καί
548 660 650 748 φυλης
665 662 857 750 Νεφθαλείμ,
878 665 961 747 όριον
981 661 1043 726 Ζα-
1087 663 1455 748 bor]0rientem.Mous
1468 670 1565 732 estin
1578 670 1670 733 tribu
1683 669 1836 734 Issaohar

297 764 433 831 ύουλῶν·
448 777 550 831 κειται
561 767 597 831 δὲ
608 768 642 833 ἐν
658 776 701 853 τῷ
717 766 846 854 μεγάλῳ
857 767 952 852 πεδίιρ
963 769 1043 852 πρὸς
1090 774 1124 832 et
1131 771 1333 852 Nephtalim‚
1343 772 1510 835 terminus
1518 772 1709 837 Zabulonis.
1718 774 1839 836 Exstat

297 869 455 948 ἀνατολὰς
477 880 534 957 της
549 870 723 957 Λεγεῶνος,
747 875 764 936 ὃ
788 874 843 937 καί
858 870 1044 956 Ἐθαύύριον
1086 877 1202 937 autem
1218 877 1254 939 in
1270 877 1382 958 amplo
1397 893 1515 957 campo
1530 875 1573 940 ad
1589 877 1758 941 Orientem
1776 881 1836 942 Ro-

296 974 458 1040 καλοῶσιν.
475 973 591 1061 Θαδὼρ
606 975 641 1040 δέ
657 978 725 1042 ἐστι
739 979 775 1041 τό
793 977 865 1062 όρος
881 985 937 1061 της
952 974 1043 1041 Γαλι-
1086 997 1195 1042 manae
1213 981 1406 1061 provinoiae,
1430 997 1531 1061 quem
1547 985 1669 1044 vocant
1687 980 1836 1064 Ethaby2

295 1079 399 1160 λαίας,
416 1080 507 1165 ἐφόύ
524 1081 749 1166 μετεμορφώθη
772 1082 789 1146 δ
810 1079 956 1166 Χριστός.
971 1080 1043 1164 Ἑρ·
1086 1083 1186 1145 rium.
1202 1083 1336 1147 Thabor
1357 1089 1472 1148 autem
1493 1089 1545 1166 est
1567 1102 1663 1148 mons
1686 1085 1835 1148 Galilmoe

298 1185 427 1270 μωνιείμ
446 1183 482 1248 δέ
496 1185 579 1249 ἐστιν
594 1186 666 1269 όρος
692 1186 742 1270 ἐφ’
754 1187 791 1250 ού
817 1195 919 1250 κεῖται
944 1184 966 1269 ἡ
986 1182 1042 1249 πό-
1087 1187 1147 1250 ubi
1162 1187 1315 1250 Christus
1329 1187 1595 1266 transfiguratus
1610 1193 1670 1253 est.
1687 1191 1834 1253 Hermon

295 1289 343 1366 λις
366 1287 456 1370 Ναίν,
471 1287 506 1353 ἐν
525 1290 546 1373 ᾖ
562 1292 670 1376 ἤγειρε
686 1291 739 1354 τόν
753 1297 811 1375 της
825 1289 930 1376 χήρας
945 1289 1009 1356 υἱόν
1025 1289 1043 1354 δ
1086 1306 1183 1354 mons
1205 1295 1266 1372 est,
1289 1293 1349 1356 ubi
1372 1292 1503 1373 adjacet
1524 1293 1645 1356 civitas
1668 1295 1776 1374 Naim,
1799 1295 1835 1357 in

296 1393 387 1472 Θεός.
1087 1396 1262 1476 qnaDens
1283 1396 1464 1459 suscitavit
1485 1396 1598 1460 viduae
1612 1395 1734 1459 filium.

337 1519 370 1562 v.
390 1500 439 1562 14.
456 1497 518 1574 Σός
540 1497 558 1563 ό
582 1496 720 1583 βραχίων
745 1499 824 1582 μετά
846 1497 1041 1580 δυναστείας,
1131 1517 1162 1561 ν.
1182 1500 1231 1561 14.
1256 1501 1361 1562 Ibam
1386 1498 1554 1565 brachium
1578 1515 1651 1565 eam
1668 1501 1817 1580 potamia
1823 1524 1837 1578 ;

294 1599 521 1686 κραταιωθητω
535 1599 557 1686 ἡ
573 1599 643 1686 χείρ
665 1623 732 1682 σου,
749 1600 904 1686 θψωθήτω
919 1602 940 1687 ἡ
957 1601 1043 1682 δεξιά
1076 1601 1235 1685 firmatur
1248 1619 1365 1668 ιιιιιιιιισ
1376 1606 1444 1682 aaa,
1456 1603 1618 1668 exarata
1628 1603 1759 1669 daatara
1770 1608 1837 1670 taa.

294 1726 362 1770 σου.

338 1811 399 1888 Σδς
422 1811 440 1875 ό
459 1809 608 1898 βραχίων,
631 1810 771 1876 τουτέστι
793 1815 829 1877 τό
852 1812 984 1878 δυνατὸν
1006 1813 1042 1876 a·
1133 1811 1241 1874 aaran
1261 1807 1444 1875 brachium:
1460 1811 1495 1874 id
1517 1815 1570 1875 est
1590 1815 1739 1892 potestas
1761 1827 1839 1892 quae

293 1907 399 1980 ποντα
414 1914 568 2000 ἐνεργεῖν·
583 1917 637 1979 τόν
658 1914 721 2000 γάρ
744 1913 898 2001 βραχίονα
921 1916 971 1980 ἐπί
985 1924 1043 2000 τῆς
1087 1917 1202 1979 omnia
1216 1920 1390 1997 operatur:
1406 1916 1584 1981 brachium
1608 1919 1699 1980 enim
1714 1935 1774 1998 pro
1790 1916 1837 1980 ef-

291 2017 450 2104 ἐνεργείας
464 2029 522 2104 τῆς
537 2018 732 2102 δυναστείας,
749 2019 800 2084 ἐπί
814 2029 871 2105 της
882 2020 1043 2105 δυνάμεως
1086 2019 1204 2084 ficaria
1233 2022 1413 2110 potentiae,
1443 2037 1504 2102 pro
1535 2020 1653 2085 robore
1679 2021 1836 2101 sumpsit.

293 2121 417 2188 ἔλαθεν.
434 2121 672 2208 Κραταιωθητω
695 2125 790 2206 είπεν,
807 2124 866 2210 οὐχ
886 2125 937 2189 ίνα
951 2121 1043 2188 λάύοι
1086 2125 1253 2190 Firmatar
1266 2125 1367 2204 dixit3
1392 2142 1458 2188 uon
1482 2125 1531 2188 ait
1555 2129 1593 2186 ut
1607 2126 1768 2188 virtutem
1784 2141 1836 2187 ao-

293 2227 411 2311 κρόιτος
426 2226 522 2313 λέγει,
539 2229 606 2313 είχε
621 2229 693 2313 γὰρ,
717 2227 789 2293 ἀλλ’
804 2229 855 2293 ίνα
877 2224 1042 2312 φανερωθῇ
1086 2231 1201 2312 aipiat,
1230 2229 1335 2294 habet
1359 2232 1467 2294 enim:
1495 2229 1553 2294 sed
1580 2234 1619 2294 nt
1643 2229 1837 2294 manifeste·

293 2329 392 2415 πέρας
403 2342 459 2396 τοῦ
472 2329 642 2417 μυστηρίου
657 2341 713 2396 τοῠ
728 2332 856 2416 δύναμιν
867 2329 1043 2416 λαμδάνυν-
1087 2341 1143 2400 tur
1158 2335 1238 2399 finis
1253 2337 1408 2418 mysterii
1425 2336 1460 2399 in
1476 2353 1515 2398 eo
1527 2335 1587 2416 qui
1606 2335 1770 2398 virtutem
1786 2351 1836 2396 re-

297 2456 362 2516 τος,
385 2436 469 2512 ὅπως
492 2436 586 2512 αὐτὸς
608 2433 780 2520 ὑπέσχετο·
795 2428 896 2500 Ὅταν
919 2433 1043 2518 ὑψωθῶ,
1087 2441 1179 2522 oipit,
1205 2441 1295 2504 sicut
1321 2442 1393 2522 ipse
1413 2440 1584 2521 promisit:
1611 2437 1781 2514 «Quando
1803 2455 1836 2500 e·

292 2538 388 2624 λέγει,
404 2538 509 2605 πάντα
523 2537 647 2603 ἑλκύσω
662 2540 739 2622 πρός
754 2538 899 2624 ἐμαυτόν.
1086 2547 1236 2608 xaltatus
1265 2544 1375 2625 fuero,
1407 2546 1464 2624 ait,
1493 2545 1607 2608 omnia
1634 2543 1767 2607 traham
1793 2541 1836 2604 ed

1087 2652 1296 2731 meipsum.»

338 2771 370 2814 v.
398 2752 448 2815 15.
471 2748 660 2834 Δικαιοσύνη
684 2750 739 2813 καί
760 2749 857 2835 κρίμα
880 2749 1043 2836 ἑτοιμαοία
1130 2773 1162 2816 ν.
1180 2753 1230 2816 15.
1246 2751 1388 2816 lautitia
1410 2754 1442 2814 at
1455 2737 1621 2830 jadaiam
1636 2749 1836 2830 preparatio

293 2865 350 2919 τοῦ
365 2853 481 2940 θρόνου
497 2876 564 2937 σου,
581 2854 670 2932 ἔλεος
687 2856 743 2918 καί
765 2852 905 2938 ἀλήθεια
925 2875 1042 2940 προπο-
1084 2856 1172 2922 redte
1186 2861 1268 2936 taa;
1290 2853 1513 2922 misericordia
1531 2858 1563 2918 a
1578 2854 1701 2918 oarttat
1715 2868 1834 2934 praca-

295 2960 459 3043 procoeton
473 2962 534 3043 πρό
550 2958 718 3044 προσώπου
735 2979 801 3022 σου.
1085 2963 1161 3027 arra
1174 2961 1300 3044 faciam
1316 2964 1415 3024 taam.

336 3059 379 3128 Ὃ
407 3061 582 3148 αἰνίττεται,
610 3062 702 3126 τοῦτό
727 3063 808 3143 ἐστι,
832 3061 884 3126 διά
907 3063 963 3148 μὲν
985 3073 1042 3149 της
1130 3065 1224 3141 Quod
1246 3065 1458 3143 suggeritur,
1481 3063 1545 3128 hoo
1568 3067 1635 3126 est:
1658 3079 1719 3143 per
1736 3060 1837 3140 justi-

293 3165 495 3251 δικαιοσύνης
517 3166 572 3228 καί
587 3175 643 3229 τοῦ
664 3165 815 3251 κρίματος
830 3169 884 3231 τόν
906 3164 1042 3230 δικαστι-
1085 3171 1169 3234 tiam
1186 3175 1220 3232 et
1230 3166 1399 3248 judicium
1415 3171 1572 3230 ornatum
1585 3183 1657 3230 esse
1672 3166 1834 3228 thronum

291 3273 347 3336 κόν
363 3269 583 3355 κεκοσμῆσθαι
605 3267 735 3353 θρόνον·
750 3269 802 3333 διά
822 3269 857 3333 δὲ
879 3279 936 3333 roo
950 3268 1041 3335 ἐλέου
1081 3272 1224 3353 judieis3
1239 3289 1300 3353 per
1315 3271 1581 3334 misericordiam
1597 3275 1631 3333 et
1653 3270 1831 3333 veritatem

291 3376 346 3438 καί
360 3383 418 3458 της
433 3372 584 3456 ἀληθείας
607 3383 662 3436 τοῦ
679 3372 762 3438 Θεοῦ
785 3373 977 3458 προοδεύειν,
1000 3374 1042 3452 ῶς
1085 3379 1194 3441 Deum
1217 3376 1406 3457 procedere,
1427 3377 1525 3456 quasi
1548 3375 1768 3456 promissione
1785 3371 1832 3436 fa·

290 3480 350 3563 πρό
364 3476 490 3542 πολλῶν
502 3485 617 3561 γενεῶν
629 3485 686 3561 τῆς
699 3477 902 3562 ὑποσχέσεως
914 3477 1042 3563 γενομί-
1084 3485 1140 3543 ota
1155 3482 1272 3543 multis
1288 3478 1577 3558 generationibus,
1596 3481 1651 3543 vel
1669 3478 1831 3541 thronum

291 3603 357 3667 νης,
374 3584 395 3668 ἢ
412 3581 528 3666 θρόνον
551 3580 675 3658 πάντως
697 3591 752 3645 τοῦ
777 3580 956 3667 μέλλοντος,
980 3582 1041 3647 διό·
1085 3585 1222 3646 omnino
1238 3601 1311 3648 esse
1334 3585 1369 3646 in
1390 3582 1505 3645 futuro
1528 3587 1677 3663 tempore
1701 3583 1836 3660 erigen-

290 3710 349 3772 περ
365 3687 547 3774 ἑτοιμασίαν
563 3685 809 3773 ἐμνημόνευσεν·
825 3687 966 3752 ἐντεῦθεν
978 3690 1040 3773 γὰρ
1085 3688 1176 3768 dum,
1193 3689 1317 3752 idcireo
1333 3688 1602 3768 preparationem
1621 3687 1831 3750 memoravit.

288 3792 343 3877 ἀφ’
359 3795 401 3857 ῶν
412 3790 503 3877 ἡμεῖς
516 3791 651 3878 βιοῦμεν,
664 3791 865 3875 δικαιοσύνην
877 3793 931 3856 καί
943 3792 1040 3878 κρίμα
1085 3793 1136 3855 Ex
1163 3793 1216 3856 his
1242 3794 1322 3855 vitre
1349 3797 1471 3855 nostrae
1499 3790 1705 3855 facinoribus
1728 3790 1834 3870 judex

289 3897 449 3982 ἑτοιμάζοι
471 3895 584 3960 ἑαυτοῦ
600 3895 616 3959 ό
632 3897 740 3979 κριτὴς
763 3897 840 3977 πρὸς
863 3895 921 3978 την
944 3895 1039 3960 ἑκάσ-
1083 3897 1149 3960 sihi
1165 3901 1332 3978 praeparat
1349 3895 1521 3976 justitiam
1538 3901 1570 3960 et
1589 3896 1768 3976 jndioium,
1793 3900 1834 3960 ut

291 4023 347 4066 τυυ
359 3999 460 4084 κρίσιν
477 3997 538 4062 ῶδέ
553 4020 614 4063 που
630 3996 821 4084 μέλλουσαν·
841 3999 909 4062 ἐπεὶ
923 3999 1040 4063 δικαιυ
1083 4021 1147 4065 sua
1157 4003 1280 4082 ouique
1289 4001 1459 4063 sententia
1469 4001 1607 4063 seratur.
1619 4004 1730 4078 Quum
1743 4001 1834 4063 thro-

148 4109 154 4122 '
290 4103 367 4187 σύνη
385 4100 550 4187 ἑτοιμασία
572 4103 638 4166 ἐστι
653 4111 709 4165 τοῦ
732 4099 847 4184 θρόνου
866 4113 922 4166 τοῦ
944 4103 1037 4186 Θεοῦ,
1084 4107 1120 4170 ni
1143 4107 1203 4170 Dei
1227 4106 1427 4188 praeparatio
1447 4106 1491 4167 sit
1513 4103 1657 4184 justitia,
1678 4103 1737 4184 jus
1760 4104 1835 4167 uni·

291 4210 326 4273 τό
342 4207 413 4271 κατ’
425 4206 514 4285 ἀξίαν
530 4205 666 4270 ἑκάστου
681 4203 892 4290 ἀπολήψεται,
905 4209 959 4270 καί
971 4207 1038 4271 ἐπεὶ
1083 4211 1207 4291 cuique
1226 4208 1413 4272 secuudum
1434 4209 1554 4271 merita
1574 4213 1782 4288 reservatum
1800 4211 1835 4270 et

290 4311 387 4398 κρίμα
411 4311 501 4374 ούδὲν
525 4307 659 4393 ἀκρίτως
682 4308 780 4390 ἔσται,
797 4309 935 4394 κρίματα
953 4311 987 4374 δὲ
1003 4312 1038 4374 ἀ-
1083 4331 1190 4395 quum
1202 4315 1335 4376 nullum
1352 4312 1506 4375 futurum
1518 4313 1564 4376 sit
1574 4311 1743 4393 judicium
1756 4313 1829 4376 sine

287 4415 404 4492 θυσσυς
415 4413 531 4498 πολλὴ,
547 4414 599 4477 ότε
615 4434 662 4490 τις
678 4413 853 4498 προφθάσει
866 4425 923 4478 τοῦ
937 4414 1037 4480 ἒλεείν
1082 4418 1266 4496 sententia,
1293 4415 1424 4496 judicia
1450 4421 1564 4478 autem
1592 4418 1662 4480 siut
1690 4417 1833 4499 abyssus

287 4517 469 4603 παρανόμῳ,
486 4518 522 4582 οὐ
546 4517 670 4582 σύνεστι
685 4527 745 4582 τῶν
768 4515 866 4583 ἐλέων
890 4517 1034 4604 ἀλήθεια,
1082 4523 1201 4600 multa,
1218 4521 1353 4602 quando
1376 4521 1454 4601 quis
1472 4521 1626 4584 misereri
1649 4522 1833 4601 peccatoris

288 4624 339 4688 διά
353 4622 427 4688 οὐδὲ
440 4620 555 4706 κυρίως
578 4620 698 4697 ἔλεοςό
717 4630 866 4699 τοιυῶτος.
883 4660 924 4670 -
941 4622 1038 4686 Δύνα-
1081 4627 1183 4688 citius
1200 4624 1347 4703 festinat,
1363 4640 1431 4688 non
1447 4626 1618 4688 oonourrit
1636 4643 1714 4688 oum
1734 4625 1832 4688 mise-

273 4750 338 4806 Ιται
359 4727 395 4791 δὲ
418 4724 558 4792 ἐντεῦθεν
580 4722 601 4807 ἡ
630 4731 690 4788 τῶν
717 4723 836 4808 ἀρετῶν
863 4723 1037 4790 ἀκολουθία
1082 4729 1368 4807 rioordiaveritas,
1377 4747 1486 4810 neque
1499 4729 1633 4810 proprie
1645 4727 1832 4791 misericor·

288 4830 465 4899 δείκνυσθαι
491 4827 753 4913 ἀντιστρεφόντως
780 4827 941 4914 ἀλληλοις,
968 4839 1038 4894 τοῦ·
1082 4835 1138 4898 dia
1159 4832 1355 4914 hujusmodi
1378 4837 1438 4895 est.
1458 4835 1628 4896 —Potest
1650 4837 1765 4895 autem
1788 4849 1829 4894 ex

290 4959 324 5002 τε
346 4935 531 5000 ὲκλεκτικυῶ
553 4935 608 4998 καί
634 4943 690 4998 τοῦ
713 4933 861 5018 ἀληθοῦς,
883 4945 973 5000 τοῶτε
995 4935 1037 5000 δι-
1081 4936 1832 5017 hoaversudisoernivirtutumeonsequentia

322 5141 349 5180 ν.
364 5124 406 5179 14.
420 5123 465 5180 Ex
477 5123 672 5180 hument-Pl.
686 5123 753 5192 νι,3
766 5123 787 5180 J
788 5140 853 5180 oan.
868 5141 942 5194 xvu,
954 5127 1000 5182 22.
1117 5146 1145 5185 v.
1159 5128 1201 5184 15.
1213 5128 1280 5198 Vat,
1292 5127 1318 5196 4,
1333 5127 1375 5182 12.
1388 5126 1437 5182 Pe.
1451 5127 1563 5196 xn11,8.
