4008 6094
817 465 860 527 IN
883 465 1068 529 PSALMOS

789 665 960 766 rsurmu
984 688 1093 767 nur.

218 923 249 966 v.
265 903 295 966 4.
311 898 550 980 Ἐξαιτέστειλεν
566 899 583 964 ὁ
600 897 679 976 Θεθς
695 899 731 962 τὸ
753 897 842 976 ἔλεος
865 898 920 962 αθ·
1010 921 1041 965 v.
1058 907 1089 967 6.
1102 903 1299 970 Misitheus
1312 900 1566 970 misericordem
1576 893 1670 967 tuum
1680 903 1712 964 et

173 1014 228 1071 τοῦ
243 1006 298 1069 καί
312 1006 370 1090 τὴν
384 1003 536 1090 ἀλήθειαν
550 1005 657 1069 αὐτοῦ.
682 1006 750 1071 Vnt.
767 1003 842 1086 658,
859 1004 890 1066 2.
968 1007 1137 1072 ueritatem
1151 1025 1254 1073 υιιαοι.

216 1106 255 1175 Ὁ
277 1107 413 1192 Χριστὸς
436 1109 469 1175 ἐν
495 1117 560 1185 τοῖς
586 1103 781 1192 εὐαγγελίοις
810 1121 922 1191 φησιν·
1011 1110 1164 1176 Christus
1181 1114 1217 1176 in
1231 1112 1420 1192 evangeliis
1433 1111 1497 1174 ait:
1517 1131 1534 1170 «
1548 1111 1622 1188 Ego
1633 1125 1710 1172 sum

174 1211 259 1298 Ἐγώ
274 1213 336 1298 είμι
351 1209 494 1297 ἀλήθεια.
967 1217 1136 1279 veritus.»

218 1336 249 1380 v.
266 1319 296 1380 9.
312 1313 522 1400 Ἐξεγὲρθητι,
532 1311 555 1398 ἡ
566 1313 642 1394 δόξα
657 1334 736 1401 μου·
750 1311 913 1399 ἐξεγέρθη-
1009 1337 1041 1382 v.
1059 1323 1089 1382 9.
1104 1321 1244 1403 Euterpe,
1257 1320 1366 1404 pluria
1376 1337 1446 1384 meu
1454 1344 1469 1400 ;
1480 1335 1608 1401 omae,
1618 1309 1710 1399 ptalss

173 1441 213 1503 τι,
225 1416 398 1505 ψαλτήριον
409 1421 463 1484 καὶ
474 1418 599 1503 κιθάρα,
611 1416 855 1504 ἐξεγερθησοραι
867 1418 920 1502 ὀρ·
965 1425 1084 1488 terium
1097 1429 1130 1490 et
1143 1424 1290 1504 citium
1305 1441 1459 1507 συνταραττο
1474 1423 1627 1489 diluenlo.

174 1524 259 1610 θρου.
549 1539 551 1542 ·

217 1626 348 1705 Ἀλλος.
370 1622 494 1712 Ἓαυτῷ
516 1625 625 1690 λοιπὸν
652 1623 853 1710 ἐγνελεύεται
867 1625 922 1690 τὸν
1013 1632 1126 1695 Arnus.
1152 1632 1317 1713 Deinceps
1343 1637 1450 1695 semet
1472 1632 1585 1713 ipsum
1601 1631 1713 1694 hortu-

174 1735 257 1800 θεϊον
279 1728 454 1818 ἐξυραίνειν
477 1732 582 1816 ὕμνον,
605 1728 705 1808 δόξαν.
724 1729 779 1813 μὲν
806 1726 926 1793 οἰκείαν
969 1739 1027 1798 tur
1043 1735 1085 1798 ad
1101 1735 1256 1799 divinum
1271 1735 1438 1819 hymnum
1450 1733 1710 1811 contexendum,

174 1839 234 1924 τὴν
260 1835 459 1921 προφητικὴν
484 1833 578 1920 χάριν
604 1832 720 1922 καλῶν,
751 1831 863 1897 ἑαυτὸν
889 1832 925 1898 δὲ
968 1841 1138 1922 propriam
1151 1839 1287 1921 quidem
1297 1837 1714 1919 gloriemappellansgra·

175 1939 349 2026 ψαλτήριον
378 1941 433 2004 οιαὶ
462 1937 604 2022 κιθάραν,
631 1935 673 2016 ὡς
695 1935 922 2023 γεγεννημένος
967 1945 1299 2026 tiemprophetieum‚
1309 1949 1415 2007 semet
1425 1941 1712 2024 veropselterium

174 2055 231 2112 τοῦ
252 2044 436 2129 Πνοίνμοτος
457 2043 590 2127 ὄργανον
613 2042 684 2125 (τὴν
708 2041 765 2127 μὲν
787 2041 849 2126 γὰρ
865 2040 921 2125 pu
967 2053 1002 2112 et
1023 2049 1188 2112 citharam
1212 2053 1250 2112 ut
1272 2049 1331 2130 qui
1358 2048 1467 2111 fectus
1492 2051 1545 2110 est
1567 2045 1713 2127 Spiritus

176 2152 240 2236 χὴν
254 2148 307 2214 διὰ
320 2157 376 2213 τοῦ
392 2143 576 2231 ψαλτηρίου,
592 2146 627 2209 τὸ
643 2145 678 2209 δὲ
689 2154 780 2229 σῶμα
796 2143 848 2208 διὰ
863 2153 921 2229 της
966 2150 1241 2234 instrumentum.
1256 2152 1414 2232 Animam
1437 2151 1528 2213 enim
1550 2167 1610 2230 per
1625 2148 1712 2230 psel-

174 2253 306 2339 νιθάρας
320 2249 509 2334 αἰνίττεται).
522 2242 569 2315 Ἢ
584 2251 639 2313 καί
650 2250 732 2314 αθτθι
745 2249 786 2312 τὰ
802 2245 921 2332 συνηθη
965 2255 1101 2333 terium,
1117 2270 1238 2335 eorpus
1249 2271 1329 2317 vero
1348 2271 1408 2336 per
1419 2253 1583 2318 citharam
1603 2252 1713 2336 expri7

175 2360 297 2446 ὄργανα
318 2352 542 2441 ἀναλαμοὰνει,
565 2354 616 2419 ἐπὶ
638 2361 682 2438 τῷ
704 2350 922 2435 ἀνακρούσασ-
965 2359 1038 2421 mit.
1053 2360 1114 2422 Vel
1127 2359 1229 2422 etiem
1245 2359 1304 2422 ille
1319 2360 1393 2440 ipse
1407 2363 1570 2423 consuete
1585 2359 1711 2421 instru-

176 2463 228 2528 θαι
250 2459 390 2546 συνήθως
412 2460 453 2523 τθι
474 2458 535 2522 ὐπὸ
561 2465 618 2522 τοῦ
640 2455 823 2542 Πνεύματος
848 2455 922 2519 ὑπο-
966 2465 1082 2525 mente
1097 2463 1147 2528 eie
1165 2463 1338 2542 intelligit,
1358 2468 1399 2526 ut
1412 2463 1511 2526 solito
1527 2479 1619 2526 more
1635 2461 1710 2542 pul·

176 2565 373 2652 6αλλθμενα·
395 2565 440 2642 οίς
455 2559 652 2648 προστίθεται
669 2559 723 2625 τό·
740 2555 925 2644 Ἐξεγερθή·
967 2567 1214 2645 seutureequae
1226 2565 1713 2648 Spirituisubjeetasuut.Qui-

176 2691 273 2756 uupuu
294 2667 416 2754 ὄρθρου,
442 2666 510 2732 ἀντὶ
533 2674 588 2730 τοο
611 2663 772 2750 ρυτισθεὶς
795 2663 847 2728 διὰ
869 2669 924 2726 τοῦ
967 2669 1033 2731 bus
1043 2666 1245 2748 adjungitur
1260 2669 1364 2732 illud:
1379 2671 1547 2754 Εαιινμιιοι
1557 2669 1710 2749 diluculo,

176 2773 359 2860 Πνεύματος
380 2780 438 2858 της
463 2767 666 2855 προφητείας,
690 2768 727 2832 οὐ
754 2775 808 2832 νῦν
832 2765 926 2852 μόνον
970 2771 1004 2835 id
1012 2776 1072 2835 est:
1081 2773 1140 2836 ubi
1152 2773 1366 2837 illuminatus
1374 2772 1537 2856 iueroper
1549 2775 1713 2858 Spiritum

177 2876 316 2964 ὕμνησον,
333 2875 418 2940 ἀλλὰ
431 2883 487 2939 τοῦ
501 2871 593 2957 ἡλίου
615 2869 847 2953 ἀνατείλαντος,
870 2871 926 2934 καί
969 2877 1163 2959 prophetiae,
1179 2894 1246 2940 uon
1258 2877 1356 2940 modo
1366 2883 1450 2941 tunc
1461 2877 1579 2942 laudes
1591 2878 1714 2942 decan·

178 2989 236 3066 τητ
247 2975 510 3064 προσδοκωμένης
523 2973 645 3060 ἡμέρας
659 2977 713 3040 τον
729 2972 839 3057 ὄρθρον
855 2973 929 3037 ὑπο
971 2981 1059 3060 tabo,
1074 2981 1133 3044 sed
1149 2982 1251 3045 etium
1263 2983 1333 3046 sole
1353 2983 1493 3063 oriente,
1510 2987 1545 3046 et
1567 2987 1720 3064 expecta-

181 3083 349 3166 δείξαντος,
364 3090 426 3148 τον
440 3080 535 3148 ἐθνῶν
552 3079 698 3145 ἁπάντων
714 3079 769 3142 καί
783 3086 846 3143 τον
859 3096 928 3141 σιν
970 3092 1014 3150 tae
1029 3085 1097 3149 diei
1115 3086 1306 3150 diluculum
1330 3087 1538 3168 ostendente,
1563 3103 1627 3165 ego
1651 3104 1719 3150 om-

179 3187 332 3255 τευόντιον
346 3186 432 3252 λαῶν
447 3181 716 3273 χοροδιδάσκαλος
731 3181 853 3267 ἶοομοο·
975 3193 1073 3255 nium
1095 3193 1252 3270 gentium
1277 3210 1317 3277 ομ
1339 3191 1492 3256 fidelium
1515 3195 1717 3275 populorum

972 3296 1209 3380 ohorypheeus
1225 3312 1292 3360 ero.

227 3505 399 3581 Hfflflfflsi
415 3519 447 3562 V·
466 3503 495 3562 9·
511 3499 556 3561 Εί
570 3497 675 3560 animi
691 3495 745 3559 sui
761 3500 796 3560 θί
814 3511 929 3576 00PP0·
973 3509 1028 3568 oet
1038 3503 1170 3567 ostendi
1183 3504 1218 3566 in
1231 3489 1390 3584 psalterio
1402 3503 1601 3584 citharaque
1612 3503 1721 3566 deela-

184 3593 231 3656 οἰδ
259 3591 387 3670 gaudia
413 3588 478 3654 sub
499 3584 750 3665 Signififflfiffle
778 3583 930 3664 psalterii
975 3611 1063 3672 rene,
1080 3609 1158 3654 eum
1173 3592 1216 3655 ed
1231 3593 1470 3670 exurgendum
1490 3592 1650 3673 psalterio
1674 3591 1720 3654 ci·

183 3686 218 3744 et
243 3680 394 3744 citharae
416 3677 624 3753 adhortetur,
643 3691 716 3738 sese
747 3673 869 3753 ipsum,
894 3672 930 3735 in
974 3681 1140 3761 thar-aque
1169 3681 1391 3758 commonitis,
1422 3681 1494 3760 ipse
1521 3681 1635 3761 potius
1658 3679 1718 3760 qui

183 3769 321 3850 eoquod
332 3772 456 3845 cantat,
465 3765 703 3846 psalmumque
712 3761 812 3840 dicet,
822 3768 931 3824 osten·
975 3771 1011 3834 in
1027 3769 1080 3833 his
1095 3768 1324 3848 significetur,
1340 3773 1499 3846 exurgat.

185 3859 245 3922 dit.
265 3857 417 3935 Etenim
439 3857 571 3936 Ειοιινρε
590 3855 652 3916 etc.
667 3868 704 3916 se
719 3852 831 3931 ipsum
842 3849 931 3912 seili-
1003 3861 1007 3878 ¹

218 4048 267 4103 Ps.
281 4062 342 4117 οτι,
353 4064 381 4104 ν.
393 4045 420 4100 4.
433 4043 500 4101 Vet.
514 4043 539 4098 5.
552 4043 574 4100 J
574 4059 638 4098 oen.
648 4061 678 4112 x,
692 4041 734 4096 16.
975 4047 1071 4100 neum,
1083 4039 1160 4085 nune
1172 4043 1243 4084 vero
1255 4027 1397 4083 solemnia
1408 4026 1584 4084 referentem
1596 4023 1723 4082 Alexan-

216 4153 244 4192 v.
264 4135 289 4190 9.
310 4130 431 4204 Origeni
450 4129 598 4187 deficienti
617 4127 735 4202 supplet
750 4130 836 4184 vetus
855 4122 933 4196 apud
977 4117 1062 4173 urina
1079 4117 1207 4184 σθμοολα,
1218 4112 1298 4170 hund
1317 4112 1380 4169 eine
1398 4119 1534 4186 respectu
1550 4112 1589 4168 ed
1610 4111 1725 4168 cantion

185 4217 580 4284 'l’heodorumHereeleotam
586 4228 850 4288 anonymue,quem
856 4225 934 4283 soepe
976 4200 1123 4260 matutina
1139 4199 1302 4273 priscorum
1318 4199 1455 4258 fidelium.
1474 4197 1631 4257 Corderiue
1647 4197 1724 4254 mule

185 4305 364 4380 deprehendi
386 4321 452 4362 eum
477 4301 605 4374 Origene
624 4301 760 4366 αθτολιξιί
781 4301 933 4354 consente-
977 4291 1129 4360 θξιγίρθητι
1143 4290 1249 4357 ὄρθρου.
