4006 6090
293 459 357 526 322
960 461 1170 525 ORIGENES

336 625 368 670 v.
385 608 415 670 θ.
433 602 613 690 Χείμαρρον
629 598 789 686 διῆλθενὴ
814 601 900 686 ψυχὴ
917 599 1039 686 ἡμῶν...
1128 623 1160 668 ν.
1177 609 1206 669 6.
1228 607 1411 672 tbrrertteut
1426 607 1646 690 pertransivit
1658 606 1768 672 uuiuec
1782 622 1836 669 rec·

293 708 476 795 Εύλογητδς
492 707 619 793 Κύριος,
634 707 670 784 δς
685 706 743 770 οὐκ
757 705 875 770 ἔδωκεν
888 705 973 791 ἡμᾶς
996 707 1040 785 είς
1083 714 1167 774 stru.
1189 710 1380 776 Benedictus
1395 713 1564 791 Dominus,
1585 713 1645 793 qui
1664 728 1728 775 rwn
1748 709 1837 777 ectu

292 813 481 899 θύραντοίς
497 811 619 878 ὀδοῦσιν
635 811 748 875 αὐτῶν.
1083 829 1140 876 αρε
1153 814 1191 876 in
1203 815 1402 880 seruitutem
1416 815 1563 882 dentium
1576 833 1694 882 corun.

336 916 516 1004 Χείμαρρον
543 917 579 982 δὲ
605 914 700 981 πάλιν
726 913 812 1000 λέγει
837 915 911 991 τούς
936 912 1041 998 λογισ-
1128 921 1323 984 Torrentem
1350 922 1474 984 iterum
1497 927 1596 986 vocat
1616 923 1833 1000 tentationes,

294 1024 382 1108 μούς,
398 1023 450 1089 διδι
464 1024 500 1087 τδ
524 1023 567 1107 μὴ
583 1019 738 1106 χρονίζειν
761 1021 884 1102 αὐτοὺς,
906 1017 991 1084 ἀλλὰ
1005 1017 1040 1083 ύ-
1084 1039 1123 1085 eo
1138 1023 1228 1103 qnod
1243 1040 1309 1087 non
1325 1025 1519 1105 perdurant,
1532 1025 1590 1088 sed
1605 1025 1782 1090 confestim
1795 1027 1833 1088 in

218 1191 220 1194 .
292 1121 1040 1213 θρύωςέπιπηδᾶνείςτδννούνκαίπύιλινξηραί-
1083 1132 1231 1190 mentem
1254 1127 1422 1207 insiliunt,
1454 1133 1489 1192 et
1518 1146 1638 1193 rursus
1663 1135 1834 1208 arescunt,

291 1230 408 1314 νεσθαι,
425 1229 649 1315 ροιθυμούνιες·
665 1228 814 1314 γεγόνασι
829 1229 891 1313 γὰρ
907 1228 1039 1313 ἰσχυροί,
1083 1230 1304 1318 deferventes.
1319 1233 1435 1296 Solent
1457 1234 1547 1296 enim
1563 1235 1780 1313 invalescere,
1799 1249 1833 1296 e-

292 1333 543 1412 κατασταλέντες
566 1335 633 1419 μὲν,
659 1332 785 1418 γνόντες
808 1335 925 1418 σαρκὸς
951 1329 1038 1416 κινή-
1082 1335 1209 1398 tiamsi
1225 1353 1385 1416 repressae
1405 1337 1540 1418 fuerint,
1564 1343 1604 1401 nt
1619 1355 1695 1419 quae
1718 1337 1832 1400 carnis

293 1461 396 1526 ματα·
419 1435 641 1524 ἀφανισθέντες
663 1437 698 1502 δὲ
724 1446 859 1522 ταύτης
884 1423 1039 1522 ἁμαρτίας
1082 1441 1195 1502 motus
1209 1441 1375 1504 noverint.
1398 1441 1462 1504 Sed
1477 1443 1530 1504 vel
1553 1441 1596 1504 ed
1611 1441 1759 1504 nihilum
1779 1458 1832 1504 re·

292 1542 418 1631 φορτίῳ,
433 1545 488 1608 καί
503 1543 679 1628 πνεύματος
701 1539 855 1627 ἐλάθομεν
876 1541 980 1626 χάριν.
997 1579 1038 1590 -
1084 1541 1176 1604 docti
1192 1543 1337 1623 pondere
1353 1545 1492 1625 peccati,
1505 1545 1608 1608 etiam
1623 1544 1764 1624 spiritus
1779 1561 1832 1607 re·

293 1646 410 1733 Τρέφει
423 1667 458 1711 τε
473 1645 558 1732 ἡμᾶς
574 1643 639 1730 ἰδίῳ
656 1645 785 1731 σώματι,
796 1647 851 1710 καὶ
862 1642 982 1723 ποτίζει
995 1652 1040 1730 τῷ
1083 1646 1228 1726 cipimus
1250 1649 1409 1725 gratiam.
1434 1684 1472 1694 —
1495 1649 1611 1712 Nutrit
1632 1655 1747 1711 autem
1769 1665 1833 1712 nos

294 1755 411 1839 αίματι,
439 1751 585 1837 ἀκαμπὲς
607 1749 682 1833 δορὺ
708 1749 867 1834 παρέσχεν
888 1748 964 1835 ἡμῖν
985 1750 1040 1813 τδν
1083 1751 1217 1832 proprio
1233 1768 1380 1832 corpore,
1394 1757 1428 1816 et
1442 1755 1612 1832 sanguine
1627 1759 1731 1835 potat,
1746 1755 1833 1833 elgi-

293 1855 438 1942 σταυρύν.
1083 1854 1161 1918 dam
1177 1853 1274 1919 nobis
1289 1857 1441 1920 lanceam
1456 1859 1492 1921 in
1508 1877 1608 1922 cruce
1622 1858 1785 1940 praebens.

335 1982 367 2026 v.
386 1963 414 2025 7.
431 1957 471 2024 ‘H
487 1959 575 2045 ψυχὴ
591 1957 681 2045 ἡμῶν
696 1959 737 2038 ὡς
758 1956 918 2042 στρουθίον
933 1955 1039 2042 tibic-
1127 1977 1159 2021 v.
1175 1959 1205 2022 7.
1221 1959 1340 2024 Animo
1354 1965 1466 2026 nostru
1487 1962 1573 2028 sinu
1588 1979 1708 2043 possen
1721 1965 1832 2046 erepte

291 2066 330 2150 θη
346 2065 386 2129 ἒκ
401 2073 457 2149 τῆς
473 2060 605 2148 παγίδος
619 2073 681 2128 τῶν
695 2061 904 2148 θηρευόντων.
1084 2068 1133 2128 est
1146 2063 1184 2128 de
1199 2064 1312 2144 inqiut
1324 2067 1521 2131 venantium.

333 2167 381 2234 Ού
406 2169 468 2254 γὰρ
491 2166 588 2252 μόνης
610 2166 835 2252 ἀπελαύσαμεν
857 2175 916 2252 τῆς
939 2187 1041 2252 σωτη-
1129 2171 1832 2253 NontantumenimsalutegavisisumuS,

290 2271 454 2357 ρίας,ἀλλδι
468 2273 523 2336 καί
539 2281 600 2337 τῶν
615 2270 735 2356 ἐχθρῶν
750 2273 804 2336 τδν
818 2270 946 2356 ὄλεθρον
961 2273 1040 2337 είδο-
1085 2272 1144 2336 sed
1158 2273 1307 2336 hostium
1322 2274 1471 2338 vidimus
1486 2277 1759 2340 internecionem.

292 2396 357 2462 μεν.

323 2597 351 2639 v.
364 2582 390 2652 5,
402 2583 429 2637 6.
439 2581 507 2638 Vnt.
524 2583 550 2638 5.
568 2581 724 2654 Pergimue
742 2586 810 2656 post
826 2582 895 2660 ΒΒ,Ι
905 2600 960 2640 nec
980 2582 1040 2640 nisi
1082 2582 1201 2654 guinem
1219 2582 1446 2640 eucharisticum
1462 2583 1581 2641 haurire
1599 2585 1704 2652 solent,
1716 2588 1836 2660 spatula

288 2686 341 2742 per
349 2669 495 2726 tenebrae.
504 2669 575 2726 Ood.
588 2669 678 2726 hebet
689 2673 918 2728 κατασταλέντων.
931 2671 1039 2729 In-fine
1082 2675 1198 2727 utentes
1211 2686 1277 2741 quoe
1290 2670 1388 2726 iancea
1400 2669 1558 2742 aliquando
1569 2671 1714 2727 vocaturi

145 2820 150 2834 ι
288 2773 386 2814 onnon
407 2756 549 2814 alluditur
566 2757 831 2829 consuetudoque
854 2757 951 2814 Greci
972 2775 1038 2814 ean·
1118 2774 1145 2814 v.
1159 2758 1184 2812 7.
1197 2756 1264 2813 Vnt.
1278 2757 1305 2811 5.
1317 2756 1429 2813 Iterum
1441 2757 1478 2812 cf.
1492 2757 1668 2814 Theodorei.

730 2958 741 2982 ⁴
871 2937 1039 3016 Petimus
1064 2934 1252 3014 CXXIV.

332 3143 363 3190 v.
383 3127 411 3190 1.
428 3124 467 3191 Oi
489 3125 670 3203 πεποιθότες
685 3125 736 3191 ἐπί
759 3125 885 3210 Κύριον,
902 3123 944 3204 ῶς
964 3127 1035 3210 δρας
1124 3145 1155 3190 v.
1186 3130 1213 3191 l.
1241 3127 1303 3202 Qui
1324 3126 1487 3210 celestium
1507 3127 1543 3191 in
1565 3127 1712 3207 Domino,
1741 3127 1831 3193 sicut

289 3226 389 3302 Σιὼν·
404 3227 441 3296 ού
457 3229 686 3316 σαλευθήσεται
706 3231 750 3308 εἰς
765 3232 819 3294 τδν
833 3230 932 3295 αἰῶνα
947 3230 963 3294 δ
979 3251 1036 3294 κα·
1079 3248 1169 3295 ruons
1179 3233 1277 3308 Sion:
1290 3247 1354 3295 nou
1369 3231 1611 3296 contutabitur
1624 3233 1661 3296 in
1675 3232 1828 3296 secutum

289 3331 638 3421 τοικῶνἹεροοσαλήμ.
1079 3335 1137 3415 qui
1151 3334 1275 3400 neunt
1288 3337 1326 3398 in
1340 3335 1557 3399 Hiercesutene.

333 3438 416 3505 Ούτε
429 3442 492 3525 γὰρ
508 3441 581 3525 δρος
592 3439 754 3505 σαλεύσειέ
766 3461 822 3523 τις,
836 3442 907 3504 οὔτε
918 3443 973 3506 τδν
984 3440 1035 3504 ἐπὶ
1122 3439 1257 3503 Etenim
1273 3439 1450 3524 hominum
1470 3457 1569 3502 nemo
1584 3445 1732 3504 montem
1747 3456 1825 3504 con·

290 3545 371 3613 Θεδν
392 3543 561 3630 ἠλπικύτα,
585 3543 627 3621 ῶς
649 3546 721 3608 οὔτε
742 3545 797 3608 τὸν
819 3542 947 3630 Δανιὴλ,
962 3545 1034 3607 ούτε
1079 3545 1232 3626 cusserit,
1249 3561 1359 3625 neque
1375 3545 1488 3607 virum
1504 3545 1563 3626 qui
1579 3546 1615 3608 in
1631 3546 1739 3609 Deum
1754 3563 1843 3628 sper

289 3653 360 3727 τοὺς
375 3657 457 3733 τρεῖς
473 3649 598 3729 παῖδας,
612 3647 673 3732 [εί]
690 3650 744 3713 καί
755 3656 812 3732 τῆς
823 3646 970 3732 πατρίδος
986 3647 1035 3732 [ἐ-
1080 3650 1216 3728 raverit,
1238 3650 1319 3712 item
1342 3665 1404 3712 nec
1419 3649 1611 3730 Danielem,
1632 3667 1742 3731 neque
1757 3655 1827 3714 tres

287 3752 518 3838 ξεύλήθηοαν],
544 3755 599 3817 καί
620 3750 759 3836 τοσούτῳ
784 3751 917 3816 κλύδωνι
938 3747 1036 3815 συνεί·
1080 3769 1217 3834 pueros,
1242 3754 1375 3818 etiamsi
1404 3755 1514 3833 patrie
1538 3759 1706 3834 extorres,
1733 3757 1829 3817 tanto

288 3879 403 3944 χοντο·
418 3856 512 3944 μόνον
526 3859 587 3942 γὰρ
600 3865 715 3933 πτῶσις
731 3855 846 3940 ἀρετῆς
864 3857 919 3920 καί
930 3856 1033 3942 ψυχα-
1079 3857 1206 3922 luerint
1234 3858 1370 3924 turbine
1398 3858 1553 3921 involuti.
1581 3859 1827 3922 Tantummodo

287 3963 417 4028 πύλεια.
432 3961 524 4028 Ἀλλ’
535 3961 607 4025 ούδὲ
630 3958 799 4025 σαλεύεταί
819 3981 874 4040 τις,
895 3969 953 4044 τῆς
969 3961 1033 4024 ἄνω
1079 3965 1169 4026 enim
1191 3962 1329 4026 virtutis
1344 3963 1445 4025 ruina
1460 3966 1520 4025 aut
1541 3963 1664 4025 animae
1680 3963 1824 4045 perditio

287 4067 391 4152 τυχὼν
405 4061 624 4151 Ἰερουσαλήμ.
641 4102 682 4112 -
700 4063 770 4129 Ούκ
789 4065 876 4129 είπενι
889 4061 1035 4148 δηλονότι
1077 4063 1303 4152 [commovetl
1335 4069 1378 4129 At
1398 4067 1538 4131 minime
1560 4068 1828 4132 commovebitur

287 4174 324 4237 οὐ
338 4168 567 4255 σαλευθήσεται
589 4169 606 4234 δ
628 4167 835 4254 κατοικήσας,
859 4168 959 4232 enni
976 4190 1033 4232 κα-
1078 4173 1138 4254 qni
1152 4171 1308 4252 supernis
1320 4171 1464 4254 Solymis
1480 4171 1615 4234 fruitur.
1631 4207 1669 4216 —
1685 4174 1759 4235 Non
1774 4172 1824 4235 di-

287 4283 418 4341 τοικῶν·
440 4273 472 4338 αἱ
495 4275 556 4358 γὰρ
580 4272 865 4366 &perustione
887 4270 1033 4358 γενέσθαι
1078 4277 1129 4338 xit
1143 4275 1202 4357 qui
1218 4274 1395 4354 habitavit,
1411 4276 1470 4338 sed
1482 4277 1539 4358 qui
1553 4277 1688 4355 nabitu,
1706 4277 1736 4340 si
1752 4279 1828 4358 qui-

288 4383 397 4467 ἔχουσι
413 4381 449 4443 τδ
465 4379 554 4444 εἶναι.
1078 4379 1154 4442 dem
1170 4380 1314 4443 virtutes
1329 4381 1366 4441 in
1381 4397 1422 4442 eo
1444 4379 1534 4462 quod
1548 4384 1743 4444 constanter
1757 4381 1830 4444 fue-

295 4515 297 4522 ν
1079 4484 1157 4562 rint,
1175 4483 1301 4546 habent
1316 4488 1356 4547 ut
1370 4483 1449 4547 sint.

328 4611 360 4657 v.
377 4593 407 4656 3.
423 4583 495 4655 'On
510 4591 570 4654 ούκ
584 4583 701 4674 ἀφήσει
716 4586 831 4672 Κύριος
843 4589 902 4672 τὴν
917 4585 1032 4671 ῥάδδον
1120 4607 1152 4651 v.
1170 4591 1199 4652 3.
1220 4587 1303 4664 Quia
1324 4605 1387 4653 reon
1399 4588 1562 4670 relinquet
1584 4589 1744 4656 Dominus
1757 4589 1828 4654 oir-

287 4704 347 4760 τῶν
372 4693 567 4780 ἁμαρτωλῶν
593 4691 643 4756 ἐπί
673 4695 726 4756 τὸν
753 4691 872 4777 κλῆρον
898 4699 960 4757 τῶν
991 4691 1033 4754 δι-
1073 4696 1362 4777 compescetur-uu
1375 4697 1602 4774 superserunt
1610 4693 1787 4774 justorum.

289 4797 398 4864 καίων.

329 4899 367 4968 ‘0
390 4899 506 4985 Κύριος
529 4907 572 4984 τῷ
595 4895 704 4984 κλήρῳ
732 4907 793 4966 τῶν
815 4897 943 4966 δικαίων
978 4902 1035 4986 τὴν
1124 4901 1289 4966 Dominus
1305 4903 1340 4965 in
1362 4901 1671 4982 sortcmjustorum
1694 4922 1761 4968 non
1779 4905 1830 4969 in-

289 5019 347 5074 τῶν
363 5006 558 5093 ἁμαρτωλῶν
575 5003 690 5091 ρύύδον
707 5005 744 5070 ού
759 5005 906 5072 τέθεικεν.
1083 5007 1164 5068 tulit
1178 5007 1313 5084 virgam
1329 5011 1552 5086 peccatorum.

186 5203 189 5210 '
323 5195 372 5254 Ps.
388 5213 491 5256 cxxiv.
506 5215 532 5254 ν.
548 5199 571 5251 1.
586 5197 653 5254 Vat.
666 5197 691 5264 θ,
707 5197 747 5250 le.
1118 5213 1146 5254 v.
1158 5197 1183 5252 θ.
1197 5196 1265 5252 Vnt.
1278 5195 1304 5251 5.
1316 5195 1459 5268 Hesyclnii
1469 5215 1575 5254 nomen
1584 5199 1697 5270 profert
1706 5198 1774 5257 Vnt.
1787 5201 1832 5257 ie.
