4006 6090
324 447 388 508 290
978 449 1186 511 (intonsus

319 570 500 650 καταλιπων
522 584 578 662 τάς
599 582 735 670 ἡμέρους
764 580 938 667 διοτριδάς·
961 583 1061 668 κάγὼ,
1108 603 1192 666 gens
1207 589 1321 652 oioura
1337 590 1479 654 iarcrda:
1503 597 1538 654 et
1554 608 1628 672 ego,
1645 592 1704 654 illo
1726 591 1851 655 abeun-

319 688 439 754 έκείνου
459 687 647 768 ἐξελθόντος,
663 688 869 774 ἐνδυσάμενος
889 697 945 753 τοῦ
959 686 1062 753 ‘ucat
1106 694 1151 768 te,
1174 691 1350 771 pulchram
1377 695 1515 758 indutus
1541 693 1645 776 hujus
1671 697 1763 759 Esau
1784 701 1850 759 sto-

318 794 376 877 τὴν
392 792 509 878 στολὴν
524 794 582 878 τὴν
593 792 706 877 καλὴν,
722 790 904 878 εἰσέρχομαι
915 793 969 855 καί
983 790 1062 876 λαμ-
1107 795 1184 872 lam,
1201 794 1285 858 vado
1301 803 1335 860 et
1349 798 1476 877 accipio
1495 797 1771 862 benedictionem.
1787 803 1851 864 Cu·

319 897 402 964 θάνω
417 901 475 984 ιὴν
498 897 653 984 εὐλογίαν.
669 897 709 963 Ἡ
732 898 829 982 στολὴ
847 900 943 962 αὐτοῦ
964 897 1061 982 καλὴ,
1103 895 1160 976 jus
1177 899 1318 978 pulchra
1340 901 1426 964 stola
1449 907 1500 965 est
1523 901 1592 983 (lex
1614 904 1648 964 et
1669 902 1852 985 prophetie)

319 1004 336 1068 δ
351 1002 444 1089 νδρος
459 1005 513 1068 καὶ
529 1003 558 1067 ot
572 1011 742 1088 προφῆται,
755 1001 860 1079 καλῶς
875 1001 1062 1088 ὑφανθέντα·
1107 999 1231 1066 affabre
1247 1008 1412 1067 contexto.
1425 1005 1552 1089 decedo
1564 1005 1607 1068 ad
1623 1013 1768 1087 patrem:
1785 1023 1850 1085 ego

319 1105 535 1193 προσέρχομαι
550 1116 593 1192 τῷ
608 1106 718 1191 Πατρί,
739 1105 905 1192 προσφέρω
920 1105 983 1191 ἐγὼ
1006 1106 1061 1170 αὐ·
1108 1105 1159 1168 illi
1182 1105 1283 1169 offero
1306 1107 1407 1188 cibos,
1427 1110 1560 1172 cibatur
1583 1111 1747 1175 suavibus
1770 1111 1853 1174 meis

318 1220 362 1296 τῷ
376 1213 503 1296 τροφὰς,
527 1209 673 1296 τρέφεται
693 1219 761 1288 ταῖς
775 1208 904 1295 ἡμέροις
920 1231 979 1295 μου
993 1230 1063 1293 τρο-
1106 1208 1259 1289 dapibus,
1275 1211 1414 1275 minime
1430 1212 1521 1276 hisce
1537 1214 1704 1278 venaticis
1722 1215 1853 1295 praedis.

318 1323 401 1401 φαῐς,
424 1317 461 1379 ου
477 1323 544 1392 ταῖς
567 1313 682 1401 ἀγρίων
698 1312 824 1380 ἐκείνων
844 1315 978 1400 (ταχινοί
998 1314 1061 1400 γάρ
1108 1334 1126 1372 ιι
1139 1313 1277 1378 Velooes
1306 1315 1397 1378 enim
1425 1321 1508 1378 sunt
1536 1317 1578 1380 ad
1612 1316 1853 1382 effimdendum

318 1421 394 1486 εἰσιν
414 1417 526 1505 ἐκχέαι
547 1421 648 1505 ιιίμα).
664 1416 838 1503 Προσφέρω
859 1419 922 1502 ἐγὼ
944 1419 1062 1504 ἡμερον
1106 1419 1320 1495 sanguinem.
1335 1439 1351 1476 >›
1370 1419 1479 1483 Offero
1494 1436 1560 1498 ego
1572 1439 1683 1485 escam
1700 1437 1856 1484 mansue-

318 1525 446 1609 τροφὴν,
463 1520 587 1608 ἐρίφους
609 1523 751 1600 ἁπαλοὺς
768 1524 823 1587 καί
844 1522 962 1600 καλοὺς
977 1523 1062 1586 κατὰ
1106 1524 1186 1601 tam,
1202 1521 1315 1586 haedos
1330 1521 1494 1588 delicatos
1510 1528 1544 1588 et
1558 1526 1668 1589 lautos
1683 1543 1726 1590 ex
1741 1541 1856 1590 recon-

319 1628 376 1704 τδις
398 1625 560 1711 ὑποθήκας
582 1635 639 1713 τῆς
663 1626 779 1713 μητράς
802 1647 871 1713 μου·
893 1623 914 1709 ἡ
939 1627 975 1691 δέ
996 1629 1061 1693 άνω
1107 1622 1186 1687 ditis
1201 1626 1318 1690 matris
1334 1629 1533 1694 meaecellis.
1548 1631 1599 1692 Ea
1612 1647 1852 1712 verosuperna

320 1727 529 1817 Ἰερουσαλὴμ
544 1729 693 1816 ἐλευθέρα
715 1731 807 1813 ἐστίν,
823 1733 891 1815 ἡτις
906 1731 988 1796 ἐστίν
1004 1731 1062 1818 μὴ-
1107 1732 1142 1790 et
1154 1727 1261 1792 libera
1272 1734 1323 1792 est
1334 1731 1555 1812 Hierusalem,
1567 1750 1643 1814 quae
1655 1739 1769 1797 nostra
1780 1751 1852 1797 mo·

318 1857 378 1922 τηρ
392 1833 491 1921 ἡμῶν.
515 1834 696 1920 Προοφέρω,
710 1845 754 1921 τῷ
776 1834 887 1920 Πατρί,
910 1833 1060 1921 λαμδάνω
1106 1838 1158 1894 ter
1174 1839 1234 1896 est.
1259 1831 1367 1897 Offero
1382 1837 1480 1915 patri,
1501 1837 1626 1918 recipio
1648 1837 1852 1901 benedictio-

318 1941 375 2017 τάς
390 1937 534 2025 εὐλογίας
547 1940 624 2023 ὑπὲρ
636 1950 693 2004 τοῦ
703 1937 923 2024 πρεσὸυτέρου,
934 1939 997 2026 ἐγὼ
1013 1939 1062 2005 θέ-
1107 1953 1177 2016 nes,
1192 1938 1335 2002 senioris
1358 1939 1394 2002 in
1415 1940 1498 2019 1000,
1520 1956 1584 2018 ego
1607 1943 1762 2022 processi,
1785 1957 1851 2020 ego

219 2049 222 2055 '
319 2043 415 2127 δηκα,
431 2044 495 2129 ἐγὼ
511 2051 643 2128 συνῆκα.
1110 2040 1272 2104 intellexi.

363 2170 395 2212 ν.
411 2151 483 2213 101.
495 2147 555 2213 Ἐκ
565 2146 670 2230 πάσης
682 2147 755 2211 ὁδοῦ
766 2156 906 2231 πονηρᾶς
917 2147 1063 2213 ἐκώλυσα
1152 2163 1182 2206 ν.
1201 2144 1273 2208 101.
1288 2145 1335 2209 Ao
1353 2147 1439 2210 omui
1452 2149 1508 2212 oio
1528 2147 1616 2213 molo
1624 2149 1778 2230 prohibui
1793 2166 1850 2231 po·

318 2256 390 2330 τσὺς
406 2251 504 2329 πόδας
527 2273 597 2337 μου,
613 2252 696 2327 ὅπως
718 2250 900 2335 ἐκφυλάξω
920 2255 991 2328 τοὺς
1009 2250 1062 2316 λά·
1108 2247 1162 2313 dos
1175 2267 1268 2330 omos,
1286 2252 1620 2318 eructuantem
1634 2258 1702 2318 tuo.

319 2377 394 2441 γους
410 2377 477 2420 σου.

363 2459 566 2545 Ἐκζητωμεν
582 2460 635 2524 οὖν
648 2467 768 2543 πρῶτον
783 2461 840 2536 τὰς
855 2459 994 2540 ἐντολάς,
1010 2461 1062 2524 ίνα
1152 2458 1303 2521 Primum
1318 2475 1400 2538 ergo
1415 2478 1606 2541 queramus
1621 2461 1789 2541 mandata,
1813 2466 1852 2524 ut

318 2566 371 2628 καί
386 2562 477 2649 ἡμεῖς
498 2565 576 2647 ὑπὲρ
592 2566 663 2640 τοὺς
686 2562 811 2648 άληθῶς
833 2562 1064 2648 πρεσδυτέρους
1109 2578 1169 2624 nos
1192 2578 1326 2642 quoque
1349 2567 1459 2644 magis
1479 2582 1580 2646 qnam
1602 2583 1681 2629 rere
1703 2567 1852 2630 seniores

318 2677 465 2762 συνῶμεν.
483 2667 596 2734 --Ἐκ
612 2667 717 2752 πάσης
732 2668 806 2732 ὁδου
820 2667 889 2733 κτλ.
901 2667 984 2734 Οὔτε
999 2671 1062 2754 γὰρ
1110 2665 1352 2744 intelligamus.
1370 2704 1408 2712 —
1425 2667 1472 2732 Ao
1486 2670 1573 2732 omni
1588 2670 1643 2732 οιίι
1656 2674 1712 2733 etc.
1736 2671 1852 2750 Neque

319 2773 374 2837 δύο
390 2773 520 2838 δυνατδν
541 2775 625 2836 κατά
646 2773 759 2838 ταθτδν
774 2773 891 2839 ὁδεύειν
912 2773 1013 2855 ὁδοὺς,
1030 2773 1065 2838 ά-
1109 2770 1200 2832 enim
1222 2768 1296 2834 fieri
1310 2776 1420 2852 potest
1435 2778 1473 2835 ut
1487 2772 1571 2836 duas
1593 2774 1697 2836 simul
1715 2774 1789 2836 vias
1804 2777 1851 2834 te·

317 2875 470 2954 κολασίας
484 2878 538 2940 καί
560 2876 772 2962 σωφροσίνης,
789 2877 987 2962 δικαιοσύνης
1010 2881 1065 2943 καὶ
1109 2890 1233 2952 ramus,
1250 2875 1396 2940 luxuriae
1419 2881 1454 2939 et
1467 2876 1796 2956 castitatis,justitiae
1819 2881 1854 2940 et

319 2973 459 3056 ἀδικίας·
475 2978 559 3044 ἀλλὰ
580 2979 629 3044 δεῖ
641 2981 697 3057 τὰς
711 2978 852 3058 ἐναντίας
874 2991 994 3066 φυγεῖν,
1010 2984 1064 3047 καί
1109 2975 1310 3056 iniquitatis
1324 2979 1383 3042 sed
1399 2985 1528 3062 oportet
1542 2981 1661 3060 fugere
1673 2982 1851 3059 contraria,

316 3082 375 3166 εὴν
389 3081 511 3147 εὐθεῖαν
527 3083 671 3148 ὁδεῦσαι·
688 3085 768 3148 οὕτω
790 3084 852 3169 γὰρ
867 3083 931 3149 οίάν
946 3106 980 3149 τε
1004 3093 1065 3150 των
1110 3085 1144 3144 et
1164 3099 1224 3161 per
1250 3083 1485 3147 rectitudinem
1507 3101 1658 3165 pergere.
1686 3088 1736 3148 Ita
1758 3086 1851 3148 enim

316 3182 411 3248 θείων
432 3183 577 3270 γενέσθαι
599 3187 744 3271 φύλακας
766 3187 888 3273 λογίων.
906 3185 992 3253 ‘ooo
1007 3209 1063 3253 πο-
1108 3203 1285 3266 possumus
1308 3187 1382 3252 fieri
1397 3189 1551 3255 custodes
1573 3191 1765 3255 divinorum
1786 3193 1853 3255 elo·

321 3290 424 3373 νηραί,
440 3290 512 3354 δσαι
525 3289 648 3367 πάντως
663 3293 740 3374 πρὸς
756 3289 908 3385 πονηρίαν
924 3293 1063 3377 ἄγουσιν,
1109 3292 1275 3370 quiorum.
1299 3293 1370 3356 Viae
1394 3312 1505 3375 prava
1527 3299 1608 3358 sunt
1629 3313 1852 3376 quacumque

319 3392 360 3469 ιὶις
376 3392 398 3477 ἡ
417 3391 495 3478 μέθη
512 3397 565 3458 καί
585 3394 704 3459 ἀσωτία
726 3395 778 3459 ἐπί
796 3393 942 3479 πορνείαν
959 3416 1064 3480 χειρα·
1111 3396 1247 3460 omnino
1266 3397 1396 3461 ducunt
1424 3398 1467 3460 ad
1489 3400 1705 3480 pravitatem,
1733 3402 1851 3480 quales

319 3495 482 3581 γωγοῦσιν,
497 3496 633 3583 [ὁμοίως]
646 3499 700 3562 καί
711 3496 812 3584 θυμός
824 3518 901 3563 ποτε
913 3500 969 3584 μέν
986 3501 1062 3584 πρὸς
1109 3504 1190 3563 suut
1212 3501 1357 3565 ebrietas
1380 3507 1413 3565 et
1434 3503 1620 3582 dissolutio,
1636 3521 1711 3584 quae
1729 3503 1772 3566 ad
1787 3503 1852 3567 for-

317 3600 422 3684 φθνον,
438 3602 514 3667 ποτὲ
526 3602 560 3665 δέ
572 3605 648 3686 πρὸς
665 3599 913 3688 βλασφημίανέξ
914 3602 994 3688 ίιγει,
1007 3607 1063 3668 καὶ
1112 3602 1315 3669 nicationem
1329 3623 1432 3668 mann
1444 3605 1590 3687 ducunt;
1607 3609 1654 3670 ita
1670 3611 1704 3670 et
1718 3607 1769 3670 ira
1783 3625 1853 3670 mo·

320 3705 370 3770 ἐπί
385 3715 446 3770 τῶν
461 3704 591 3791 ὁμοίων·
615 3705 750 3790 φυλάξαι
765 3707 888 3772 οὖντὸν
909 3705 998 3772 θεῖον
1013 3707 1063 3773 vd·
1108 3705 1150 3768 do
1180 3708 1221 3771 ad
1252 3709 1380 3788 caedes,
1407 3710 1504 3773 modo
1533 3710 1576 3773 ad
1607 3711 1851 3793 blasphemiam

319 3832 378 3895 μον
392 3811 457 3876 ἐστὶ
473 3813 509 3876 τδ
524 3813 626 3896 έργοις
641 3813 736 3876 αυτὸν
751 3809 989 3896 ἀποπληρῶσαι.
1108 3812 1213 3892 pellit,
1231 3819 1265 3875 et
1278 3815 1413 3878 similia
1437 3817 1566 3894 Legem
1579 3831 1661 3894 ergo
1683 3814 1852 3879 custodire

1108 3915 1143 3978 in
1160 3932 1199 3978 eo
1213 3922 1265 3979 est
1251 3921 1318 3979 tut
1333 3917 1471 3998 impleat
1473 3936 1523 3981 ur.

359 4019 483 4084 v..102
500 4017 581 4084 Ἀπδ
597 4027 658 4082 τῶν
680 4018 838 4103 κριμάτων
854 4039 911 4084 σου
926 4021 985 4084 οὐκ
998 4019 1062 4100 ἐξέ·
1152 4039 1182 4082 ν.
1202 4023 1273 4084 102.
1296 4029 1324 4085 A
1340 4021 1481 4101 judiciis
1503 4023 1570 4086 tois
1593 4039 1657 4086 ooo
1677 4021 1848 4104 declinari,

317 4120 417 4201 κλινα,
435 4121 526 4185 du
496 4143 534 4185 συ
550 4120 779 4207 ένομοθέιησάς
794 4143 842 4206 με.
1107 4125 1185 4205 quio
1210 4125 1510 4206 europemposoistt
1524 4125 1614 4190 milti

363 4223 427 4290 Τοῦ
442 4235 498 4289 oco
514 4225 565 4289 διά
579 4229 695 4304 παντὸς
717 4225 900 4313 ἐμεμνήμην
914 4229 1062 4312 δικαστη·
1151 4230 1288 4309 Semper
1327 4229 1467 4292 memini
1497 4231 1549 4292 tui
1587 4231 1779 4296 tribunalis.
1809 4235 1850 4296 In

316 4327 401 4411 ρίου·
418 4329 450 4394 ἐν
466 4338 509 4414 τῷ
524 4329 550 4393 θ
564 4329 598 4392 δὲ
609 4329 695 4414 λέγει
710 4331 836 4416 ψαλμῷ·
852 4331 1062 4416 Κατάστησον
1107 4334 1236 4413 psalmo
1262 4351 1299 4395 rx
1321 4333 1419 4396 dicit:
1447 4336 1649 4398 «Constitue
1677 4337 1849 4414 legislato-

316 4431 487 4518 νομοθέτην
509 4432 559 4496 ἐπ’
574 4433 705 4511 αὐτούς·
727 4433 896 4519 γνώτωσαν
918 4435 992 4522 ἐθνη
1016 4439 1064 4502 ὅτι
1109 4454 1179 4499 rem
1203 4454 1306 4518 super
1332 4455 1398 4519 eos,
1426 4442 1465 4500 ut
1486 4445 1693 4517 cognoscant
1719 4447 1850 4520 gentes,

318 4535 476 4621 ἄνθρωποί
491 4537 576 4602 εἰσιν.
590 4537 801 4622 Κατάστησσν
812 4537 984 4624 νομοθέτην
999 4551 1063 4619 τοῖς
1109 4543 1268 4622 quoniam
1292 4541 1445 4606 homines
1468 4549 1584 4606 sunt.»
1610 4545 1782 4608 constitue
1804 4545 1851 4608 le-

316 4642 444 4706 ἔθνεσιν.
459 4637 497 4706 Ὁ
512 4639 629 4726 Μωσῆς
646 4642 778 4728 μὲνγὰρ
798 4641 1008 4727 ἐνομοθέτησε
1023 4646 1063 4708 τὰ
1108 4645 1304 4724 gislatorem
1316 4645 1487 4724 gentibus.
1500 4648 1629 4729 Moyses
1639 4647 1850 4728 enimlegem

317 4755 372 4810 τοῦ
388 4746 572 4830 γράμματος
583 4755 647 4822 τοῖς
661 4745 789 4832 μηδέπω
806 4746 985 4834 δυναμένοις
1001 4770 1063 4835 χω
1107 4750 1213 4812 edixit
1227 4752 1262 4812 in
1279 4751 1392 4813 littera
1407 4749 1460 4813 his
1483 4752 1541 4831 qui
1566 4752 1660 4815 nullo
1676 4752 1774 4816 modo
1790 4770 1847 4815 va·

186 4843 189 4850 ’
317 4861 380 4936 ρεῖν
406 4853 465 4937 τὴν
487 4847 652 4936 ἐπιδημίαν
679 4859 736 4935 τῆς
761 4859 872 4935 καινῆς
898 4850 1060 4937 διαθήκης.
1107 4853 1221 4916 lebant
1235 4853 1418 4917 adventum
1435 4857 1513 4917 novi
1529 4854 1663 4919 foederis
1679 4857 1849 4936 intellige-

351 5091 377 5126 v.
393 5075 451 5126 101.
466 5073 531 5127 Vat.
557 5073 582 5125 4.
608 5070 719 5126 Ultima
740 5071 884 5146 Didymus
907 5075 1060 5147 excerpsit,
1141 5090 1168 5128 ν.
1182 5073 1241 5128 lor.
1254 5073 1322 5129 Vct.
1335 5075 1359 5142 δ,
1371 5075 1398 5140 9,
1416 5073 1463 5128 Ps.
1478 5089 1519 5139 rx,
1533 5075 1576 5128 21.

316 5157 367 5213 sed
379 5165 492 5213 tantum
505 5157 582 5230 apud
595 5155 772 5213 cordarium.
