4006 6090
837 457 881 522 IN
904 457 1091 522 PSALMOS
1679 463 1741 526 341

237 615 269 660 ν.
289 596 318 660 7.
333 595 413 661 Ἐὰν
428 591 571 678 πορευθῶ
583 593 616 658 ἐν
628 589 714 680 μέσῳ
724 591 876 679 θλίψεως,
888 590 944 678 §ri-
1033 615 1065 660 v.
1081 599 1111 661 7.
1135 598 1175 668 or·
1198 598 1406 666 ambulavero
1429 603 1467 666 ia
1489 602 1591 668 medio
1613 602 1751 672 taiiula-

195 719 262 774 οεις
278 718 328 785 με.
989 701 1100 781 aionis,
1118 703 1302 785 oioiaeaiie
1316 721 1375 769 ικο.

238 801 278 869 Εἰ
297 802 319 888 ἡ
342 803 451 890 θλῖψις
473 805 635 892 ὑπομονὴν
656 805 898 890 κατεργάζεται,
920 803 943 890 ἡ
1033 807 1069 869 Si
1095 805 1233 872 afflietio
1258 809 1460 890 patientiam
1490 816 1659 893 operatur,
1687 831 1744 895 ps-

192 907 229 973 δέ
244 911 387 995 ὑπομονὴ
410 910 554 996 δοκιμὴν,
577 908 598 994 ἠ
622 910 657 974 δέ
680 910 794 997 δοκιμὴ
819 909 943 993 ἐλπίδα,
989 912 1111 976 tientin
1127 916 1242 976 nutem
1259 915 1508 998 probationem,
1520 898 1674 1000 probetio
1690 901 1749 984 eu·

193 1011 293 1097 πέρας
308 1013 343 1079 δέ
357 1022 415 1098 τῆς
431 1013 557 1092 ἐλπίδος
578 1012 697 1098 έατῑνὴ
714 1013 863 1100 γνῶσιςὴ
887 1026 944 1083 τοῦ
989 1007 1059 1079 tem
1085 1033 1190 1097 spem,
1213 1019 1286 1099 spei
1312 1037 1393 1083 vero
1416 1020 1496 1084 finis
1522 1026 1573 1086 est
1598 1023 1742 1088 seientia

194 1119 287 1202 Θεοῦ,
304 1120 373 1204 ἣτις
388 1117 516 1205 λέγεται
536 1117 627 1206 ἡμῶν
641 1121 722 1184 εἶναι
745 1119 823 1206 ζωὴ,
840 1120 945 1200 καθὼς
990 1137 1067 1200 quoe
1082 1120 1122 1185 de
1145 1122 1215 1185 Deo
1238 1127 1298 1202 esi,
1319 1141 1359 1186 es
1382 1131 1497 1189 nostra
1520 1127 1646 1192 dieitur
1669 1147 1742 1193 esse

193 1221 389 1309 γέγραπται·
404 1223 482 1290 Ἐὰν
497 1223 639 1308 πορευθῶ
653 1223 725 1288 mi.
990 1225 1072 1304 vito,
1084 1226 1174 1289 sicui
1185 1225 1314 1290 dietum
1328 1233 1394 1292 est:
1410 1231 1450 1294 Si
1463 1231 1668 1296 ambulavero
1682 1238 1744 1296 ete.

229 1459 258 1500 v.
272 1443 297 1498 7.
311 1442 378 1536 Vnt.
392 1441 417 1498 5.
431 1441 476 1500 cf.
490 1442 593 1500 Jooob.
608 1445 632 1515 1,
645 1444 672 1516 θ,
683 1445 711 1502 4.

728 1622 902 1700 Psalmo
921 1590 1212 1702 'exarans

241 1855 273 1900 v.
288 1836 318 1900 2.
332 1831 377 1900 Σὺ
390 1835 488 1920 ἔγνως
499 1835 557 1920 τὴν
573 1831 731 1920 καθέδραν
743 1855 804 1921 μου
818 1835 873 1898 καὶ
888 1835 948 1920 τὴν
1035 1856 1067 1900 ν.
1083 1839 1114 1902 2.
1132 1841 1184 1903 Ta
1198 1842 1376 1923 aoaaooieti
1394 1843 1569 1910 sessivam
1590 1861 1694 1910 aziam
1717 1850 1749 1910 ei

197 1936 321 2023 έγεροέν
338 1959 407 2024 μου.
433 1942 532 2007 Vatis.
548 1943 573 2004 B
592 1941 665 2018 137,
682 1959 703 2003 1.
989 1945 1256 2008 resurrectionem
1269 1961 1381 2010 aream.

241 2041 392 2128 Καθέδρα
414 2043 498 2109 ἐστὶν
521 2041 582 2122 έξις
597 2040 710 2127 ἀρίστη
734 2041 866 2127 λογικῆς
888 2041 945 2126 io·
1034 2048 1199 2112 sessionis
1220 2049 1381 2114 cathedra
1402 2055 1454 2114 est
1475 2053 1623 2133 optimus
1648 2052 1743 2138 hebi:

196 2157 270 2234 γῆς,
293 2146 365 2212 καθ’
374 2147 416 2231 ἣν
428 2145 625 2231 δυσκίνητος
646 2145 767 2231 γίνεται
789 2146 866 2229 πρὸς
888 2166 946 2209 αα-
990 2156 1045 2216 ins
1060 2153 1224 2232 sepientis
1238 2154 1371 2233 snimae,
1388 2171 1456 2236 que
1475 2157 1570 2219 nullo
1585 2161 1681 2220 motu
1695 2157 1738 2221 ed

196 2251 279 2318 κέαν-
296 2249 417 2337 ἔγερσές
433 2249 833 2335 έαττνθπὸτωναίαθητῦν
844 2270 945 2334 πραγ-
989 2257 1119 2320 melum
1143 2258 1268 2335 vergit.
1288 2259 1484 2336 assurgere
1511 2263 1626 2324 eutem
1651 2265 1744 2324 este

197 2347 307 2443 μάτων
319 2356 371 2420 έπὶ
386 2356 427 2421 τὰ
441 2355 542 2440 νοητὰ
554 2353 734 2442 μετάῦαοις.
754 2354 824 2421 Tor
840 2355 875 2420 δέ
889 2375 947 2419 κα-
990 2361 1091 2424 rebus
1106 2377 1210 2424 sensu
1232 2362 1399 2443 perceptis
1415 2363 1562 2427 transire
1577 2363 1620 2427 ad
1642 2364 1741 2444 spiri·

198 2459 262 2538 λῦς
284 2455 490 2546 ἱδρυμένωνὴ
513 2457 655 2544 καθέδρα
676 2457 864 2545 γινώσκεται
886 2458 947 2524 ὑπὸ
991 2464 1109 2527 tunlie.
1132 2465 1260 2528 Eorum
1278 2483 1360 2529 vero
1376 2467 1435 2547 qui
1452 2466 1517 2530 rite
1540 2469 1741 2550 consistunt,

197 2563 291 2646 Θεοῦ,
318 2565 384 2630 οἷον
409 2571 471 2629 τῶν
498 2561 624 2648 ἀληθῶς
650 2561 867 2650 πρεσθυτέρων
892 2565 949 2630 καὶ
992 2567 1191 2631 cathedrae
1213 2570 1282 2633 Deo
1298 2569 1521 2652 dignoscitur,
1546 2572 1685 2652 perinde
1701 2591 1742 2638 eo

196 2678 260 2734 των
281 2668 388 2746 καλῶς
410 2665 616 2754 ἐγειρομένων
643 2669 695 2734 ἐπὶ
720 2669 762 2736 τὰ
789 2668 869 2756 μετὰ
894 2669 948 2736 τὸν
991 2671 1097 2736 sessio
1115 2689 1232 2736 eorum
1255 2673 1316 2754 qui
1336 2691 1415 2738 vere
1438 2679 1520 2737 sunt
1541 2676 1692 2740 seniores
1708 2682 1743 2740 et

198 2772 276 2860 βίον.
579 2831 582 2836 .
991 2777 1134 2855 egregie
1157 2778 1400 2859 expergiscunt
1422 2770 1464 2841 e'd
1484 2778 1574 2842 bone
1596 2783 1672 2860 post
1693 2781 1743 2844 vi-

992 2886 1063 2945 tem
1077 2881 1204 2946 future.

241 3000 273 3046 v.
291 2984 321 3048 3.
334 2981 402 3065 Την
416 2980 522 3068 optior
538 3003 598 3072 μου
612 2983 667 3048 καὶ
678 2983 737 3068 τὴν
749 2983 876 3070 σχοῖνον
889 3003 949 3071 μου
1038 3005 1070 3049 ν.
1082 2987 1113 3050 2.
1121 2986 1275 3051 Semitam
1285 3003 1388 3052 meam
1398 2986 1628 3068 eisaaieaiaao
1639 3007 1745 3056 meam

199 3083 388 3170 ἔξιχνίααας.
995 3089 1260 3172 iaiaoeeiiyaoii.

244 3189 316 3256 Τῶν
338 3189 423 3275 κοιλῇ
446 3188 540 3276 τρίβῳ
563 3189 732 3277 χρωμένων
747 3187 948 3274 ἑξιχνιάζειθ
1035 3195 1229 3274 Investigst
1239 3197 1330 3258 Deus
1342 3194 1535 3260 funiculum
1547 3214 1676 3280 eorum,
1686 3199 1747 3280 qui

195 3296 278 3374 Θεὸς
292 3299 351 3382 τὴν
366 3307 503 3383 σχοῖνον,
519 3298 573 3362 καὶ
587 3296 693 3362 πάντα
714 3297 755 3360 τὰ
776 3289 874 3381 μέτρα
889 3303 947 3380 τῆς
990 3300 1080 3363 bons
1092 3301 1214 3362 semite
1236 3302 1392 3379 utuntur,
1408 3304 1443 3364 et
1465 3318 1582 3366 omnes
1605 3321 1741 3366 mensu·

129 3419 131 3424 ·
189 3403 270 3468 ’ὁδοῦ
284 3411 346 3468 τῶν
361 3403 509 3469 τοιούτων
531 3401 675 3486 προεῖδεν
691 3401 708 3466 ὁ
723 3399 813 3477 Θεθς.
830 3400 876 3466 Τὸ
891 3401 945 3466 δέ·
990 3419 1046 3465 res
1060 3402 1125 3465 τίω
1149 3403 1288 3465 illorum
1310 3403 1401 3467 Deus
1424 3404 1592 3485 praevidit.
1616 3407 1744 3470 Verum

194 3504 385 3592 έξιχνῐαοας,
402 3507 439 3570 οῦ
454 3504 732 3598 ζητοῦντόςέατιν,
748 3503 821 3569 οὐδὲ
838 3506 900 3592 μὴν
915 3505 945 3570 ἐ·
989 3505 1075 3570 iilud
1097 3506 1313 3590 inoesiiaasti,
1341 3524 1409 3572 non
1428 3512 1481 3571 est
1504 3512 1689 3590 querentis
1706 3512 1743 3574 in

195 3621 375 3698 ρευνῦντος,
391 3611 463 3678 ἀλλ’
475 3609 612 3697 ἀκριβῶς
627 3607 845 3696 ἐπισταμένου.
991 3609 1093 3674 dubio
1117 3613 1152 3673 et
1175 3610 1371 3690 scrutantis,
1394 3611 1453 3675 sed
1477 3616 1594 3676 exonie
1617 3629 1743 3691 eogno—
1800 3615 1801 3620 ’

991 3715 1128 3778 soentis.

239 3842 272 3886 v.
296 3823 327 3886 4.
355 3817 422 3887 Ka
443 3817 547 3896 πάσας
570 3819 626 3895 τὰς
648 3817 740 3895 ὁδούς
767 3839 826 3904 μου
841 3827 946 3903 προεῖ-
1035 3835 1067 3880 ν.
1083 3817 1114 3880 4.
1130 3819 1175 3882 at
1188 3833 1296 3883 omaas
1310 3818 1383 3882 ‘oras
1397 3835 1485 3885 aseae
1492 3819 1689 3902 providisti.

197 3923 259 4002 δες.

239 4029 299 4094 na
312 4031 348 4094 τδ
363 4027 516 4114 προεῖδες,
532 4026 714 4115 ἐπήγαγεν·
1037 4027 1085 4093 Ob
1101 4027 1188 4092 illud
1196 4027 1394 4108 providisti,
1413 4027 1489 4108 subj
1494 4028 1612 4092 unxit:

238 4153 271 4198 ν.
287 4136 318 4198 δ.
333 4132 427 4214 Ἰδοὺ,
442 4132 551 4218 Κύριε,
568 4135 606 4198 οὺ
618 4134 716 4218 ἔγνως
727 4132 832 4200 πάντα
843 4134 883 4199 τα
895 4135 946 4198 lo·
1035 4152 1067 4196 v.
1090 4134 1121 4196 5.
1144 4133 1224 4198 acce
1245 4136 1291 4211 ia,
1311 4133 1456 4212 Domine,
1483 4132 1657 4214 οοραοοέιιτ·
1679 4151 1745 4198 oao-

194 4257 281 4324 χοιτα
295 4237 405 4302 καὶτὰ
420 4238 552 4323 ἀρχαῖα·
567 4240 606 4302 σὺ
622 4237 765 4316 έπλαοάς
780 4259 829 4325 με,
845 4242 900 4304 καὶ
915 4240 945 4305 ἔ·
988 4238 1047 4304 aia
1056 4236 1233 4301 norissima
1244 4235 1275 4299 ai
1286 4237 1433 4318 aaiiqaa.
1448 4239 1500 4300 Pa
1505 4234 1669 4316 formasti
1680 4255 1739 4318 me,

194 4342 297 4428 θηκας
312 4343 362 4406 ἐπ’
372 4343 430 4429 ἐμὲ
443 4344 502 4429 τὴν
517 4342 611 4428 χεῖρά
627 4363 693 4408 σου.
819 4385 822 4393 -
989 4346 1021 4408 ai
1035 4341 1221 4424 importare·
1235 4357 1334 4420 napea·
1348 4357 1397 4404 aee
1411 4357 1543 4438 azoaram
1558 4344 1658 4405 taam.

239 4447 291 4513 Te
305 4445 388 4533 μέσα
402 4446 694 4531 παρααεσιὼπηται,
706 4445 758 4512 διὰ
769 4448 805 4512 τὸ
816 4447 875 4532 τὴν
886 4467 945 4510 κα·
1034 4450 1115 4524 Quae
1131 4444 1333 4508 intermedio
1348 4450 1440 4524 suni,
1457 4445 1593 4508 silentio
1609 4450 1745 4525 praeter·

194 4549 267 4617 κέαν
280 4552 362 4617 εἶναι
377 4551 411 4616 έν
425 4558 470 4635 τῷ
485 4549 618 4636 μεταξύ·
641 4553 679 4616 οῦ
693 4551 756 4636 γὰρ
777 4551 819 4636 ἦν
841 4552 876 4617 έν
892 4549 946 4636 θρ-
992 4553 1096 4631 misit,
1109 4550 1192 4632 quio
1204 4551 1239 4612 in
1253 4549 1316 4614 hoo
1329 4549 1440 4612 medio
1453 4551 1582 4612 malum
1595 4550 1745 4631 positum

196 4666 252 4743 γῇ,
273 4656 346 4721 οῦδὲ
368 4657 459 4722 ἔσται
480 4655 574 4722 πάλιν
597 4654 630 4720 έν
649 4653 742 4721 τέλει.
760 4693 802 4705 —-
819 4653 859 4721 ‘H
882 4653 948 4720 ἐπέ·
992 4661 1061 4722 est:
1084 4672 1164 4718 nem
1181 4671 1249 4717 non
1273 4656 1346 4716 eret
1360 4652 1403 4716 eb
1419 4653 1529 4731 initio,
1554 4670 1673 4718 rursus
1688 4669 1746 4716 ne·

196 4758 281 4836 θεοις
295 4767 353 4844 τῆς
375 4760 480 4845 χειρὸς
495 4768 550 4824 τοῦ
573 4757 656 4827 Θεοῦ
678 4760 736 4845 τὴν
759 4757 950 4846 χορηγηθεϊ-
996 4779 1063 4847 que
1078 4761 1144 4824 erit
1157 4762 1194 4823 in
1210 4757 1288 4820 fine.
1306 4792 1345 4804 -
1363 4758 1496 4838 imponi
1514 4758 1576 4822 Dei
1593 4776 1745 4838 menum,

231 5012 281 5069 Pa.
295 5029 449 5074 πωπω.
468 5030 496 5071 v.
513 5015 540 5071 κ.
555 4970 622 5071 ναι
639 5013 665 5069 s.
684 5011 825 5082 ωτοωω
842 5011 874 5068 in
891 5011 951 5068 ono
998 5053 1000 5058 .
1028 5027 1058 5070 v.
1069 5010 1096 5066 4.
1110 5008 1271 5066 nemrot.

197 5100 331 5159 servarit
347 5101 412 5160 eive
427 5101 628 5173 Heracleotes,
640 5100 704 5161 sive
723 5098 952 5177 chrysostomus
1031 5115 1059 5156 v.
1078 5097 1104 5153 θ.
1125 5094 1200 5153 Ibid.
1222 5094 1337 5152 Subiile
1360 5091 1513 5167 scholium,
1534 5095 1621 5170 pinne
1644 5094 1747 5170 Origo·

196 5187 469 5264 spudconlerium.
996 5183 1126 5268 nonum,
1138 5199 1226 5242 nemo
1238 5183 1315 5242 eiius
1327 5179 1489 5242 refricavit.
