4006 6090
307 422 372 487 320
966 426 1176 494 calui-:nus

248 546 253 571 '
306 561 442 652 γυρίζειν
452 563 725 650 ἒιιέλευσεν,ῶςδν
738 567 782 652 μή
796 575 961 651 πανταχοῦ
968 565 1047 631 πλα-
1092 568 1145 648 lia,
1160 570 1201 631 ut
1213 565 1368 632 sedentes
1386 584 1488 649 super
1507 565 1683 633 duodecim
1702 557 1841 634 thronos

307 668 448 755 νύμενοι,
466 668 623 755 πρόφασιν
637 671 735 757 ἔχωσι
757 665 880 751 ἐξόδους
895 669 1049 736 ποιεῖσθαι
1087 667 1281 752 iudicarent
1309 672 1423 736 Israel.
1447 673 1521 737 Illic
1544 674 1635 736 enim
1656 673 1841 751 immolare,

306 775 385 858 πρὸς
396 773 520 840 εἴδωλα·
529 773 612 841 Θεοῦ
622 776 684 859 γὰρ
695 783 789 839 τοῦτο
799 773 965 860 μαρτύριον
975 773 1048 839 ἰιιά-
1091 793 1205 857 preces
1220 776 1371 856 fundere,
1387 777 1552 840 solemnia
1565 777 1737 841 celebrare
1757 794 1839 858 prae·

307 875 409 943 λεσεν.
422 877 488 964 Τής
498 881 560 964 γάρ
572 879 668 944 αύτού
680 876 826 963 προνοίας
837 888 931 944 τοῦτο
943 877 1049 964 μέγισ·
1092 881 1191 961 cepit,
1221 897 1265 944 ne
1287 877 1360 959 jnm
1386 881 1459 944 ulla
1487 898 1529 944 ex
1555 885 1650 963 parte
1676 885 1838 957 errantes,

306 1002 360 1048 τον
372 979 597 1068 τεκμήριονήν,
606 983 731 1067 καὶγὰρ
742 981 1050 1068 ἔξυδνόμοςάνεγι-
1093 988 1296 1064 praetextum
1326 983 1473 1048 habeant
1503 984 1604 1048 eundi
1634 981 1677 1047 ad
1704 982 1841 1047 diverti-

306 1085 445 1152 νῶσιιετο
457 1084 680 1172 διηγήματάτε
688 1087 742 1151 καὶ
753 1084 985 1172 κατορθώματα
996 1085 1050 1170 ἀρ-
1093 1089 1170 1151 ουλε
1203 1088 1393 1151 idolorum:
1424 1088 1488 1152 hoc
1512 1089 1637 1169 quippe
1663 1087 1725 1151 Dei
1750 1086 1842 1150 testi·

305 1189 421 1276 χαύιυν,
432 1191 486 1255 καί
502 1190 630 1256 σύνοδον
641 1190 812 1272 ἐποιοῦντο,
828 1193 888 1276 τήν
902 1194 979 1274 πρὸς
995 1189 1049 1254 ἀλ-
1093 1191 1244 1254 monium
1260 1190 1355 1255 dixit.
1371 1192 1442 1255 Hoc
1458 1191 1548 1255 enim
1564 1195 1637 1254 erat
1651 1191 1838 1254 maximum

306 1290 424 1378 λήλους
435 1293 848 1379 ἀγάπηνσυνεσφίγγουσαν.
858 1293 971 1379 Λέγοις
982 1292 1050 1360 δ’ἀν
1094 1294 1313 1376 providentia
1329 1293 1403 1374 ejus
1423 1299 1689 1374 monumentum,
1705 1298 1745 1356 ut
1759 1292 1841 1356 forie

305 1398 405 1473 ούτῶς
419 1398 503 1460 κατὰ
517 1399 576 1482 ιήν
591 1394 738 1481 ἱστορίαν,
750 1397 819 1462 ἐκεῖ
831 1399 910 1464 εἰναι
922 1400 978 1464 καί
992 1401 1051 1484 ιήν
1095 1398 1152 1460 lex
1176 1402 1372 1462 nosceretur
1394 1416 1433 1462 oc
1454 1399 1558 1462 simul
1579 1399 1705 1479 scripta
1727 1402 1761 1460 et
1783 1412 1843 1476 ge·

304 1498 465 1586 βασιλείαν
488 1503 542 1565 ιιαί
564 1511 625 1567 τῶν
648 1501 755 1586 ἱερέων
776 1502 920 1588 δρύνους,
944 1505 1049 1589 ῶσπερ
1094 1504 1147 1564 sta
1187 1506 1363 1583 veterum,
1408 1501 1570 1583 fieretque
1618 1501 1841 1580 congregatio

304 1603 403 1690 διπλῷ
414 1603 558 1689 στεφάνῳ
569 1608 622 1670 ιιαί
634 1603 801 1691 διαδήματι
812 1605 1049 1692 καλλυτιιζομέ-
1093 1621 1169 1686 quae
1188 1611 1343 1669 mutuam
1365 1607 1517 1670 omnium
1532 1606 1732 1669 charitatem
1752 1620 1842 1667 com·

304 1715 424 1792 νήςτής
432 1707 561 1786 πόλεως.
574 1708 639 1775 Νῦν
650 1709 685 1774 δὲ
696 1709 820 1774 πάντων
831 1711 983 1788 ἔκπτωσις
995 1712 1050 1778 ιιαί
1092 1709 1188 1772 muni
1207 1709 1344 1774 vinculo
1365 1710 1562 1792 coniungat.
1581 1743 1619 1754 -
1644 1709 1761 1772 Dicere
1776 1724 1837 1770 au·

302 1820 361 1896 τής
375 1812 512 1891 παλαιᾶς
531 1811 727 1898 εὐδαιμονίας
739 1812 893 1899 ἐλάχιστα
905 1810 1049 1898 λείψανα.
1093 1817 1162 1877 tem
1189 1813 1298 1895 possis
1329 1816 1365 1878 in
1394 1814 1486 1878 huno
1512 1812 1659 1891 modum,
1682 1814 1837 1891 respectu

305 1953 346 1964 —
360 1911 487 2001 Ἓτεροι
501 1915 535 1980 δέ
558 1937 662 2001 φασιν,
680 1915 722 1993 ῶς
740 1916 805 2003 ήδη
828 1924 889 1983 τῶν
904 1917 1050 2002 πραγμά-
1095 1916 1138 1981 ad
1170 1918 1357 1996 historiam,
1380 1918 1451 1981 illic
1480 1935 1553 1982 esse
1582 1916 1685 1980 simul
1714 1931 1837 1992 regum

303 2037 365 2082 τῶν
383 2018 605 2101 ἀπολαύοντες,
622 2017 737 2103 τρόπον
748 2038 818 2084 τινα
826 2021 885 2106 τήν
897 2019 986 2085 πόλιν
998 2023 1052 2086 xci
1094 2021 1209 2085 oedem
1240 2027 1274 2085 et
1302 2022 1514 2086 sacerdotum
1533 2020 1682 2098 thronos,
1713 2018 1839 2098 quibus

305 2123 361 2186 τδν
375 2124 450 2187 ναδν
465 2121 725 2206 περιπλέκονται·
740 2124 762 2188 δ
776 2125 838 2209 γὰρ
853 2125 980 2209 ἔχοντες
992 2125 1051 2189 ούιι
1095 2124 1224 2209 duplici
1246 2127 1353 2190 veluti
1372 2142 1495 2189 corona
1510 2128 1544 2188 et
1562 2122 1751 2187 diademate
1767 2121 1840 2202 pul·

306 2222 491 2309 ήσθάνοντο,
514 2234 567 2290 νῦν
590 2226 802 2305 ἀπολαύοντες
821 2226 1049 2313 εὐφραίνονται,
1093 2229 1248 2295 chritudo
1271 2229 1418 2292 civitatis
1441 2228 1643 2306 augebatur.
1665 2228 1762 2290 Nunc
1782 2243 1837 2289 ve·

304 2325 385 2390 οἰιιοι
400 2328 457 2412 μὲν
478 2327 700 2411 ἀπολαύοντες,
723 2328 798 2416 θείᾳ
819 2331 854 2396 δὲ
877 2330 1049 2416 φιλανθρυ·
1093 2351 1130 2396 ro
1152 2334 1266 2396 omnia
1279 2334 1484 2412 cecideruut,
1496 2349 1558 2395 nec
1573 2332 1640 2394 nisi
1656 2331 1774 2411 priscae
1789 2329 1835 2392 ie·

305 2427 363 2514 σύμ
376 2431 590 2517 κομισάμενοι.
1091 2439 1230 2503 licitatio
1246 2437 1376 2501 uitimae
1395 2440 1535 2500 manent
1556 2435 1719 2516 reliquia.
1738 2467 1778 2480 -
1794 2435 1836 2496 h·

1093 2544 1132 2608 lii
1154 2548 1270 2606 autem
1293 2540 1420 2620 dicunt,
1436 2540 1605 2619 Hebraeos,
1624 2539 1722 2620 quasi
1739 2537 1839 2600 rebus

1093 2647 1165 2712 ouis
1177 2646 1311 2727 potitos,
1323 2643 1395 2725 jam
1409 2643 1554 2726 quodam
1565 2643 1664 2706 modo
1676 2642 1794 2706 urbem
1806 2645 1841 2704 et

1093 2750 1257 2830 templum
1279 2747 1528 2829 circumplecti3
1551 2764 1593 2811 ea
1614 2743 1836 2828 quippedum
1955 2737 1959 2744 ’

1093 2852 1267 2930 haberent,
1289 2867 1409 2916 sensus
1431 2855 1529 2915 erant
1551 2855 1721 2933 expertes;
1747 2865 1838 2912 nunc

1093 2972 1173 3019 vero
1189 2957 1231 3020 iis
1245 2955 1397 3019 fruentes
1413 2955 1514 3036 domi,
1536 2956 1707 3035 luctantur,
1723 2953 1839 3017 divina

1093 3060 1272 3124 clementia
1287 3059 1498 3124 communiti.

348 3175 381 3222 ν.
400 3157 429 3223 ἰ.
445 3155 586 3225 Γενέσθυ
608 3157 648 3246 δή
671 3157 780 3246 εἰρήνη
802 3159 838 3226 ἒν
859 3169 898 3246 τῇ
921 3159 1050 3250 δυνάμει
1135 3182 1166 3227 v.
1183 3164 1214 3227 7.
1229 3163 1310 3229 Fiat
1323 3180 1394 3246 ,οπο
1407 3165 1446 3228 ia
1463 3163 1585 3229 uirtute
1606 3167 1674 3242 tuo,
1689 3166 1721 3227 et
1740 3159 1838 3226 adon·

306 3279 373 3345 σου,
389 3262 444 3326 ιιαλ
459 3256 588 3347 εύύηνία
601 3263 635 3328 ἰν
649 3271 718 3341 ταῖς
733 3263 945 3350 πυργούάρεσί
958 3286 1025 3330 σου.
1091 3266 1204 3333 dantia
1217 3268 1255 3332 io
1270 3267 1416 3332 acano
1432 3267 1508 3332 tuis.

347 3364 517 3449 Μαθύντις,
534 3367 559 3430 d
575 3369 669 3449 ούτοι,
685 3363 731 3446 τίς
745 3386 822 3432 ποτε
840 3366 918 3453 ήνή
934 3367 1047 3453 Ἱερου-
1133 3375 1216 3436 cum
1232 3372 1404 3452 noveritis,
1415 3371 1595 3450 auditores,
1608 3387 1684 3452 quae
1698 3370 1743 3434 sit
1757 3370 1834 3433 Hie-

304 3468 423 3555 σοιλήμ,
450 3468 582 3556 εὔχεσθε
604 3472 682 3556 ύπίρ
704 3479 762 3555 τής
784 3470 912 3557 εἰρήνης
938 3474 1046 3558 αὐτῆς,
1090 3477 1248 3556 rusalem,
1263 3479 1355 3540 orate
1377 3493 1437 3557 pro
1452 3476 1546 3540 illius
1562 3492 1654 3556 pace,
1672 3475 1721 3538 nil
1741 3474 1836 3538 aliud

304 3574 403 3660 μηδὲν
418 3574 584 3658 ζητοῦντες
607 3573 713 3661 ἕτερον
728 3579 750 3663 ή
766 3578 807 3642 τὰ
820 3579 897 3662 πρὸς
919 3577 1048 3664 εἰρήνην
1090 3585 1278 3660 quarentes
1294 3597 1397 3661 quam
1411 3598 1451 3643 ea
1465 3596 1541 3660 quaa
1556 3595 1672 3661 pacem
1691 3579 1742 3642 illi
1758 3594 1835 3642 con·

302 3679 384 3765 αἰιτῇ
407 3679 624 3746 συντελοῦντα.
655 3680 858 3767 Πυργύβαρός
888 3679 954 3748 ἐστι
977 3692 1049 3761 νοῦς
1093 3685 1215 3749 ferunt.
1235 3719 1273 3730 -
1290 3686 1406 3749 Turris
1430 3690 1482 3749 eet
1496 3702 1591 3748 mens
1606 3683 1837 3764 contemplati-

302 3782 507 3868 δευρητυιύς.
530 3778 670 3868 Εύθηνία
688 3780 790 3852 τοίνυν
812 3785 896 3851 ἐστὶν
911 3785 1049 3851 ἀπόλαυ-
1093 3807 1145 3852 va.
1173 3789 1390 3852 Abundantia
1417 3793 1541 3870 autem,
1565 3789 1661 3870 copia
1684 3786 1840 3870 expedita

304 3908 351 3964 οις
366 3885 589 3973 ἀνεμπόδιστος
604 3897 665 3954 τῶν
680 3896 866 3975 σωματικῶν
879 3888 1011 3974 ήδονῶν.
1093 3893 1244 3974 corporis
1260 3892 1475 3971 gaudiorum.

844 4213 848 4224 ι
883 4094 1053 4174 Ρεοάαιιυ
1078 4090 1255 4174 CXXII.

347 4367 379 4416 v.
395 4352 425 4414 2.
441 4347 524 4416 Ἰδού
546 4347 588 4428 ὡς
603 4347 758 4436 ὀφθαλμοὶ
779 4347 899 4417 δούλιον
922 4353 966 4431 εἰς
980 4361 1047 4439 χεῖ·
1135 4355 1167 4403 V·
1183 4338 1214 4404 2·
1229 4339 1309 4407 Εἰίθ
1330 4341 1415 4408 sicot
1429 4340 1515 4408 oculi
1534 4354 1699 4408 ommim
1716 4338 1755 4404 id
1767 4354 1833 4404 Μ·

303 4471 361 4538 ρας
375 4457 437 4521 τῶν
451 4448 565 4540 κυρύυν
580 4453 691 4537 αὐτῶν,
708 4453 749 4532 ὡς
761 4453 916 4542 δρθιιλμοί
927 4437 1048 4522 παιδίσ-
1091 4463 1154 4510 Μή
1167 4445 1365 4510 mim
1379 4462 1521 4526 dmm,
1539 4451 1571 4511 θΐ
1583 4446 1671 4510 ⁸th
1683 4444 1769 4510 (Μ’
1781 4460 1838 4508 ⁰⁹⁹·

302 4579 364 4644 κης
378 4559 422 4636 εἰς
436 4567 546 4646 χεῖρας
567 4567 624 4643 τής
638 4553 748 4642 ιιυρύας
770 4557 879 4643 αὐτῆς,
902 4562 1000 4638 οὕτως
1019 4559 1049 4625 οἱ
1090 4551 1177 4617 cillo
1190 4551 1228 4614 ia
1249 4567 1348 4614 manu
1361 4549 1494 4614 domim
1514 4565 1589 4628 stuc,
1607 4551 1656 4613 ita
1677 4547 1762 4614 oculi
1781 4564 1835 4612 oo·

195 4723 203 4734 ,
302 4661 457 4748 ὀφθαλμοὶ
470 4660 560 4748 ἡμῶν
574 4663 650 4746 πρὸς
664 4661 782 4746 Κύριον
797 4661 878 4730 Θεὸν
891 4661 991 4749 ἡμων
1092 4653 1402 4720 striadDomimtm
1412 4655 1516 4720 Deum
1529 4657 1683 4719 aesinam.

347 4766 417 4833 Τῶν
433 4767 489 4852 μίν
500 4766 636 4851 ἰχόντιυν
646 4767 683 4830 τὸ
698 4775 822 4852 πνεῦμα
832 4775 891 4852 τῆς
905 4763 1048 4845 δουλείας
1136 4761 1342 4824 Habentium
1356 4758 1494 4841 quidem
1516 4760 1674 4840 spiritum
1694 4757 1837 4822 servitu·

302 4872 348 4950 τίς
369 4869 476 4957 ρύύσν,
498 4869 529 4934 οἰ
549 4869 706 4958 δρύσλμολ
729 4870 774 4947 εἰς
799 4879 911 4956 χεῖρας
935 4866 1052 4956 ιιυρίυν
1092 4866 1138 4930 tia
1152 4866 1189 4928 in
1210 4865 1342 4945 timore,
1363 4865 1453 4928 oculi
1474 4865 1556 4928 eunt
1578 4864 1613 4926 in
1636 4877 1757 4925 manne
1779 4859 1834 4926 do-

338 5059 388 5118 Ρα
399 5073 495 5122 cxxn.
504 5075 532 5120 v.
542 5059 568 5116 2.
578 5059 646 5118 Vct
656 5060 681 5130 5,
691 5059 735 5116 16.
745 5057 867 5118 Utinam
876 5060 976 5134 priora
984 5065 1050 5118 tan·
1094 5050 1216 5111 exulant
1232 5069 1250 5111 α
1267 5050 1357 5112 codd
1375 5051 1485 5112 αοείτίι
1502 5067 1537 5110 ιο
1560 5049 1716 5127 potamine
1738 5049 1840 5109 vidn-

303 5151 368 5204 tun
378 5146 469 5209 verba
480 5145 540 5205 Ba.
555 5145 743 5206 nunccine:
761 5161 828 5220 quea
840 5145 918 5206 enim
930 5146 1049 5218 addunt,
1093 5141 1151 5196 tur·
