3966 6104
266 367 329 431 614
813 363 998 434 SANCTUS
1014 359 1261 432 audaculus

265 532 282 569 «
295 509 505 591 repperimus
513 504 901 589 Theophilumstantem
916 512 951 574 in
964 507 1010 572 lc·
1058 531 1075 570 «
1091 526 1109 572 o
1123 509 1288 588 heminae,
1303 507 1488 572 contendat
1498 503 1714 591 Theophilus,
1722 504 1815 575 nulli

266 635 282 672 «
297 610 682 696 spelaei-egioneaulae,
691 613 725 674 in
733 629 802 693 qua
810 613 1010 694 Aglaophon
1059 613 1238 676 «dicendae
1254 614 1304 676 rei
1320 614 1441 694 impar,
1459 613 1544 677 illud
1562 614 1746 695 declarare,
1763 635 1812 678 an

264 717 500 781 «ambulabat.
517 716 660 780 Sedebat
672 717 773 780 illein
785 717 945 780 cathedra
956 735 1010 780 su·
1058 738 1074 776 «
1089 723 1164 797 post
1189 718 1367 780 interitum
1391 734 1530 798 corpora
1545 718 1751 782 reviviscant
1767 717 1814 781 ad

263 822 418 901 «blimis,
433 827 467 884 et
484 821 584 884 multi
603 819 706 899 juxta
722 821 818 884 humi
834 819 1010 900 circumja-
1057 822 1286 902 «corruptela
1302 821 1593 884 immunitatem.»

264 927 427 990 «cebant
447 926 650 1004 Sistellinus,
664 917 882 1006 quintinusl)
899 931 932 988 et
943 927 1009 988 An·
1099 928 1174 989 uox
1189 931 1380 1007 sequuntur
1404 925 1573 988 solvendae
1588 924 1809 1004 objectionesr,

156 1012 160 1021 ’
263 1031 430 1093 «xantius
447 1034 480 1092 et
495 1029 728 1107 Memmianus,
746 1033 779 1091 et
794 1029 951 1092 nonnulli
966 1028 1011 1090 ci·
1054 1047 1130 1110 quat
1146 1048 1256 1108 grace
1272 1029 1516 1118 desiderantur,
1533 1047 1572 1092 ao
1587 1029 1657 1094 fere
1672 1031 1715 1093 ad
1731 1030 1807 1092 haec

263 1157 280 1194 «
294 1153 362 1198 ves.
375 1133 448 1212 ligo
456 1138 570 1196 autern
582 1134 735 1196 intellexi
748 1133 955 1215 colloquium
967 1133 1008 1196 de
1052 1127 1162 1216 capita
1176 1133 1386 1198 referuntur:
1406 1134 1440 1195 l⁰
1455 1135 1581 1214 Corpus
1598 1133 1703 1196 fuisse
1717 1133 1762 1195 ab
1778 1135 1808 1194 i-

263 1253 452 1318 «corporea
481 1237 672 1300 substantia
699 1240 733 1299 et
763 1239 1008 1300 resurrectione
1052 1239 1137 1301 nitio
1155 1238 1343 1320 spirituale,
1359 1253 1545 1318 rursusque
1562 1238 1597 1298 in
1613 1238 1738 1318 spiritu
1754 1237 1809 1300 su·

187 1329 189 1332 ’
253 1340 657 1428 «haberi,Theophilum
673 1341 1009 1421 interetdglaopho-
1051 1345 1168 1404 turum
1192 1358 1282 1420 esse;
1305 1341 1342 1404 2⁰
1360 1341 1500 1423 corpus,
1522 1342 1573 1403 uti
1592 1339 1693 1421 jacet,
1718 1343 1803 1404 mali

262 1463 370 1508 «nem
382 1446 504 1525 ipsum.
516 1447 554 1506 In
566 1445 650 1507 solio
659 1444 866 1525 Theophilus
876 1444 1006 1524 sedens,
1051 1445 1204 1518 tomitem
1227 1461 1346 1524 esses
1370 1461 1437 1524 quo
1460 1445 1585 1524 anima,
1600 1444 1694 1507 velut
1714 1462 1807 1525 aqna

262 1572 280 1609 «
294 1549 417 1630 cuique
432 1549 617 1611 sciscitanti
637 1547 870 1628 respondebat.
887 1549 1007 1611 Statim
1052 1567 1112 1630 per
1136 1550 1275 1630 sepiam,
1297 1548 1489 1613 maculatur
1516 1554 1550 1611 et
1575 1549 1810 1628 ingravescit;

263 1675 280 1712 «
293 1659 332 1716 ut
343 1670 404 1716 nos
416 1651 503 1714 vidit
513 1651 720 1732 accedentes,
733 1669 837 1714 manu
849 1669 911 1715 nos
922 1669 1009 1714 oom-
1054 1654 1090 1716 3⁰
1096 1655 1225 1734 Corpus
1237 1653 1300 1715 hoc
1312 1654 1401 1715 inter
1412 1652 1604 1733 spiritualia
1615 1653 1803 1715 subsistere

263 1759 434 1839 «pellens,
450 1757 514 1818 ait:
1052 1773 1119 1820 non
1134 1769 1249 1838 posse;
1271 1757 1309 1818 4⁰
1330 1758 1458 1836 corpus
1479 1759 1597 1836 utpote
1621 1756 1805 1818 mutationi

306 1861 463 1923 «Faveas
485 1859 572 1922 bene
588 1857 715 1938 adesse,
732 1875 752 1921 o
770 1854 915 1922 Eubuli:
930 1874 1008 1920 con·
1052 1861 1246 1938 obnoxium,
1274 1877 1341 1922 non
1368 1877 1440 1922 esse
1466 1860 1509 1922 ad
1538 1859 1804 1939 incorruptibili·

263 1963 442 2027 «sedimus
458 1979 568 2042 porra,
587 1979 653 2040 ego
670 1969 704 2026 et
719 1964 922 2040 Sistellinus,
945 1961 1009 2024 du-
1051 1971 1156 2028 tatem
1168 1971 1401 2028 surrecturum
1413 1986 1420 2043 ;
1433 1964 1470 2026 5⁰
1484 1964 1607 2042 colligi
1623 1981 1688 2026 uon
1706 1979 1808 2044 posse

262 2067 372 2131 «dum
388 2067 609 2148 disputantes,
631 2071 747 2128 utrum
770 2065 842 2128 haec
864 2081 942 2127 caro
957 2063 1008 2127 fu·
1051 2069 1397 2151 corporisparticulas
1416 2085 1690 2148 quaquaversum
1709 2085 1806 2149 spar-

260 2179 369 2236 «tura
382 2173 428 2237 sit
443 2172 607 2251 rediviva,
630 2172 855 2235 immortalem
871 2188 950 2233 cum
973 2187 1008 2230 a·
1052 2194 1121 2255 sas;
1138 2175 1173 2237 6⁰
1187 2175 1333 2239 Tantum
1348 2172 1445 2235 modo
1458 2189 1593 2252 corpus,
1607 2173 1637 2235 si
1651 2173 1804 2235 surrexit

261 2279 385 2340 «nima
407 2278 514 2340 vitam
536 2280 722 2358 receptura.
740 2278 786 2339 'le
802 2291 884 2354 ergo
907 2274 1007 2337 hodie
1051 2277 1199 2342 recidere
1215 2279 1252 2341 in
1275 2275 1416 2340 formam
1441 2277 1658 2340 essentialem
1682 2281 1716 2338 et
1737 2276 1808 2357 spi-

262 2383 445 2446 «sistimus
461 2381 638 2463 arbitrum,
654 2381 714 2461 qui
732 2380 835 2443 verba
851 2397 926 2442 mea
948 2395 1007 2441 ex·
1051 2384 1221 2446 ritualem.

262 2509 279 2547 «
292 2485 429 2569 pendas,
438 2489 472 2550 et
482 2488 686 2567 pronuncies
703 2489 820 2548 utrum
832 2500 970 2546 censeas
985 2499 1006 2544 a
1094 2486 1144 2550 hd
1159 2486 1231 2548 haeo
1243 2499 1353 2564 grace
1376 2502 1438 2566 per
1451 2483 1645 2562 fragmenta
1665 2489 1803 2548 exstant

262 2609 347 2655 «me
366 2591 545 2656 veritatem
563 2592 706 2654 asseri.»
1050 2591 1296 2672 responsiones,
1307 2606 1384 2670 quae
1406 2606 1467 2669 ope
1487 2588 1640 2652 codicum
1658 2589 1806 2652 Slavico-

303 2693 463 2774 Subjecit,
479 2693 609 2758 dicens:
1051 2713 1128 2758 rum
1140 2698 1313 2771 augentur
1325 2698 1358 2758 et
1368 2710 1430 2756 suo
1438 2693 1548 2755 ordini
1561 2694 1802 2770 restituuntur,

304 2801 360 2861 «0
378 2799 536 2876 Auxenti,
559 2815 672 2860 nonne
692 2813 827 2877 aequum
843 2799 895 2858 est
910 2797 1007 2857 illum
1053 2802 1100 2863 ita
1118 2803 1233 2862 tamen
1250 2802 1288 2860 ut
1304 2799 1407 2860 etiam
1426 2798 1557 2861 lacunis
1569 2799 1696 2861 slavica
1710 2798 1806 2860 labo-

264 2900 444 2980 «incipere
456 2901 515 2980 qui
527 2901 637 2980 potior
648 2905 700 2962 est
711 2900 873 2982 (κρειττων
882 2899 922 2981 t),
934 2899 1009 2961 deca
1051 2912 1137 2970 rent.
1163 2905 1298 2966 Postea
1319 2903 1422 2965 verba
1448 2919 1525 2983 quae
1540 2902 1631 2984 apud
1656 2903 1806 2983 Epipha-

262 3009 327 3064 «to
344 3003 461 3065 rudem
485 3003 702 3084 posthaberi?
727 3027 744 3064 «
758 3005 870 3066 Etiam
894 3005 1007 3067 minus
1051 3012 1146 3074 nium
1171 3007 1319 3088 (Patavii
1343 3024 1374 3087 p.
1399 3007 1473 3068 581.
1496 3007 1599 3068 Jahn.
1622 3007 1675 3084 86,
1698 3007 1803 3088 xnrv)

265 3123 486 3184 «congruum
506 3109 732 3172 aestimaverat
746 3109 948 3189 Aglaophon
971 3127 1007 3172 sa
1052 3115 1232 3190 leguntur:
1249 3103 1400 3192 σύμφωνα
1416 3109 1459 3184 εἰς
1471 3109 1531 3192 τὴν
1547 3110 1616 3191 περὶ
1632 3116 1691 3191 τῆς
1708 3107 1806 3173 ἀνασ-

262 3228 370 3273 «cum
397 3212 509 3289 magis
532 3213 659 3274 rustico
682 3212 857 3293 disserere,
886 3215 1004 3276 relicto
1053 3217 1173 3290 τάσεως
1188 3223 1245 3298 τῆς
1260 3215 1378 3298 σαρκὸς
1396 3212 1497 3278 πίστιν
1513 3216 1568 3277 καὶ
1583 3215 1665 3278 αὐτὰ
1680 3215 1807 3299 εἰρηκό-

155 3399 158 3406 ι
263 3315 462 3395 «peritiore.
1053 3341 1102 3404 τα,
1123 3323 1249 3385 alarice
1264 3320 1436 3384 subditur:
1458 3321 1561 3384 Finis
1569 3322 1676 3400 prinei
1689 3338 1808 3386 ser-nm

301 3422 481 3501 Propterea
495 3421 646 3484 subdidit
668 3423 875 3486 Auxentins:
1052 3427 1116 3490 nie.

304 3546 321 3583 «
335 3526 678 3605 Semper,0homines
691 3526 728 3606 (ὼ
741 3525 1008 3610 otror),deeodi-
1096 3531 1198 3592 Tum:
1222 3527 1365 3608 ejusdem
1388 3526 1425 3590 de
1446 3528 1680 3592 retractatione
1701 3543 1807 3592 sereno

261 3633 463 3709 «sceptatur
486 3630 522 3692 in
546 3629 635 3710 quod
658 3631 858 3712 Aglaophon
878 3631 1007 3710 incidit,
1051 3630 1218 3709 samaeas,
1241 3635 1275 3692 et
1299 3631 1418 3712 incipit
1433 3632 1539 3694 oratio
1561 3633 1668 3695 altera
1686 3631 1729 3694 ab
1749 3632 1804 3696 his

261 3731 471 3794 «dummodo
487 3733 593 3796 alium
617 3734 740 3797 habeat
762 3751 907 3815 quocum
930 3752 1008 3797 cona
1052 3718 1471 3816 quae'apudllpiphanium
1487 3743 1677 3816 sequuntur
1688 3754 1720 3816 p.
1737 3737 1799 3798 581

261 3834 399 3914 «diget.
422 3837 525 3900 Nobis
545 3855 624 3900 vero
648 3838 897 3901 incommodum
921 3839 1007 3902 illud
1052 3855 1160 3919 usque
1175 3837 1218 3900 ad
1233 3839 1307 3900 590.
1324 3839 1429 3900 Cuius
1447 3840 1613 3901 sermonis
1628 3839 1805 3900 continua-

262 3946 354 4020 «est,
377 3942 467 4022 quod
485 3943 565 4005 mali
586 3944 674 4005 male
696 3959 755 4005 nos
772 3944 807 4004 in
829 3945 958 4006 alienas
973 3962 1006 4006 a·
1050 3944 1098 4005 tio
1113 3947 1247 4005 tanturn
1263 3942 1353 4023 apud
1374 3943 1533 4004 Photinm
1550 3944 1585 4005 in
1606 3941 1806 4022 compendio

262 4049 428 4108 «vertant
457 4048 671 4127 questiones,
695 4063 770 4126 quae
798 4063 875 4109 eum
901 4064 1005 4125 agere
1050 4047 1252 4127 excerpitur,
1278 4045 1336 4108 ubi
1354 4050 1473 4109 tamen
1496 4048 1578 4110 satis
1601 4049 1736 4125 integre
1759 4049 1807 4110 le·

260 4165 440 4212 «seorsum
454 4154 591 4231 cogunt,
604 4152 719 4214 statim
735 4155 773 4212 ut
789 4152 951 4215 multaab
967 4169 1006 4214 eo
1054 4155 1188 4230 guntur
1199 4151 1275 4213 loca
1286 4150 1326 4212 de
1338 4151 1359 4212 J
1362 4151 1475 4212 ustino
1487 4151 1684 4232 philosopho
1701 4150 1805 4234 (apud

262 4253 332 4317 «de
349 4257 594 4320 resurrectione
610 4256 882 4319 audiverimus.»
1052 4254 1292 4318 combelisium
1311 4272 1343 4335 p.
1364 4253 1438 4336 324)
1462 4262 1496 4317 et
1511 4255 1552 4317 de
1576 4258 1657 4333 igne
1680 4256 1806 4318 montis

303 4381 321 4418 «
334 4361 512 4441 Perpetem
528 4361 588 4440 ais,
604 4360 762 4438 auxenti,
776 4362 888 4441 inquit
904 4363 1008 4427 Mern-
1053 4361 1186 4442 Olympi
1204 4358 1262 4440 (ib.
1280 4377 1312 4439 p.
1328 4361 1402 4424 325.
1419 4359 1519 4438 Jahn,
1537 4359 1589 4438 92,
1608 4360 1672 4440 93).

260 4487 278 4524 «
291 4465 436 4544 mianus,
457 4465 582 4528 etenim
606 4464 774 4526 Eubulius
790 4464 881 4527 haud
903 4466 1008 4528 semel
1097 4468 1212 4528 Sermo
1224 4481 1261 4526 111
1279 4465 1413 4541 integer
1425 4468 1476 4526 est
1486 4463 1576 4544 apud
1591 4465 1717 4541 Slavos,
1730 4463 1800 4528 fere

260 4570 642 4650 «aliashglaophonem
659 4571 834 4634 sustinuit.
851 4573 895 4634 At
909 4570 1008 4633 hodie
1055 4574 1094 4634 ut
1115 4569 1204 4652 apud
1227 4567 1465 4632 combensium
1489 4587 1521 4650 p.
1545 4569 1698 4631 aaa-336.
1723 4570 1804 4643 Quae

260 4695 278 4732 «
290 4674 385 4737 decet
400 4674 440 4737 de
456 4673 510 4737 his
526 4691 660 4756 quoque
680 4692 741 4738 nos
758 4677 941 4758 interloqui
958 4695 1009 4740 ar·
1052 4676 1177 4756 triplex
1204 4672 1326 4736 divisio
1357 4674 1522 4737 hactenus
1552 4672 1681 4735 nemini
1708 4673 1804 4734 inno

261 4779 475 4857 «pumentia,
491 4779 653 4858 quamdiu
666 4780 720 4844 hic
732 4781 828 4844 adest
843 4781 1007 4862 Theophi-
1053 4779 1130 4841 tuit.
1148 4777 1212 4842 Sed
1237 4778 1313 4841 vide
1327 4794 1405 4840 mox
1423 4778 1577 4840 auctaria
1592 4777 1717 4840 codicis
1734 4777 1806 4840 Coi-

261 4884 356 4950 «lus.
368 4885 427 4948 Sin
443 4900 526 4962 ergo
541 4883 635 4948 vobis
651 4885 685 4948 id
701 4886 813 4965 placet
824 4886 1006 4966 inquirere,
1054 4883 1205 4948 sliniani.

295 5094 323 5164 1)
334 5093 400 5152 Vox
409 5110 504 5166 grace
514 5100 545 5152 et
553 5093 677 5152 barbare
686 5093 883 5154 sonbebatnr:
897 5095 1091 5154 llecrtnt'tincr.
1103 5095 1151 5153 An
1160 5093 1439 5159 Princastellum
1448 5092 1545 5151 araci
1554 5093 1647 5152 latina
1656 5097 1805 5166 torquent.
