4044 6104
274 477 340 540 444
941 483 1153 547 ORIGENES

274 627 343 683 τυῶ,
357 615 458 682 Τοῦτο
474 615 508 681 δὲ
523 617 659 703 γνόντες,
683 620 740 684 καί
754 616 843 685 αὐτοὶ
857 621 912 685 τόν
925 629 1025 686 τοιοῶ-
1068 622 1213 685 seientes
1228 637 1298 701 voa,
1314 620 1378 702 ipsi
1394 635 1529 701 quoque
1552 637 1621 701 prae
1636 620 1744 683 oculis
1759 618 1818 682 ha-

275 741 331 788 τον
345 723 406 806 πρό
418 719 587 808 ὀφθαλμῶν
599 721 775 789 άναλάόετε
790 721 896 808 φόόον.
909 725 949 790 El
963 725 1024 810 γάρ
1069 726 1146 790 bete
1168 723 1366 805 hujusmodi
1381 741 1550 806 pavorem.
1574 727 1609 790 Si
1633 726 1724 788 enim
1748 741 1823 804 ego,

273 826 339 912 εγὼ
361 826 378 890 ό
401 825 608 912 δεδυνημένος
630 828 746 891 εἰπεῖν·
773 827 827 918 Τό
841 826 943 913 στόμα
966 849 1025 913 μου
1074 828 1134 910 qui
1157 829 1268 893 dicere
1284 829 1395 910 potui:
1422 831 1463 894 Oa
1477 847 1581 894 onom
1603 830 1752 911 loquetur
1772 845 1825 894 soe

273 928 409 1014 λαλήσει
423 927 547 1016 σοφίαν,
562 928 653 1014 καὶὴ
678 929 794 1016 μελέτη
812 939 869 1015 τῆς
891 930 1025 1016 καρδίας
1063 933 1238 1012 pientiam,
1257 937 1289 998 et
1302 933 1466 997 meditatio
1485 932 1590 998 cordis
1605 933 1668 996 mci
1682 932 1827 1012 praita-

274 1054 334 1120 μου
356 1033 488 1117 σόνεσιν,
511 1033 606 1097 κλινῶ
632 1033 676 1110 είς
699 1033 885 1120 παραθυλὴν
910 1038 947 1100 τό
970 1036 1023 1114 οὖς
1070 1035 1698 1117 tiom‚·uolimooioporaootomoorem
1708 1053 1822 1116 κιουκε,

274 1159 344 1223 μου,
361 1138 441 1224 μετὰ
456 1146 597 1203 τοσαῦτα
614 1136 752 1223 έμφοδός
773 1139 836 1224 εἰμι
849 1140 905 1203 καί
920 1139 1024 1223 έντρο·
1070 1139 1152 1201 talia
1166 1145 1242 1218 post
1256 1141 1368 1220 verba,
1385 1139 1536 1221 trepidus
1563 1142 1628 1204 aim
1644 1159 1684 1203 ac
1698 1145 1827 1204 terrore

275 1263 343 1326 μσς,
365 1242 418 1306 διόι
433 1242 463 1308 τί
477 1243 550 1327 ουχὶ
563 1243 618 1306 καί
633 1242 737 1327 ὑμεῐς;
753 1243 781 1306 εἰ
796 1239 832 1306 δέ
846 1263 891 1322 τις
906 1241 1021 1307 πυνθά-
1069 1249 1253 1325 correptus,
1270 1244 1390 1325 quidni
1405 1245 1508 1308 etiam
1528 1245 1610 1308 vos?
1625 1247 1660 1308 Si
1676 1245 1754 1325 quis
1768 1263 1827 1306 au-

275 1368 370 1428 νοιτο,
400 1349 451 1413 ίνα
471 1345 502 1411 τί
523 1345 679 1433 φσόοῶμαι
701 1347 736 1413 έν
758 1345 863 1434 ἡμέρᾳ
884 1355 1018 1432 πονηρᾷ,
1070 1351 1139 1409 tem
1155 1350 1328 1428 quaesierit
1344 1367 1406 1412 cur
1429 1349 1566 1412 timeam
1584 1348 1620 1411 in
1648 1349 1702 1412 die
1726 1349 1827 1428 mala,

274 1450 416 1516 ἀκουέτω
433 1453 513 1538 μετὰ
527 1450 714 1538 παρρησίας.
732 1451 843 1517 Ἔστιν
857 1472 903 1528 τις
917 1449 1023 1537 ἡμέρα
1070 1451 1188 1514 audiat
1202 1437 1364 1530 ingenue.
1380 1454 1442 1516 Est
1465 1452 1537 1516 dies
1558 1452 1712 1533 quaedam
1727 1453 1828 1534 mala,

274 1557 409 1642 πονηρὰ,
426 1557 496 1640 περὶ
510 1557 550 1639 ης
570 1554 663 1640 μυρία
678 1555 712 1620 έν
727 1563 795 1632 ταῖς
811 1563 1021 1639 προφητικαις
1071 1553 1188 1636 dequo
1198 1556 1234 1618 in
1246 1555 1417 1637 prophetis
1430 1557 1617 1619 innumera
1628 1559 1827 1619 exstantva-

275 1661 485 1745 άναφιυνεῐςαι
499 1669 647 1745 γραφαῖς.
671 1659 820 1745 Πονηρόν
835 1659 871 1724 δέ
885 1661 945 1744 τὴν
959 1657 1025 1744 κρί-
1070 1659 1199 1723 ticinio.
1216 1661 1339 1724 Malam
1353 1677 1433 1724 vero
1445 1660 1568 1739 judicii
1592 1660 1682 1724 diem
1697 1677 1828 1724 nuncu·

275 1785 355 1842 σειυς
377 1762 499 1849 ἡμέραν
515 1763 761 1849 προσηγόρευσε,
785 1765 871 1828 κατά
889 1765 925 1828 τό
947 1767 1023 1849 παρ’
1071 1765 1175 1846 pavit,
1194 1764 1296 1844 juxta
1317 1769 1469 1829 nostram
1485 1764 1623 1828 vivendi
1642 1765 1824 1828 rationem:

275 1866 353 1954 ἡμῖν
367 1867 606 1953 πολιτευόμενον
621 1867 701 1945 ἔθος.
719 1867 857 1933 Είῶθασι
868 1869 930 1954 γόιρ
949 1867 1024 1932 πολ·
1071 1875 1322 1934 consueverunt
1337 1870 1429 1933 enim
1446 1870 1546 1932 multi
1569 1869 1694 1931 malam
1714 1868 1826 1932 dicere

276 1971 326 2035 λοί
348 1973 454 2056 κακὴν
476 1971 641 2057 ὀνομάζειν
663 1969 802 2056 ἡμέραν,
826 1971 860 2036 ὲν
882 1973 903 2055 ᾖ
926 1970 1027 2056 λυπη-
1074 1973 1173 2054 diem,
1195 1975 1230 2036 in
1255 1991 1323 2055 qua
1345 1974 1428 2054 ipsis
1450 1973 1574 2036 accidit
1595 1975 1632 2035 in
1654 1973 1828 2036 calamita-

277 2084 342 2158 ροῐς
357 2096 435 2140 τισιν
450 2074 564 2152 αὐτοὺς
586 2073 747 2161 συμόαίνει
763 2083 950 2160 περιπεσεῖν.
974 2073 1026 2140 Ei·
1071 2083 1123 2141 tes
1138 2078 1277 2141 involvi.
1296 2080 1317 2142 J
1320 2095 1381 2141 ure
1397 2079 1507 2157 igitur
1522 2081 1571 2140 ita
1585 2081 1726 2139 vocatur
1741 2077 1824 2157 dica,

277 2178 377 2256 κότιυς
392 2177 494 2244 τοίνυν
515 2180 614 2256 οὕτως
634 2180 913 2265 προσαγορεύεται,
930 2179 973 2257 ὡς
986 2180 1026 2248 δν
1071 2181 1153 2262 quia
1175 2182 1299 2263 cuique
1320 2199 1418 2245 suam
1441 2180 1607 2243 malitiam
1630 2180 1824 2260 redarguet,

276 2291 334 2368 της
348 2281 484 2348 ἑκάστου
506 2281 659 2368 πονηρίας
673 2284 754 2347 οὖσα
771 2284 952 2371 έλεγκτικη,
967 2285 1023 2349 καί
1054 2309 1056 2314 ’
1072 2290 1106 2347 et
1117 2287 1199 2367 quia
1206 2286 1373 2368 supplicia
1385 2286 1497 2367 impiis
1509 2302 1551 2349 ex
1563 2285 1761 2348 imminente
1774 2284 1824 2366 ip-

277 2387 320 2463 ῶς
338 2388 395 2463 τόις
410 2385 557 2463 κολάσεις
579 2395 643 2464 τοῖς
666 2386 794 2453 άσεόέσι
816 2389 869 2454 διόι
889 2397 949 2474 της
970 2409 1025 2454 πε·
1071 2391 1118 2454 eis
1134 2390 1184 2453 ira
1196 2390 1361 2468 erogabit.
1374 2392 1554 2470 Propterea
1568 2389 1672 2451 etiam
1685 2404 1750 2467 ego
1765 2406 1823 2469 pa·

276 2489 461 2575 ριμενοόσης
473 2491 586 2567 αὐτοὺς
601 2491 698 2576 όργῆς
709 2491 885 2578 ἐπάγουσα·
898 2492 1027 2558 διότοῶ-
1071 2511 1144 2575 veo,
1160 2495 1220 2576 qui
1235 2493 1308 2557 haec
1322 2493 1426 2556 verba
1443 2492 1540 2571 facie,
1555 2493 1680 2555 etenim
1700 2493 1822 2576 iniqui-

276 2615 313 2658 το
328 2592 417 2678 κάγὼ
429 2592 1027 2683 φρίττῶόταῶταφθεγγόμενος,ἡγόιρ
1072 2604 1124 2666 tus
1138 2599 1280 2665 calcanti
1301 2599 1365 2664 mei
1386 2600 1424 2663 iu
1439 2597 1502 2663 itta
1520 2597 1572 2665 dic
1591 2597 1686 2664 κιυίο
1701 2616 1751 2665 ott
1764 2599 1828 2665 cir-

276 2699 391 2786 ἀνομία
404 2709 462 2786 τῆς
476 2699 613 2786 πτέρνης
637 2722 696 2787 μου
711 2705 783 2766 κατ’
800 2702 900 2788 αὐτὴν
922 2703 982 2787 την
997 2703 1026 2768 έ-
1072 2703 1239 2771 ιτιιιιιίιῑθίί.

275 2801 384 2888 κείνην
398 2805 456 2889 την
471 2807 613 2890 πονηρὰν
628 2803 786 2870 κυκλώσει
801 2825 850 2892 με.

320 2908 387 2992 Τῆς
403 2910 458 2975 σόν
479 2907 616 2993 πτέρνης
632 2930 692 2994 μου
708 2906 729 2992 ἡ
753 2907 877 2996 ἀνομία,
894 2911 1026 2976 καὶτῶν
1119 2913 1287 2996 Iniquitate
1302 2929 1385 2990 ergo
1399 2911 1542 2977 calcanei
1562 2913 1627 2976 met
1644 2915 1678 2976 et
1700 2912 1824 2994 pedum

275 3012 381 3077 ποδῶν
406 3013 490 3099 ἐμῶν
515 3014 759 3098 έκπαρεκτροπὴ
789 3015 834 3091 εἰς
859 3013 1026 3099 πρόσωπόν
1072 3037 1226 3082 meorum
1242 3019 1417 3096 divagatio
1431 3018 1468 3080 iu
1484 3022 1666 3099 conspectu
1678 3034 1763 3097 meo,
1775 3018 1825 3079 in-

275 3138 344 3204 μου,
361 3119 448 3202 φησί,
471 3115 621 3202 στήσεται
640 3117 674 3182 ἐν
696 3126 735 3202 τῇ
759 3115 970 3204 προλεχθείση
986 3115 1023 3201 ἡ·
1073 3125 1156 3205 quit,
1172 3123 1276 3186 stabit
1290 3121 1333 3184 ad
1348 3127 1571 3208 memoratam
1594 3121 1693 3202 diem,
1713 3124 1748 3183 et
1762 3138 1823 3183 un-

276 3220 367 3307 μέρφι,
391 3223 446 3286 καί
468 3220 624 3285 κυκλῶσει
649 3242 687 3306 με
710 3219 918 3307 πανταχόθεν,
942 3219 1027 3286 καθόι
1072 3226 1249 3307 dequaque
1264 3227 1393 3288 circulo
1405 3244 1459 3288 me
1476 3227 1617 3304 cingent
1629 3242 1713 3304 mea,
1726 3229 1766 3287 ut
1777 3223 1826 3286 di-

274 3328 406 3412 εἴρηται,
429 3327 469 3391 τόι
495 3325 659 3412 διαβοόλιά
685 3347 764 3413 μου·
791 3325 820 3390 οἱ
842 3325 1025 3404 πεποιθότες
1071 3331 1170 3409 citur,
1184 3326 1824 3412 perversaconsilia.[ltailli]quicon·

274 3431 325 3495 ἐπί
337 3439 376 3516 τῇ
388 3429 517 3516 δυνάμει
532 3431 635 3496 αὐτῶν
650 3433 705 3496 καί
719 3430 771 3496 ἐπί
786 3439 829 3518 τῷ
844 3430 958 3516 πλήθει
969 3442 1025 3498 τοῶ
1072 3431 1128 3497 fisi
1144 3436 1225 3496 sont
1240 3431 1487 3496 infortitudine
1502 3450 1575 3511 sua,
1588 3437 1622 3495 ct
1633 3425 1826 3510 gloriantur

272 3535 410 3601 πλούτου
425 3534 528 3602 αθτῶν
542 3533 753 3622 καυχώμενοι.
1072 3537 1108 3599 in
1124 3538 1220 3617 copia
1237 3553 1338 3618 opum
1354 3554 1505 3600 suarum.

317 3639 487 3722 Εὐσεθίου,
526 3639 750 3726 Θεοδῶρήτου,
788 3639 959 3726 Κυρίλλου.
985 3679 1023 3688 -
1114 3639 1257 3719 desciit,
1271 3640 1456 3704 uaecorcti
1467 3643 1500 3704 et
1509 3638 1639 3721 Cyriiti.
1651 3640 1763 3702 Etiam
1776 3640 1825 3700 sic

273 3744 410 3831 Νοησεις
432 3746 538 3811 δὲκαὶ
556 3748 672 3824 οὕτως·
694 3745 778 3830 Ἐγὼ
795 3746 851 3830 μέν
874 3745 891 3810 ό
914 3742 1025 3808 becci·
1071 3745 1189 3808 eadem
1200 3745 1384 3822 intelliges.
1398 3744 1472 3822 Ego
1485 3743 1632 3824 quidem,
1645 3744 1701 3806 cui
1718 3743 1824 3805 bonor

273 3851 337 3930 ζειν
360 3849 439 3936 ἁγίῳ
462 3849 621 3937 Πνεόματι
643 3852 684 3914 τὰ
705 3848 782 3914 θεῖα
803 3847 897 3934 λόγια
927 3869 1025 3932 κατη-
1071 3847 1313 3928 pronuntiandi
1328 3849 1363 3910 in
1380 3847 1637 3928 Spiritusancto
1660 3846 1776 3909 divina
1791 3863 1824 3907 υ

272 3951 441 4043 ξιυιμένος,
460 3953 629 4039 περίφοθός
659 3953 731 4039 εἰμι,
758 3955 817 4038 τὴν
842 3951 944 4038 κρίσιν
968 3959 1024 4016 τοῦ
1071 3953 1188 4014 racula
1203 3951 1302 4014 datus
1315 3955 1376 4031 est,
1389 3956 1479 4032 totus
1491 3951 1608 4013 horrui
1624 3936 1773 4014 tremens*
1783 3949 1826 4012 ad

274 4055 359 4123 Θεοῦ
382 4055 560 4141 πεφρικώς·
582 4057 670 4143 ὑμεῖς
690 4056 724 4120 δὲ
748 4055 917 4136 ἀκούσατε,
939 4055 968 4119 oi
991 4056 1026 4120 ά·
1070 4054 1239 4134 judicium
1261 4057 1338 4134 Dei;
1362 4072 1421 4118 uos
1437 4072 1517 4130 vero
1540 4055 1668 4136 audite,
1685 4071 1744 4118 vos
1767 4056 1830 4117 im·

274 4156 374 4244 φοόοι,
399 4159 427 4224 oi
449 4161 501 4225 διὰ
516 4162 574 4247 την
595 4170 760 4245 παροῦσαν
781 4162 905 4247 τρυφὴν
927 4158 1025 4244 καθη-
1073 4159 1253 4240 perterriti,
1267 4160 1371 4240 quiin
1383 4159 1514 4224 deliciis
1525 4159 1628 4240 hujus
1642 4161 1722 4223 vitae
1734 4162 1826 4223 laute

274 4264 486 4342 δυπαθοῶντες
508 4270 562 4330 τόν
586 4264 662 4351 βίον,
686 4265 715 4329 οἱ
739 4267 781 4351 μη
807 4264 858 4329 ἐπὶ
877 4273 920 4349 τῷ
942 4263 1024 4350 Θεῷ,
1070 4263 1283 4342 volutamini,
1298 4281 1358 4327 vos
1374 4265 1580 4344 noninDeo,
1604 4264 1662 4327 aed
1676 4265 1712 4327 in
1735 4269 1827 4345 pote·

273 4367 346 4434 άλλ’
359 4369 410 4434 ἐπὶ
425 4380 464 4455 τῇ
480 4369 609 4456 δυνάμει
626 4369 745 4435 έαυτῶν
761 4368 953 4450 πεποιθότες,
971 4371 1026 4434 καί
1072 4371 1158 4430 state
1182 4371 1296 4430 vestra
1320 4367 1408 4446 fulti,
1425 4373 1459 4431 et
1479 4367 1520 4431 ob
1535 4368 1778 4442 abundantiam
1794 4384 1827 4429 o

274 4472 325 4537 ἐπὶ
341 4483 384 4559 τῷ
400 4471 513 4557 πλήθει
534 4483 591 4537 cod
606 4471 743 4538 πλούτου
759 4473 844 4559 ὑμῶν
859 4471 1025 4559 καυχώμε-
1072 4491 1154 4555 ρυιιι
1167 4477 1355 4538 vestrarum
1364 4475 1524 4554 superbia
1531 4479 1712 4553 tumentes,
1727 4473 1826 4537 scito·

274 4600 330 4662 νοι,
340 4577 511 4663 γινώσκετε
523 4579 569 4643 ότι
580 4587 682 4644 ταῦτα
694 4578 765 4664 ὑμῖν
776 4578 813 4641 ob
825 4576 1025 4663 παραστησε-
1071 4582 1104 4640 te
1113 4577 1203 4659 quod
1215 4578 1394 4657 presentia
1407 4577 1503 4640 vobis
1515 4593 1582 4640 non
1594 4576 1779 4658 proderunt
1790 4578 1826 4639 in

274 4681 645 4770 ταιέντηπρολεχθείση
661 4680 776 4768 ἡμέρη.
789 4680 873 4748 Οῶτε
888 4681 1026 4760 δὲάδελ-
1071 4684 1134 4745 bac
1156 4689 1342 4746 memorata
1358 4681 1422 4744 die.
1455 4684 1572 4762 Neque
1588 4685 1703 4744 autem
1722 4680 1825 4743 irater

275 4789 333 4872 φός
344 4785 481 4872 ἀδελφόν
492 4786 775 4873 λυτρώσεται,οῶτε
787 4783 875 4872 φίλος
887 4783 1027 4871 φίλονέ-
1071 4787 1210 4850 fratrem
1222 4787 1375 4866 redimet,
1393 4803 1502 4868 neque
1519 4788 1649 4850 amicus
1664 4787 1822 4850 amicum.

273 4913 391 4969 καστος
406 4894 469 4980 γόιρ
480 4894 534 4957 τόν
548 4892 626 4958 ῐδιον
638 4891 747 4979 μισθόν
759 4889 914 4976 λήψεται·
929 4887 1024 4955 έκάσ-
1071 4893 1174 4956 Suam
1190 4893 1282 4956 enim
1298 4892 1445 4973 quisque
1462 4891 1602 4973 recipiet
1624 4890 1823 4969 mercedem,

273 5016 331 5060 του
345 4998 381 5060 τό
396 4997 490 5083 ἔργον
507 4995 614 5062 όποίόν
629 4997 707 5081 ἐστι,
723 4997 760 5061 τό
772 5005 835 5080 πῶρ
849 4993 1024 5082 δοκιμάσει.
1071 4995 1318 5078 cujuscumque
1345 5011 1440 5078 opus,
1464 4997 1567 5077 quale
1591 4995 1704 5076 fuerit,
1733 4996 1825 5075 ignis

275 5097 331 5177 Τίς
354 5101 408 5164 οὖν
431 5099 529 5178 άλλος
555 5099 727 5184 ἀνθρώπων
753 5095 947 5184 λυτρῶσεται
971 5101 1026 5164 τόν
1071 5101 1236 5184 probabit.
1249 5100 1330 5176 Quis
1343 5099 1827 5178 ergoaliushominomhunc-

277 5213 429 5290 τοιοῦτον,
445 5204 492 5269 διὸ
506 5203 664 5272 λέλεκται·
680 5203 836 5289 Ἀδελφός
852 5205 888 5269 οὐ
899 5203 1028 5288 λυτροῶ,
1073 5224 1111 5271 ce
1128 5204 1294 5280 redimet?
1310 5205 1388 5269 Ideo
1403 5202 1532 5270 dictum
1550 5207 1614 5270 est:
1632 5204 1752 5273 Frater
1764 5220 1828 5272 uun
