4020 6098
774 415 776 420 ’
807 411 850 475 IN
874 406 1059 474 PSALMOS
1651 408 1712 470 177

169 544 225 608 καί
242 544 348 629 μωροί,
364 545 441 608 ποτέ
456 544 645 630 φρσνήσατε.
659 546 697 614 ‘O
709 549 865 634 φυτεύσας
881 551 916 614 τδ
960 551 1110 631 eistadii,
1126 550 1303 634 oirprondo
1325 550 1439 632 sopita
1467 551 1529 627 orti
1544 548 1714 630 plontooit

170 648 318 734 ούς,ούχί
331 648 456 735 ἀκούεις
473 652 494 737 ἡ
510 652 528 715 δ
543 651 670 730 πλάσας
685 653 865 741 ὀφθαλμοὺς
881 653 918 718 ού
960 671 1080 735 norom,
1110 673 1174 720 ooo
1199 655 1314 722 corito
1336 661 1367 722 ot
1387 655 1446 738 qni
1461 655 1568 738 firtno‘t
1588 653 1706 731 oculos,

172 761 340 835 κατανοεῖς
412 756 416 765 ’
960 773 1024 822 noo
1039 757 1243 824 considerat?

213 855 315 922 Πάλιν
331 855 393 922 ἀπὸ
409 867 466 943 της
482 858 634 944 πονηρίας
648 869 709 927 τῶν
724 861 845 946 ἐχθρῶν
860 862 920 927 διε-
1006 863 1134 924 Iterum
1172 879 1214 926 ex
1245 849 1459 942 improbitate
1494 861 1711 924 inimicorum

168 957 264 1047 γείρει
278 961 323 1038 είς
338 961 436 1048 ζῆλον
451 965 535 1028 κατὰ
549 973 611 1030 τῶν
627 963 748 1032 &ocior
759 969 813 1031 τδν
824 965 916 1050 Θεὸν,
962 966 1087 1028 excitat
1101 967 1209 1028 Deum
1222 965 1265 1028 ad
1276 965 1455 1028 zelandum
1471 963 1633 1026 adversus
1652 963 1712 1024 im-

168 1064 252 1142 δπως
278 1065 318 1130 ἂν
344 1067 427 1152 έργιμ
454 1065 591 1154 μάθοιεν,
614 1068 657 1146 ύις
687 1069 704 1134 δ
736 1068 920 1146 ἀπιστωθείς
961 1071 1044 1150 pios,
1057 1074 1143 1133 utre
1162 1069 1249 1132 iacta
1265 1069 1400 1132 tandem
1416 1069 1558 1146 discant,
1573 1081 1713 1148 quomo-

168 1169 242 1254 παρ’
257 1170 360 1236 αὐτῶν
376 1173 412 1236 ού
427 1180 559 1258 περιορᾷ
574 1173 614 1236 τὰ
630 1171 826 1258 ἀνθρώπινα·
842 1171 919 1237 ἀπύ-
963 1172 1004 1236 ύο
1027 1173 1095 1252 111ε,
1113 1174 1148 1236 in
1171 1191 1272 1254 quem
1288 1173 1423 1236 credere
1440 1172 1634 1250 noluerunt,
1658 1186 1715 1232 ne-

168 1293 269 1358 κρισιν
284 1273 319 1338 δέ
334 1273 351 1338 δ
366 1272 531 1360 προφήτης
546 1275 657 1362 ἐπάγει
677 1274 796 1360 πρέπον
811 1276 916 1353 αὐτοῖς
963 1277 1057 1356 gotia
1068 1295 1136 1340 non
1148 1279 1306 1355 negligat
1321 1277 1481 1340 humana.
1494 1275 1624 1351 Quibus
1635 1289 1710 1355 pro-

172 1377 282 1464 ὄνομα,
310 1379 369 1463 την
391 1377 572 1463 ἀφροσύνην
593 1381 648 1445 καί
671 1378 790 1466 μωρίαν
811 1379 919 1445 είπιύν.
962 1381 1064 1462 pheta
1074 1397 1267 1460 congruum
1277 1380 1418 1460 subjicit
1429 1395 1638 1462 responsum,
1651 1380 1714 1442 im·

168 1479 264 1567 Λέγει
280 1480 332 1546 δέ·
348 1480 442 1548 πόθεν
458 1483 563 1560 αὐτοῖς
577 1480 599 1566 ἡ
615 1482 745 1567 τοιαύτη
768 1483 917 1568 ἀναισθη-
962 1487 1109 1566 pingens
1126 1487 1194 1550 illis
1218 1486 1449 1568 insipientiam
1466 1489 1501 1548 et
1520 1485 1712 1548 stultitiam.

169 1583 233 1666 σία,
250 1583 292 1662 ὡς
308 1583 390 1670 μήτε
405 1584 499 1670 ὡρᾶν,
516 1585 597 1673 μήτε
612 1585 748 1670 ἀκούειν,
767 1585 847 1673 μήτε
864 1588 921 1674 μέν
963 1591 1021 1652 Ait
1050 1594 1182 1653 autem:
1208 1589 1303 1652 Unde
1334 1590 1403 1652 illis
1426 1592 1521 1651 tanta
1551 1589 1716 1652 sensuum

171 1687 317 1774 ἐλέγχειν
340 1689 572 1776 ὑπολαμύύνειν
597 1693 652 1756 τὸν
676 1691 769 1774 Θεὸν,
792 1695 846 1757 τδν
867 1694 922 1757 καί
963 1695 1100 1773 orbitae,
1116 1699 1156 1757 ut
1170 1698 1362 1774 supponant
1373 1694 1480 1755 Deum
1496 1690 1710 1772 nequevide·

173 1791 250 1874 oto,
266 1795 322 1857 καί
344 1792 534 1880 ὀφθαλμοὺς,
557 1797 612 1859 καί
635 1794 758 1862 σύνεσιν
779 1803 845 1873 τοῖς
868 1796 920 1862 ἀν-
964 1815 1010 1878 re,
1026 1815 1137 1878 neque
1150 1797 1278 1876 audire,
1291 1814 1402 1878 neque
1416 1797 1517 1858 etiam
1531 1794 1713 1872 redargue·

172 1895 305 1981 θριύποις
319 1897 561 1983 παρεσγηκύτα;
577 1895 615 1963 Ὁ
630 1899 692 1983 γὰρ
715 1897 832 1984 έτέρσις
846 1907 921 1965 ταῠ-
963 1918 1010 1980 re,
1028 1918 1106 1964 eum
1118 1917 1238 1982 nempe
1250 1900 1309 1980 qui
1321 1917 1431 1978 auree,
1443 1900 1503 1979 qui
1515 1900 1639 1978 oculos,
1652 1899 1713 1979 qui

171 2020 213 2064 τα
234 1999 307 2078 δοὺς
330 2003 406 2085 πρὸς
429 2002 465 2065 τὸ
487 2001 690 2067 duodenarii
712 2000 858 2085 συνιέναι,
882 2003 919 2066 ού
963 2004 1174 2068 intellectum
1191 2004 1376 2086 unicuique
1387 2005 1534 2082 largitus
1547 2004 1619 2066 est?
1634 2005 1711 2066 Ete-

172 2112 285 2187 συνιεῖς
301 2104 360 2189 ddi
382 2114 468 2190 γοῦν,
485 2105 510 2170 ὢ
533 2103 671 2190 ἀνόητοι,
695 2105 827 2171 συνιδεῖν
850 2105 922 2191 έθη-
964 2110 1035 2172 ωἰιιι
1051 2110 1111 2189 qui
1129 2109 1212 2172 talia
1226 2108 1284 2171 dat
1299 2109 1428 2171 crateris
1445 2107 1487 2171 ad
1503 2107 1711 2170 audiendum

171 2333 233 2377 σιν.
246 2311 377 2398 Σφόδρα
391 2313 635 2398 συλλογιστικῶς
645 2315 704 2400 την
716 2311 923 2379 διδασκαλίαν
964 2334 1057 2397 ergo,
1074 2333 1092 2379 o
1109 2317 1317 2398 insipientes,
1333 2315 1490 2379 voluistis
1510 2313 1655 2378 scrutari
1679 2317 1715 2376 et

171 2413 399 2502 προσήνεγκεν.
964 2425 1140 2503 penetrare
1163 2438 1277 2484 rerum
1303 2425 1469 2484 naturam.
1497 2419 1650 2497 Egregia
1676 2419 1712 2480 vi
1752 2487 1756 2497 ,

963 2526 1176 2608 syllogistica
1191 2526 1378 2589 doctrinam
1393 2525 1557 2605 provexit.

216 2620 254 2689 ‘0
272 2624 312 2689 έκ
333 2623 448 2709 πηλοῦ,
471 2626 576 2710 φησίν,
598 2628 652 2692 τδν
675 2624 836 2711 δφθαλμδν
859 2625 924 2692 δια·
1009 2634 1074 2709 Qui
1089 2649 1130 2695 ex
1145 2633 1228 2711 luto,
1244 2633 1303 2712 ait,
1324 2633 1461 2695 oculum
1483 2629 1609 2693 affabre
1625 2647 1713 2692 eom-

171 2728 307 2813 πράσας,
329 2729 386 2792 καὶ
407 2730 467 2814 τὴν
492 2730 625 2815 δπτικὴν
655 2728 814 2815 ἐνέργειαν
837 2731 922 2815 αὐτῷ
964 2738 1071 2818 pegit,
1087 2738 1186 2817 eique
1202 2736 1345 2799 contulit
1360 2737 1467 2798 aciem
1490 2734 1654 2813 intuendi,
1680 2738 1715 2796 et

170 2831 404 2917 δωρησάμενος,
416 2833 470 2896 καί
482 2833 522 2897 τοί
532 2833 601 2898 ,ὦτα
612 2832 761 2911 ὡσαύτως
774 2834 922 2920 δημιουρ·
965 2842 1024 2922 qui
1037 2858 1136 2904 aures
1151 2841 1256 2903 simili
1270 2844 1342 2904 arte
1358 2838 1516 2916 condidit,
1533 2843 1567 2900 et
1590 2839 1712 2919 imper-

173 2933 287 3021 γήσας,
304 2935 568 3022 καίύκουστικὴν
590 2936 735 3022 αίσθησιν
749 2937 924 3024 χαρισάμε·
964 2947 1043 3010 tivit
1064 2945 1225 3009 audiendi
1240 2944 1446 3022 facultatem,
1470 2943 1527 3005 ille
1551 2957 1618 3004 non
1641 2957 1711 3004 oer-

170 3060 233 3120 νος,
250 3041 343 3117 αὐτὸς
358 3040 419 3126 Οὔκ
435 3041 503 3126 ὁρᾷ,
521 3042 593 3106 οὐδὲ
608 3041 732 3128 ἀκούεις
753 3041 838 3107 ἀλλὰ
851 3041 922 3107 τού·
964 3051 1026 3131 nit,
1050 3051 1107 3114 ille
1133 3067 1201 3114 non
1224 3049 1342 3113 auditi
1368 3050 1459 3126 Ergo
1481 3049 1613 3110 creator
1640 3061 1714 3110 sen-

171 3165 234 3210 των
256 3145 443 3232 δημιουργὸς
466 3144 641 3231 έστηρεται,
668 3155 725 3232 της
748 3145 918 3232 ἐνεργείας,
965 3172 1068 3218 suum
1084 3154 1205 3217 horum
1222 3152 1372 3216 efficacia
1385 3151 1593 3229 destituitur,
1611 3165 1714 3231 quam
1804 3139 1806 3144 ’

171 3248 213 3334 ἣν
226 3257 292 3326 τοῖς
307 3248 416 3327 ἄλλοις
430 3250 637 3336 κεχύρισταιγ
966 3257 1097 3322 caeteris
1112 3257 1261 3321 donavit.

214 3373 247 3418 v.
266 3355 317 3418 10.
333 3348 371 3419 ¹0
386 3354 542 3419 παιδεύων
557 3353 642 3440 έθνη,
663 3355 736 3442 copi
750 3353 880 3441 ἐλέγξει,
904 3354 922 3419 δ
1007 3380 1039 3425 v.
1058 3363 1107 3424 10.
1127 3361 1189 3438 Qui
1203 3361 1341 3442 corripit
1358 3363 1479 3442 protos,
1497 3369 1562 3423 nort
1582 3361 1708 3440 σαρκοῖ,

175 3457 332 3523 διδάσκων
347 3457 509 3544 ἄνθρωπον
524 3467 648 3544 γνῶσιν.
963 3465 1293 3549 qoiooceooontoem
1306 3463 1499 3530 εοὶειιῖίοαιθ

216 3561 267 3628 Τὰ
280 3561 366 3648 ίθνη,
390 3563 496 3648 φησίν,
519 3563 542 3629 a
565 3561 645 3650 μήτε
667 3563 762 3650 νόμον
782 3563 921 3647 ἐδέξατο,
1009 3571 1143 3649 Gentes,
1167 3569 1225 3648 ait,
1249 3585 1325 3650 quaa
1347 3585 1414 3632 non
1442 3569 1554 3645 legem
1581 3583 1713 3645 recepe·

170 3664 253 3753 μήτε
267 3668 465 3751 προφητικδις
488 3665 629 3732 ἀπέλαδε
648 3667 863 3750 διδασκαλίας,
887 3668 920 3734 o·
964 3678 1055 3752 runt,
1070 3690 1133 3736 nec
1147 3672 1343 3754 prophetica
1357 3671 1486 3753 adeptae
1505 3675 1587 3734 sunt
1611 3669 1711 3732 docu-

170 3769 326 3836 ποδύλλει
337 3770 473 3856 παιδείᾳ,
486 3773 540 3836 καί
550 3774 610 3858 τὴν
621 3771 773 3858 ύμετέραν
784 3773 843 3837 οὐκ
855 3770 923 3836 ἑλέ·
964 3781 1088 3856 mentc,
1109 3793 1181 3839 sure
1195 3775 1333 3856 subjicit
1354 3775 1551 3854 discipline,
1574 3792 1614 3838 ac
1636 3791 1709 3837 ves·

169 3873 243 3960 γξαι
264 3874 480 3960 παρανομίαν;
503 3876 559 3939 καί
582 3878 645 3962 μην
667 3883 728 3941 τῶν
751 3875 922 3959 ἀνθρώπων
964 3885 1053 3944 tram
1074 3895 1142 3944 non
1165 3883 1291 3958 arguet
1313 3879 1549 3960 iniquitatem?
1575 3879 1711 3940 Etenim

170 3980 231 4063 τὴν
246 3979 337 4064 φύσιν
353 3981 446 4056 αὐτὸς
461 3978 692 4065 έδημισύργησε
707 3978 850 4066 λογικὴν,
867 3981 922 4045 καὶ
964 3985 1036 4066 ipse
1052 3985 1179 4048 creavit
1202 3983 1436 4048 rationabilem
1453 3983 1629 4045 hominum
1653 3999 1710 4044 na-

169 4081 224 4148 διὰ
235 4091 295 4146 τῶν
308 4081 340 4148 έν
352 4092 391 4168 τη
403 4081 503 4147 κτίσει
514 4081 740 4169 θεωρουμένων
752 4082 822 4149 καθ’
829 4083 923 4150 έκίισ-
964 4095 1087 4168 turam,
1104 4093 1138 4152 ct
1148 4105 1208 4169 per
1224 4105 1264 4151 ea
1275 4075 1354 4168 ἠοω
1370 4089 1406 4151 in
1424 4087 1593 4150 creatione
1606 4088 1713 4149 consi-

171 4207 231 4271 την
246 4185 421 4272 γενομένων
441 4184 564 4272 ἡμέραν
586 4185 716 4253 πλείονα
731 4189 789 4272 την
810 4197 924 4273 γνωσιν
964 4194 1127 4256 derantur
1148 4211 1187 4256 ac
1202 4191 1308 4272 fiunt,
1328 4208 1387 4273 per
1410 4191 1565 4268 singulos
1581 4189 1652 4253 dies
1674 4208 1708 4252 a·

173 4291 353 4376 έργύζεται.
964 4297 1224 4362 bundantiorem
1239 4296 1416 4358 scientiam
1432 4296 1633 4374 impertitur.

217 4413 249 4462 ν.
268 4399 376 4460 11-13.
392 4395 509 4480 Κύριος
523 4393 670 4482 γινώσκει
683 4397 756 4473 τοὺς
768 4395 924 4481 διαλογισ-
1008 4422 1040 4465 v.
1059 4403 1166 4465 11-13.
1181 4401 1339 4465 Dominus
1353 4388 1636 4482 interpretarer
1658 4399 1711 4464 lto·

172 4503 251 4588 μούς
264 4509 326 4564 τῶν
342 4498 522 4583 ἀνθρώπων,
546 4499 593 4564 ὅτι
615 4501 674 4564 elci
695 4499 828 4584 μάταια.
855 4499 924 4565 Mo·
964 4507 1100 4586 mirum,
1118 4506 1270 4588 qnoniam
1283 4521 1372 4568 rano
1387 4507 1473 4569 sont.
1489 4504 1611 4567 Beatos
1624 4505 1713 4568 torno

172 4603 283 4688 κύριος
308 4603 325 4667 δ
348 4599 510 4686 ἄνθρωπος
533 4603 568 4666 δν
593 4603 631 4667 δν
654 4603 835 4687 παιδεύσῃς,
860 4603 924 4669 Κύ-
965 4627 1057 4692 qoem
1072 4615 1108 4675 to
1122 4609 1293 4687 crudieris
1312 4609 1456 4686 Borrine,
1476 4612 1559 4672 otor
1573 4607 1640 4688 lopo
1655 4610 1712 4670 too

172 4729 230 4794 ott,
257 4709 312 4771 καί
334 4705 372 4770 ἐκ
394 4715 449 4770 τοῦ
471 4705 567 4791 νόμον
592 4707 719 4790 &idios
742 4709 846 4792 αὐτὸν,
870 4710 926 4794 τὸν
964 4715 1108 4780 ύοαανύσ
1119 4731 1200 4793 com,
1214 4717 1253 4778 ot
1266 4713 1466 4794 oritipescc‘o
1480 4711 1710 4776 dicoosmolr‘s.

173 4809 309 4896 πραύναι
324 4809 407 4894 αὐτῷ
424 4807 478 4894 ἀφ’
488 4804 614 4895 ἡμερῶν
630 4819 785 4894 πονηρῶν.
1008 4817 1179 4895 Quomodo
1194 4815 1285 4881 enim
1301 4833 1368 4879 non
1384 4819 1465 4880 sunt
1487 4817 1637 4878 vanitate
1655 4832 1711 4896 op

218 4911 291 4992 Πῶς
306 4913 367 4999 γὰρ
387 4915 446 4978 οὐκ
467 4913 526 4978 εἰσι
550 4913 759 4998 ματαιότητος
784 4913 923 5001 πλήρεις,

210 5076 238 5118 ν.
246 5060 288 5115 10.
295 5061 363 5116 Vct.
372 5059 616 5133 12.,Optimumex
622 5061 764 5115 creaturis
772 5079 925 5133 argumen-
1001 5073 1028 5114 ν.
1043 5053 1131 5110 11-13.
1144 5054 1211 5110 vac.
1224 5055 1266 5109 12.
1280 5053 1367 5110 Prov.
1382 5067 1427 5122 ιιι,
1441 5053 1482 5107 12.

175 5145 924 5220 ευιιιύοριονὶύοιιύίσσοσμοούουιιωιιοειοιιοοοϋθ.
1554 5145 1560 5157 “

255 5255 406 5298 eumaem
425 5256 468 5313 ιιι,
493 5243 536 5296 ln.

34 2231 40 2240 ·
172 2207 293 2292 λύσατε
307 2210 362 2272 καί
378 2208 487 2294 μαθεῖν
502 2217 564 2273 τῶν
582 2209 777 2294 πραγμάτων
792 2210 850 2294 τὴν
865 2207 922 2293 φύ-
964 2216 999 2276 et
1013 2213 1286 2292 intelligendum,
1298 2228 1410 2275 nonne
1422 2211 1615 2288 intelliget?
1631 2211 1711 2274 Sero
1795 2247 1797 2250 -
