3966 6108
649 445 693 508 IN
716 445 893 510 cellion
919 447 1186 512 CANTICORUM
1626 451 1690 513 533

157 585 172 618 ⁸
189 581 327 667 μαστοὺς
340 579 457 667 μητρός
464 599 533 667 μου;
542 581 677 667 εόροῠσό
686 603 722 648 σε
731 581 799 666 ἔξω,
809 579 899 668 φιλή-
947 608 963 646 «
991 587 1096 650 ubero
1107 587 1225 651 metris
1239 588 1342 651 mere?
1358 589 1403 652 'le
1418 605 1496 652 oum
1509 589 1597 654 iores
1610 591 1700 654 inve-

156 689 171 721 “
187 704 233 749 σω
244 705 290 767 σε,
306 686 366 751 κόν
377 705 414 772 γε
429 687 488 751 οὐκ
499 685 713 765 ἐξουδινώσεις
729 707 777 773 με.
789 684 897 772 Πορα
947 711 964 750 ν
987 691 1107 770 nerim,
1123 691 1188 771 ibo,
1204 691 1423 757 deosculabor
1447 697 1493 774 te,
1509 711 1619 776 neque
1642 703 1717 781 mQ

156 794 172 827 ‘⁴
187 787 331 875 λήψομαί
353 811 399 874 σε,
416 790 528 870 εἰσάξω
551 812 587 856 σε
610 791 654 868 εἰς
677 791 763 855 οἶκον
783 789 900 876 μητρός
948 815 964 853 <r
988 793 1167 876 despicies3
1190 801 1223 860 te
1240 796 1411 876 retinebo,
1426 801 1460 860 et
1483 798 1641 864 induoom
1663 801 1700 864 in

158 896 259 979 “ρου,
286 894 407 972 καλεῖς
432 903 571 979 τομαῖον
597 903 655 979 τῆς
682 892 901 978 οωλλαόοόσης
947 921 964 958 «
987 899 1125 962 domum
1141 901 1258 963 matris
1282 917 1374 979 meae,
1394 905 1429 964 et
1452 902 1699 983 inpromptus·

156 1001 171 1033 ‘⁴
190 1018 228 1084 με
240 991 293 1081 ¹³).
310 1045 325 1078 „
948 1021 965 1060 ν
989 1000 1079 1064 rium
1096 1000 1171 1081 ejus
1187 1019 1263 1084 quae
1278 1005 1432 1085 concepit
1446 1023 1541 1068 me.»

197 1099 244 1167 Οὐ
258 1104 320 1189 γὰρ
335 1101 458 1185 ἔξωθεν,
480 1100 666 1188 ἀλλ’όρ’ἠς
692 1101 827 1187 ἐγενήθη
845 1103 900 1188 μὲν
989 1106 1089 1169 Haud
1099 1107 1190 1170 enim
1201 1123 1244 1170 ex
1265 1107 1333 1170 elie
1344 1111 1476 1188 natura,
1484 1109 1543 1173 sed
1554 1113 1699 1174 exutero

155 1201 276 1291 μήτρας
292 1203 461 1271 όναλαόεῐν
476 1205 572 1272 αὐτόν
586 1203 675 1292 ἠξίου
695 1208 732 1270 τό
755 1214 855 1291 σῶμα,
872 1205 900 1270 ei
946 1227 1067 1309 exrquo
1078 1215 1171 1274 ortus
1187 1214 1248 1290 est,
1274 1210 1418 1288 dignum
1432 1213 1566 1276 censuit
1579 1230 1700 1294 eorpus

153 1312 268 1398 καὶμὴ
293 1309 335 1389 ὡς
357 1309 448 1406 Ιἡμεῖς
468 1311 501 1391 ἐξ
524 1311 635 1398 ἀνδρὸς
655 1313 709 1377 καὶ
736 1310 902 1397 γυναικός·
945 1330 1127 1392 assumere,
1153 1314 1286 1377 etiamsi
1321 1331 1389 1376 nou
1412 1317 1463 1379 uti
1490 1333 1562 1396 nos,
1585 1333 1627 1380 ex
1652 1317 1701 1380 vi·

153 1415 193 1481 ἐοι
205 1417 267 1502 γόιρ
284 1417 381 1503 μόνης
396 1411 559 1501 Παρθένου
582 1415 623 1494 ὡς
639 1416 656 1480 ό
671 1416 814 1500 πλάστης
830 1414 901 1480 ἐαυ-
946 1434 984 1481 το
999 1421 1033 1480 et
1049 1418 1209 1497 muliere;
1226 1435 1268 1480 ox
1287 1419 1362 1482 solo
1372 1420 1464 1482 enim
1474 1421 1628 1500 Virgine,
1647 1423 1699 1484 uti

153 1527 197 1604 τῷ
211 1518 308 1584 ἔλαότ
322 1529 423 1605 σῶμα,
446 1519 530 1605 πλὴν
545 1520 594 1585 ότι
608 1521 642 1599 ἐξ
657 1519 832 1604 ἀνθρώπου·
848 1520 901 1585 όν·
946 1525 1085 1598 creator,
1112 1520 1248 1584 sibimet
1262 1537 1384 1602 eorpus
1409 1525 1564 1606 sumpsit,
1589 1525 1637 1587 itu
1652 1527 1702 1586 tu·

153 1621 275 1709 θρωπος
289 1625 351 1712 γὰρ
366 1623 388 1711 ἡ
403 1624 556 1702 όαοτόκος
571 1623 679 1710 Μαρία
692 1619 744 1710 ¹³).
946 1643 1023 1689 men
1039 1629 1077 1689 ut
1092 1643 1133 1690 ex
1144 1626 1297 1707 homine;
1321 1627 1420 1693 homo
1435 1631 1526 1694 enim
1538 1635 1610 1694 erat
1623 1631 1699 1694 Dei-

945 1749 1028 1813 paro
1043 1746 1151 1810 virgo.
1731 1795 1737 1812 ,

198 1829 263 1897 Καὶ
277 1829 382 1920 Λόγου
405 1831 440 1896 δὲ
455 1836 533 1918 πρός
551 1836 624 1912 τοὺς
647 1831 849 1914 ἀξιώσαντας,
867 1832 901 1897 ἀ·
989 1835 1040 1899 ld
1060 1852 1115 1899 eos
1128 1839 1244 1899 autem
1257 1836 1316 1918 qui
1331 1841 1514 1901 oraverunt
1528 1838 1599 1902 hmo
1613 1837 1695 1902 dicit

155 1931 412 2022 ναλαρόόινοντος
428 1934 492 2022 ἤδη
504 1937 564 2022 τὴν
574 1935 680 2022 σόιρκα
694 1938 732 2004 ἐκ
746 1945 804 2022 τῆς
816 1937 902 2024 Hep-
945 1940 1105 2019 Verbum,
1120 1956 1257 2017 earnem
1276 1937 1348 2018 jem
1371 1958 1414 2004 ex
1427 1941 1570 2022 Virgine
1589 1943 1694 2006 susei-

155 2037 256 2121 θόνου,
271 2050 382 2106 ταῦτα·
946 2044 1060 2127 piens:

200 2143 388 2232 “Eiotltov
408 2145 452 2224 εἰς
473 2143 577 2230 κῆπόν
600 2167 670 2233 μου,
693 2143 816 2231 ἀδελφή
841 2167 900 2232 μου
991 2167 1008 2206 ο
1031 2146 1162 2210 intravi
1178 2146 1214 2210 in
1225 2147 1361 2212 hortum
1372 2164 1497 2228 meum,
1509 2165 1602 2213 soror
1617 2167 1694 2214 mee

155 2253 171 2286 ¹⁴
185 2247 301 2335 νύμφη,
314 2247 474 2334 ότρόγησα
484 2247 622 2335 σμύρναν
636 2249 716 2335 μετὰ
727 2247 901 2334 ἀρωμάτων
947 2272 964 2312 «
986 2269 1127 2334 sponse,
1145 2251 1272 2315 messui
1283 2251 1457 2333 myrrham
1468 2269 1546 2316 oum
1566 2269 1695 2316 aroma·

156 2357 171 2391 ‘⁴
187 2371 256 2440 μου.
267 2351 413 2439 Ἔραγον
424 2353 519 2438 όρτον
532 2374 590 2438 μου
603 2355 684 2439 gertr
695 2352 817 2440 μέλιτός
829 2373 900 2438 μου,
946 2375 964 2414 e
986 2354 1078 2419 tibus
1093 2355 1188 2434 meis,
1204 2354 1335 2418 comedi
1350 2371 1475 2436 ponem
1486 2373 1602 2420 meum
1618 2375 1698 2421 eum

156 2460 172 2493 ‘⁴
186 2459 274 2524 ἔπιον
288 2455 371 2523 οἶνόν
387 2477 446 2543 μου
465 2457 545 2542 μετὰ
565 2455 725 2542 γάλακτός
741 2479 801 2545 μου
812 2454 855 2543 ⁴⁸)
872 2507 899 2541 ,.
946 2479 964 2518 e
987 2459 1088 2522 melle
1102 2475 1187 2540 meo,
1199 2458 1272 2524 bibi
1287 2458 1410 2524 vinum
1425 2477 1540 2524 meum
1555 2479 1634 2526 oum
1649 2461 1697 2526 lo-

947 2584 966 2623 «
989 2567 1043 2626 ote
1058 2579 1176 2626 meO.»

196 2663 253 2742 Εἰς
263 2667 386 2753 γὰρτόν
395 2663 473 2731 ἴδιον
485 2673 599 2752 κῆπον,
610 2667 669 2750 τὴν
680 2661 789 2751 κτίσιν,
801 2666 900 2734 τίοελ-
987 2667 1072 2730 Cum
1106 2666 1198 2730 euim
1222 2665 1259 2730 in
1285 2668 1458 2748 proprium
1484 2667 1630 2749 hortum,
1658 2668 1694 2734 in

153 2767 225 2851 θὼν,
241 2767 353 2837 όλαόεν
364 2769 448 2855 αὐτῷ
463 2767 526 2834 ἀπὸ
545 2779 602 2855 της
618 2767 780 2856 Παρθόνου
794 2774 831 2838 τό
842 2781 901 2838 σῶ-
942 2771 1148 2836 creationem
1170 2770 1345 2848 ingressus
1360 2773 1422 2850 est,
1440 2771 1605 2854 ooeepite
1622 2772 1696 2835 Vir-

153 2895 208 2960 για,
223 2875 279 2939 οιαὶ
293 2872 423 2961 γέγοναν
438 2872 618 2958 ἄνθρωπος·
640 2873 759 2960 θνητόν
775 2876 830 2960 μὲν
845 2876 900 2943 οόν
943 2877 1025 2956 gine
1040 2893 1171 2958 eorpus,
1186 2880 1220 2940 et
1230 2875 1340 2940 fretus
1357 2880 1408 2940 est
1419 2875 1535 2940 homo:
1552 2877 1696 2940 mortale

152 2987 253 3063 σῶμα,
269 2977 354 3045 όιλλόι
372 2980 452 3066 μετὰ
468 2976 610 3057 εὐωδίας·
628 2987 673 3065 τῷ
683 2982 745 3066 γὰρ
755 2980 900 3068 παναγίῳ
944 2981 1081 3062 quidem
1093 2997 1215 3062 eorpus
1227 2983 1289 3061 est,
1304 2980 1364 3044 sed
1375 2997 1452 3044 oum
1468 2980 1565 3044 suevi
1577 2979 1697 3060 odore;

153 3082 226 3148 καθ’
236 3082 406 3149 ὑπόστασιν
430 3083 549 3168 ἥνωται
563 3081 672 3168 Λόγῳ·
695 3085 751 3149 καὶ
765 3085 793 3149 εἰ
814 3085 901 3170 γάλα
944 3085 1071 3149 etenim
1087 3083 1300 3150 sanctissimo
1310 3084 1420 3148 Verbo
1427 3101 1486 3166 per
1496 3083 1698 3168 hypostasin

154 3185 196 3266 ὡς
212 3186 373 3272 όνθρωπος
389 3184 474 3273 ἠρία
486 3187 522 3252 τό
534 3194 626 3272 σῶμα
635 3195 756 3273 φαγεῖν,
771 3185 843 3252 ἀλλ’
854 3188 901 3254 ἐν·
944 3190 1073 3254 unitur.
1089 3189 1135 3252 Et
1149 3189 1179 3254 si
1195 3194 1234 3254 ut
1247 3189 1357 3268 homo,
1373 3190 1425 3253 leo
1439 3189 1574 3254 sinebat
1588 3206 1698 3252 corne-

155 3289 294 3376 επλήρου
311 3285 353 3375 ¹³)
369 3290 448 3356 αὐτὸ
464 3290 519 3354 καὶ
541 3289 624 3355 οἶνον
642 3297 699 3374 τῆς
722 3289 836 3356 ἑαυτοῦ
851 3311 900 3356 τε·
944 3292 979 3357 di
1003 3311 1027 3354 o
1051 3309 1199 3373 corpore,
1230 3294 1319 3358 idem
1341 3294 1499 3375 implevit
1520 3295 1603 3357 vino
1627 3295 1699 3376 ipso

153 3393 332 3480 λειότητος·
347 3395 402 3458 καὶ
417 3395 479 3478 γὰρ
502 3393 608 3477 ὥσπερ
627 3391 718 3478 tetre
739 3392 835 3477 γάλα,
851 3397 902 3460 ob·
943 3415 1014 3461 sure
1025 3375 1253 3478 perfeotionis:
1270 3398 1396 3462 etenim
1412 3399 1505 3462 siout
1520 3399 1576 3462 lae
1591 3413 1700 3461 eome-

153 3498 214 3577 τ’ως
229 3501 284 3566 καὶ
298 3499 377 3564 αὐτὸ
399 3497 704 3563 misereremur
726 3496 902 3585 ἐνειργάζε-
945 3502 1005 3584 dit,
1028 3503 1077 3566 ite
1099 3508 1133 3566 et
1158 3503 1248 3567 idem
1271 3500 1415 3586 [vinum]
1439 3506 1473 3566 et
1499 3506 1610 3566 totum
1632 3502 1698 3566 eibi

153 3623 216 3669 ται.
231 3601 344 3669 litteo
367 3602 471 3688 Λόγος
493 3601 602 3668 λοιπόν
618 3604 653 3667 τό
672 3609 764 3687 σῶμα
784 3600 900 3684 λαόὼν,
944 3605 1119 3688 proprium
1134 3603 1278 3668 conficit
1302 3607 1388 3670 Tum
1410 3619 1509 3686 porro
1534 3603 1694 3683 Verbum,

154 3707 379 3793 προσκαλεῖται
394 3711 447 3773 τόν
463 3706 598 3772 παλαιόν
613 3705 692 3773 λαόν
710 3715 843 3792 πρῶτον,
859 3707 901 3786 ὡς
944 3715 1124 3792 postquem
1140 3707 1324 3789 assumpsit
1342 3724 1476 3789 eorpus,
1496 3707 1619 3771 invitat
1633 3707 1700 3788 pri-

154 3821 277 3897 πρῶτον
290 3811 495 3879 σιστιυθέντα
509 3813 550 3877 τόν
564 3809 667 3898 λόγια,
683 3811 735 3876 διό
749 3810 880 3880 τούτων·
945 3829 1040 3875 mum
1062 3814 1211 3874 veterem
1234 3811 1409 3892 populum,
1429 3811 1485 3874 eui
1500 3811 1610 3892 primo
1625 3827 1697 3874 ore-

822 3915 823 3919 ’
944 3913 1162 3981 ouleoredito
1176 3917 1267 3995 suut,
1284 3914 1355 3979 horo
1370 3915 1501 3980 dicens:

199 4019 382 4101 “’Λνόοτοι,
397 4019 479 4104 etos,
503 4019 550 4107 [ἡ]
573 4018 706 4104 πλησίον
729 4041 798 4110 μου,
813 4017 900 4105 καλή
992 4041 1009 4080 α
1032 4023 1152 4100 Surge,
1168 4020 1257 4100 veni,
1280 4021 1435 4102 proxime
1451 4037 1538 4099 meo,
1555 4017 1699 4102 pulchro

157 4130 173 4163 ⁸
188 4147 257 4213 μου,
273 4125 440 4212 ποριστέρα
452 4146 521 4212 μου,
537 4125 584 4190 ότι
595 4125 662 4191 ἰδοὺ
677 4125 694 4190 ό
710 4126 829 4212 χειμὼν
843 4145 902 4190 τια-
948 4147 965 4186 «
988 4142 1074 4205 meu,
1097 4125 1253 4189 columbo
1278 4141 1365 4205 meo,
1389 4125 1471 4206 quie
1488 4141 1564 4187 ecoe
1586 4123 1696 4187 hiems

157 4234 173 4266 ‘⁴
189 4227 342 4318 ρῆλθεν,ό
358 4230 446 4306 bertr
461 4227 612 4316 ἀπῆλθεν,
624 4228 777 4314 impetitu
791 4227 902 4314 ἑαυτῷ·
948 4252 966 4291 e
988 4230 1134 4311 transiit,
1149 4229 1257 4294 imber
1278 4229 1372 4309 obiit,
1395 4229 1533 4294 recessit
1548 4228 1624 4309 sibi,
1637 4226 1695 4292 flo-

189 4484 234 4554 12)
244 4482 328 4539 Ceut
337 4497 401 4539 rm.
417 4483 441 4537 1.
456 4481 542 4552 Vulg.
552 4497 628 4540 Lxx:
641 4483 901 4549 όξονόονὼσονσίμοι.
946 4482 1016 4535 ΝΜ,
1034 4464 1116 4521 ὓᾶῖῐθ
1133 4471 1308 4537 ²¹8¹¹m0¹¹⁴²⁸
1326 4464 1393 4522 f¹²⁸⁸
1411 4463 1545 4538 οιΙ)Οεὶιει
1561 4463 1593 4520 ῙΠ
1610 4463 1697 4520 (100ῑῦ

188 4569 235 4643 13)
247 4569 394 4624 Aoournto
405 4567 523 4640 quidem
542 4566 700 4638 theologie,
718 4583 783 4639 qum
801 4567 902 4623 Mono·
946 4552 1075 4609 ⁶ffiffi0110
1088 4569 1209 4625 ⁰P⁰ffl¹²²
1216 4551 1244 4607 S·
1254 4551 1390 4626 Di⁰¹¹5⁸fl
1400 4552 1488 4608 3¹⁰¹·
1496 4569 1525 4625 P·
1534 4568 1611 4612 ΗΠ
1620 4567 1700 4623 seqq.

153 4655 289 4730 phyeitss
309 4661 372 4711 tum
389 4653 543 4728 perspicue
560 4653 683 4728 respicit
704 4654 758 4726 (no
779 4669 842 4709 rem
866 4653 902 4710 de
946 4641 1058 4698 3⁰1³oe-
1080 4640 1158 4695 1790·
1181 4638 1238 4695 Sed
1255 4638 1437 4712 gravissimo
1454 4637 1588 4713 peooevit
1604 4638 1700 4735 Λὲοτ-

154 4745 279 4812 Omitte
289 4741 444 4813 ieoeseem)
454 4745 488 4796 ut
498 4757 586 4796 oense
596 4739 636 4796 eit
648 4757 700 4796 our
709 4739 796 4796 focile
807 4739 846 4796 ed
858 4757 902 4797 se·
946 4742 1009 4799 siue
1021 4742 1079 4814 leg,
1091 4743 1119 4806 όξ
1132 4744 1253 4810 οὐρανοῦ,
1265 4740 1436 4814 oompondio
1452 4739 1591 4813 deeeptus
1606 4761 1679 4798 ανον.

154 4830 248 4886 riores
260 4829 324 4884 hree
341 4827 448 4899 uliquis
461 4825 580 4882 referet.
590 4824 689 4882 Nolim
698 4830 797 4882 tumen
809 4826 903 4900 suspi-
982 4828 1027 4901 14)
1040 4827 1124 4884 Gent.
1138 4845 1166 4897 v,
1180 4828 1204 4884 1.
1217 4826 1280 4883 οοό.
1296 4826 1388 4883 hebet
1398 4829 1572 4898 Ἐτρόγηοαν.
1586 4860 1621 4870 -
1633 4846 1697 4890 m

155 4916 269 4974 oionem
280 4913 517 4988 interpolationis
538 4913 626 4969 nimie
648 4911 829 4969 eommodem
839 4930 901 4968 mo-
947 4918 1061 4983 σμύρναν
1073 4931 1131 4982 ρον.
1143 4911 1215 4969 Mox
1226 4913 1335 4970 Maure.
1349 4930 1405 4970 om
1418 4915 1466 4982 τὴν
1477 4919 1570 4969 κτίσιν.

156 4998 647 5073 vere,n0quevoootAnteniooenes
657 4997 902 5072 didewoliesplo·
982 5000 1028 5073 15)
1040 4999 1110 5056 (iod.
1128 4999 1227 5073 inepte
1245 5001 1264 5054 α
1281 5002 1344 5054 ἀλλ’
1361 5002 1502 5068 multipes.
1520 4999 1616 5055 Penio
1631 5004 1700 5073 poet

156 5089 223 5144 nine
241 5093 476 5160 exenteremus
494 5087 545 5144 ulii
563 5087 594 5144 in
611 5085 710 5162 eprioo
730 5089 901 5160 posueruut.
946 5088 1090 5153 οόνυςιιαι
1106 5089 1185 5156 πλοῦ,
1203 5083 1271 5141 (lein
1289 5087 1391 5142 λωτόν.
1403 5084 1448 5142 Gi.
1466 5085 1552 5142 Rom.
1564 5103 1617 5159 vn,
1628 5089 1655 5158 2,
1667 5093 1699 5143 et

157 5174 268 5232 Saltem
277 5191 336 5231 non
344 5175 446 5248 pigeat
458 5191 607 5232 morosum
615 5173 651 5232 do
663 5175 788 5242 θιοτόαρ
801 5189 901 5229 οοωοο·
945 5178 1018 5230 note
1029 5171 1116 5230 lectis
1128 5189 1181 5246 pro
1193 5187 1316 5246 ool-pore
1328 5169 1440 5228 Christi
1454 5171 1635 5244 ellegorim.
1692 5218 1696 5227 .
