<?xml version="1.0" encoding="UTF-8"?>
<!DOCTYPE html PUBLIC "-//W3C//DTD XHTML 1.0 Transitional//EN"
    "http://www.w3.org/TR/xhtml1/DTD/xhtml1-transitional.dtd">
<html xmlns="http://www.w3.org/1999/xhtml" xml:lang="en" lang="en">
 <head>
  <title>
</title>
<meta http-equiv="Content-Type" content="text/html;charset=utf-8" />
  <meta name='ocr-system' content='tesseract 3.04.00' />
  <meta name='ocr-capabilities' content='ocr_page ocr_carea ocr_par ocr_line ocrx_word'/>
</head>
<body>
  <div class='ocr_page' id='page_1' title='image "./analectasacrasp00pitrgoog_0630.png"; bbox 0 0 3966 6104; ppageno 0'>
   <div class='ocr_carea' id='block_1_1' title="bbox 704 495 1698 563">
    <p class='ocr_par' dir='ltr' id='par_1_1' title="bbox 704 495 1698 563">
     <span class='ocr_line' id='line_1_1' title="bbox 704 495 1698 563; baseline -0.005 0"><span class='ocrx_word' id='word_1_1' title='bbox 704 539 705 547; x_wconf 63' lang='lat'><strong>.</strong></span> <span class='ocrx_word' id='word_1_2' title='bbox 788 499 852 563; x_wconf 88' lang='grc' dir='ltr'><strong>ΕΡ.</strong></span> <span class='ocrx_word' id='word_1_3' title='bbox 868 497 922 562; x_wconf 84' lang='grc' dir='ltr'><strong>ΕΤ</strong></span> <span class='ocrx_word' id='word_1_4' title='bbox 938 497 1064 561; x_wconf 83' lang='lat' dir='ltr'><strong>MART.</strong></span> <span class='ocrx_word' id='word_1_5' title='bbox 1635 495 1698 558; x_wconf 81' lang='lat'><strong>617</strong></span> 
     </span>
    </p>
   </div>
   <div class='ocr_carea' id='block_1_2' title="bbox 146 630 1701 1861">
    <p class='ocr_par' dir='ltr' id='par_1_2' title="bbox 152 630 1701 822">
     <span class='ocr_line' id='line_1_2' title="bbox 153 630 1701 716; baseline -0.003 -18"><span class='ocrx_word' id='word_1_6' title='bbox 153 633 279 716; x_wconf 89' lang='lat' dir='ltr'><strong>quibus</strong></span> <span class='ocrx_word' id='word_1_7' title='bbox 291 631 487 715; x_wconf 88' lang='lat' dir='ltr'><strong>inundatur,</strong></span> <span class='ocrx_word' id='word_1_8' title='bbox 499 634 548 699; x_wconf 87' lang='lat' dir='ltr'><strong>sio</strong></span> <span class='ocrx_word' id='word_1_9' title='bbox 559 635 724 716; x_wconf 89' lang='lat' dir='ltr'><strong>serpentis</strong></span> <span class='ocrx_word' id='word_1_10' title='bbox 740 634 907 698; x_wconf 90' lang='lat' dir='ltr'><strong>malitiam</strong></span> <span class='ocrx_word' id='word_1_11' title='bbox 954 633 1106 716; x_wconf 81' lang='lat' dir='ltr'><strong>exposcit</strong></span> <span class='ocrx_word' id='word_1_12' title='bbox 1125 649 1183 696; x_wconf 89' lang='lat' dir='ltr'><strong>cor</strong></span> <span class='ocrx_word' id='word_1_13' title='bbox 1202 647 1338 713; x_wconf 89' lang='lat' dir='ltr'><strong>purum,</strong></span> <span class='ocrx_word' id='word_1_14' title='bbox 1363 634 1401 694; x_wconf 91' lang='lat' dir='ltr'><strong>ut</strong></span> <span class='ocrx_word' id='word_1_15' title='bbox 1423 631 1531 695; x_wconf 89' lang='lat' dir='ltr'><strong>sancti</strong></span> <span class='ocrx_word' id='word_1_16' title='bbox 1554 630 1701 713; x_wconf 83' lang='lat' dir='ltr'><strong>spiritus</strong></span> 
     </span>
     <span class='ocr_line' id='line_1_3' title="bbox 152 736 1250 822; baseline -0.002 -21"><span class='ocrx_word' id='word_1_17' title='bbox 152 755 220 801; x_wconf 93' lang='lat' dir='ltr'><strong>non</strong></span> <span class='ocrx_word' id='word_1_18' title='bbox 243 739 370 802; x_wconf 89' lang='lat' dir='ltr'><strong>satiant</strong></span> <span class='ocrx_word' id='word_1_19' title='bbox 391 740 515 802; x_wconf 78' lang='lat' dir='ltr'><strong>animm</strong></span> <span class='ocrx_word' id='word_1_20' title='bbox 538 756 623 821; x_wconf 89' lang='lat' dir='ltr'><strong>quas</strong></span> <span class='ocrx_word' id='word_1_21' title='bbox 645 739 682 802; x_wconf 90' lang='lat' dir='ltr'><strong>iu</strong></span> <span class='ocrx_word' id='word_1_22' title='bbox 705 738 906 822; x_wconf 81' lang='lat' dir='ltr'><strong>perditionis</strong></span> <span class='ocrx_word' id='word_1_23' title='bbox 952 737 1164 802; x_wconf 86' lang='lat' dir='ltr'><strong>domicilium</strong></span> <span class='ocrx_word' id='word_1_24' title='bbox 1179 736 1250 800; x_wconf 90' lang='lat' dir='ltr'><strong>fiat.</strong></span> 
     </span>
    </p>

    <p class='ocr_par' dir='ltr' id='par_1_3' title="bbox 151 839 1360 932">
     <span class='ocr_line' id='line_1_4' title="bbox 151 839 1360 932; baseline 0.003 -29"><span class='ocrx_word' id='word_1_25' title='bbox 151 842 352 920; x_wconf 85' lang='lat' dir='ltr'><strong>voraginem</strong></span> <span class='ocrx_word' id='word_1_26' title='bbox 368 841 544 907; x_wconf 84' lang='lat' dir='ltr'><strong>intrudit...</strong></span> <span class='ocrx_word' id='word_1_27' title='bbox 556 839 616 906; x_wconf 92' lang='lat' dir='ltr'><strong>sed</strong></span> <span class='ocrx_word' id='word_1_28' title='bbox 630 841 738 906; x_wconf 87' lang='lat' dir='ltr'><strong>vincit</strong></span> <span class='ocrx_word' id='word_1_29' title='bbox 753 841 906 906; x_wconf 83' lang='lat' dir='ltr'><strong>Christus</strong></span> <span class='ocrx_word' id='word_1_30' title='bbox 1288 871 1360 932; x_wconf 40' lang='lat' dir='ltr'><strong>VH·</strong></span> 
     </span>
    </p>

    <p class='ocr_par' dir='ltr' id='par_1_4' title="bbox 146 943 1698 1861">
     <span class='ocr_line' id='line_1_5' title="bbox 148 943 903 1025; baseline 0.003 -17"><span class='ocrx_word' id='word_1_31' title='bbox 148 943 247 1025; x_wconf 87' lang='lat' dir='ltr'><strong>cujus</strong></span> <span class='ocrx_word' id='word_1_32' title='bbox 271 945 416 1024; x_wconf 79' lang='lat' dir='ltr'><strong>gloriam</strong></span> <span class='ocrx_word' id='word_1_33' title='bbox 439 946 516 1010; x_wconf 88' lang='lat' dir='ltr'><strong>coeli</strong></span> <span class='ocrx_word' id='word_1_34' title='bbox 540 950 710 1010; x_wconf 80' lang='lat' dir='ltr'><strong>enarrant.</strong></span> <span class='ocrx_word' id='word_1_35' title='bbox 736 947 844 1010; x_wconf 82' lang='lat' dir='ltr'><strong>Juxta</strong></span> <span class='ocrx_word' id='word_1_36' title='bbox 870 964 903 1010; x_wconf 88' lang='lat' dir='ltr'><strong>e·</strong></span> 
     </span>
     <span class='ocr_line' id='line_1_6' title="bbox 149 1046 906 1132; baseline 0.001 -21"><span class='ocrx_word' id='word_1_37' title='bbox 149 1049 222 1113; x_wconf 93' lang='lat' dir='ltr'><strong>nim</strong></span> <span class='ocrx_word' id='word_1_38' title='bbox 237 1049 428 1130; x_wconf 90' lang='lat' dir='ltr'><strong>apostolum</strong></span> <span class='ocrx_word' id='word_1_39' title='bbox 447 1046 559 1132; x_wconf 78' lang='lat' dir='ltr'><strong>(Hebr.</strong></span> <span class='ocrx_word' id='word_1_40' title='bbox 586 1047 661 1132; x_wconf 85' lang='grc'><strong>1-3),</strong></span> <span class='ocrx_word' id='word_1_41' title='bbox 681 1048 835 1113; x_wconf 87' lang='lat' dir='ltr'><strong>Christus</strong></span> <span class='ocrx_word' id='word_1_42' title='bbox 854 1053 906 1113; x_wconf 89' lang='lat' dir='ltr'><strong>est</strong></span> 
     </span>
     <span class='ocr_line' id='line_1_7' title="bbox 149 1150 1697 1236; baseline -0.001 -20"><span class='ocrx_word' id='word_1_43' title='bbox 149 1152 308 1233; x_wconf 90' lang='lat' dir='ltr'><strong>splendor</strong></span> <span class='ocrx_word' id='word_1_44' title='bbox 319 1154 438 1231; x_wconf 85' lang='lat' dir='ltr'><strong>gloriae</strong></span> <span class='ocrx_word' id='word_1_45' title='bbox 449 1159 611 1236; x_wconf 77' lang='lat' dir='ltr'><strong>paternae,</strong></span> <span class='ocrx_word' id='word_1_46' title='bbox 626 1151 767 1234; x_wconf 88' lang='lat' dir='ltr'><strong>ejusque</strong></span> <span class='ocrx_word' id='word_1_47' title='bbox 780 1154 902 1233; x_wconf 90' lang='lat' dir='ltr'><strong>gloria,</strong></span> <span class='ocrx_word' id='word_1_48' title='bbox 992 1156 1122 1220; x_wconf 86' lang='lat' dir='ltr'><strong>Passim</strong></span> <span class='ocrx_word' id='word_1_49' title='bbox 1140 1155 1175 1218; x_wconf 92' lang='lat' dir='ltr'><strong>in</strong></span> <span class='ocrx_word' id='word_1_50' title='bbox 1198 1154 1318 1218; x_wconf 90' lang='lat' dir='ltr'><strong>iisdem</strong></span> <span class='ocrx_word' id='word_1_51' title='bbox 1333 1152 1426 1216; x_wconf 89' lang='lat' dir='ltr'><strong>codd.</strong></span> <span class='ocrx_word' id='word_1_52' title='bbox 1450 1153 1524 1218; x_wconf 90' lang='lat' dir='ltr'><strong>loca</strong></span> <span class='ocrx_word' id='word_1_53' title='bbox 1538 1150 1697 1235; x_wconf 80' lang='lat' dir='ltr'><strong>quedam</strong></span> 
     </span>
     <span class='ocr_line' id='line_1_8' title="bbox 148 1257 1696 1340; baseline 0 -20"><span class='ocrx_word' id='word_1_54' title='bbox 148 1258 422 1338; x_wconf 90' lang='lat' dir='ltr'><strong>quibuscumque</strong></span> <span class='ocrx_word' id='word_1_55' title='bbox 437 1259 559 1322; x_wconf 88' lang='lat' dir='ltr'><strong>creatis</strong></span> <span class='ocrx_word' id='word_1_56' title='bbox 576 1262 610 1320; x_wconf 90' lang='lat' dir='ltr'><strong>et</strong></span> <span class='ocrx_word' id='word_1_57' title='bbox 628 1257 788 1322; x_wconf 82' lang='lat' dir='ltr'><strong>universo</strong></span> <span class='ocrx_word' id='word_1_58' title='bbox 804 1275 901 1320; x_wconf 92' lang='lat' dir='ltr'><strong>muu·</strong></span> <span class='ocrx_word' id='word_1_59' title='bbox 947 1278 989 1324; x_wconf 86' lang='lat' dir='ltr'><strong>ex</strong></span> <span class='ocrx_word' id='word_1_60' title='bbox 1012 1260 1136 1324; x_wconf 84' lang='lat' dir='ltr'><strong>Genesi</strong></span> <span class='ocrx_word' id='word_1_61' title='bbox 1164 1263 1390 1340; x_wconf 79' lang='lat' dir='ltr'><strong>exponuntur,</strong></span> <span class='ocrx_word' id='word_1_62' title='bbox 1415 1258 1538 1320; x_wconf 91' lang='lat' dir='ltr'><strong>omisso</strong></span> <span class='ocrx_word' id='word_1_63' title='bbox 1568 1257 1696 1322; x_wconf 88' lang='lat' dir='ltr'><strong>biblico</strong></span> 
     </span>
     <span class='ocr_line' id='line_1_9' title="bbox 149 1359 1698 1446; baseline 0.001 -22"><span class='ocrx_word' id='word_1_64' title='bbox 149 1361 192 1424; x_wconf 92' lang='lat' dir='ltr'><strong>do</strong></span> <span class='ocrx_word' id='word_1_65' title='bbox 210 1363 446 1442; x_wconf 78' lang='lat' dir='ltr'><strong>praestantior3</strong></span> <span class='ocrx_word' id='word_1_66' title='bbox 471 1367 510 1425; x_wconf 93' lang='lat' dir='ltr'><strong>ut</strong></span> <span class='ocrx_word' id='word_1_67' title='bbox 525 1362 585 1443; x_wconf 90' lang='lat' dir='ltr'><strong>qui</strong></span> <span class='ocrx_word' id='word_1_68' title='bbox 599 1379 620 1424; x_wconf 91' lang='lat' dir='ltr'><strong>a</strong></span> <span class='ocrx_word' id='word_1_69' title='bbox 636 1361 783 1440; x_wconf 88' lang='lat' dir='ltr'><strong>nemine,</strong></span> <span class='ocrx_word' id='word_1_70' title='bbox 806 1359 900 1425; x_wconf 88' lang='lat' dir='ltr'><strong>seda</strong></span> <span class='ocrx_word' id='word_1_71' title='bbox 944 1370 1051 1446; x_wconf 81' lang='lat' dir='ltr'><strong>textu,</strong></span> <span class='ocrx_word' id='word_1_72' title='bbox 1071 1364 1163 1428; x_wconf 90' lang='lat' dir='ltr'><strong>haud</strong></span> <span class='ocrx_word' id='word_1_73' title='bbox 1185 1365 1260 1427; x_wconf 90' lang='lat' dir='ltr'><strong>sine</strong></span> <span class='ocrx_word' id='word_1_74' title='bbox 1284 1365 1391 1427; x_wconf 90' lang='lat' dir='ltr'><strong>multa</strong></span> <span class='ocrx_word' id='word_1_75' title='bbox 1414 1362 1620 1427; x_wconf 81' lang='lat' dir='ltr'><strong>scholiorum</strong></span> <span class='ocrx_word' id='word_1_76' title='bbox 1643 1367 1698 1425; x_wconf 88' lang='lat' dir='ltr'><strong>tu·</strong></span> 
     </span>
     <span class='ocr_line' id='line_1_10' title="bbox 148 1465 1697 1548; baseline 0 -20"><span class='ocrx_word' id='word_1_77' title='bbox 148 1466 220 1530; x_wconf 89' lang='lat' dir='ltr'><strong>solo</strong></span> <span class='ocrx_word' id='word_1_78' title='bbox 243 1467 343 1529; x_wconf 88' lang='lat' dir='ltr'><strong>Patre</strong></span> <span class='ocrx_word' id='word_1_79' title='bbox 365 1465 512 1543; x_wconf 79' lang='lat' dir='ltr'><strong>gloriam</strong></span> <span class='ocrx_word' id='word_1_80' title='bbox 532 1465 661 1547; x_wconf 87' lang='lat' dir='ltr'><strong>recipit.</strong></span> <span class='ocrx_word' id='word_1_81' title='bbox 686 1465 846 1548; x_wconf 48' lang='lat' dir='ltr'><strong>Gloriam,</strong></span> <span class='ocrx_word' id='word_1_82' title='bbox 860 1466 900 1530; x_wconf 94' lang='lat' dir='ltr'><strong>il·</strong></span> <span class='ocrx_word' id='word_1_83' title='bbox 943 1468 1066 1530; x_wconf 91' lang='lat' dir='ltr'><strong>multu.</strong></span> <span class='ocrx_word' id='word_1_84' title='bbox 1083 1466 1218 1530; x_wconf 83' lang='lat' dir='ltr'><strong>hlicubi</strong></span> <span class='ocrx_word' id='word_1_85' title='bbox 1241 1465 1282 1530; x_wconf 88' lang='lat' dir='ltr'><strong>de</strong></span> <span class='ocrx_word' id='word_1_86' title='bbox 1298 1465 1514 1530; x_wconf 89' lang='lat' dir='ltr'><strong>cherubineis</strong></span> <span class='ocrx_word' id='word_1_87' title='bbox 1536 1466 1697 1546; x_wconf 87' lang='lat' dir='ltr'><strong>imagini·</strong></span> 
     </span>
     <span class='ocr_line' id='line_1_11' title="bbox 147 1569 1611 1651; baseline -0.003 -16"><span class='ocrx_word' id='word_1_88' title='bbox 147 1573 216 1635; x_wconf 90' lang='lat' dir='ltr'><strong>lam</strong></span> <span class='ocrx_word' id='word_1_89' title='bbox 229 1573 390 1634; x_wconf 81' lang='lat' dir='ltr'><strong>enarrant</strong></span> <span class='ocrx_word' id='word_1_90' title='bbox 402 1571 489 1648; x_wconf 88' lang='lat' dir='ltr'><strong>coeli,</strong></span> <span class='ocrx_word' id='word_1_91' title='bbox 501 1569 599 1633; x_wconf 88' lang='lat' dir='ltr'><strong>idest</strong></span> <span class='ocrx_word' id='word_1_92' title='bbox 610 1569 738 1649; x_wconf 85' lang='lat' dir='ltr'><strong>angeli,</strong></span> <span class='ocrx_word' id='word_1_93' title='bbox 749 1585 896 1649; x_wconf 90' lang='lat' dir='ltr'><strong>quorum</strong></span> <span class='ocrx_word' id='word_1_94' title='bbox 941 1570 1006 1634; x_wconf 90' lang='lat' dir='ltr'><strong>bus</strong></span> <span class='ocrx_word' id='word_1_95' title='bbox 1021 1570 1224 1651; x_wconf 87' lang='lat' dir='ltr'><strong>disputatur,</strong></span> <span class='ocrx_word' id='word_1_96' title='bbox 1241 1570 1323 1633; x_wconf 91' lang='lat' dir='ltr'><strong>alibi</strong></span> <span class='ocrx_word' id='word_1_97' title='bbox 1340 1569 1380 1633; x_wconf 91' lang='lat' dir='ltr'><strong>de</strong></span> <span class='ocrx_word' id='word_1_98' title='bbox 1395 1570 1533 1648; x_wconf 86' lang='lat' dir='ltr'><strong>Magog,</strong></span> <span class='ocrx_word' id='word_1_99' title='bbox 1549 1575 1611 1633; x_wconf 89' lang='lat' dir='ltr'><strong>etc.</strong></span> 
     </span>
     <span class='ocr_line' id='line_1_12' title="bbox 146 1673 1692 1758; baseline -0.003 -20"><span class='ocrx_word' id='word_1_100' title='bbox 146 1674 354 1758; x_wconf 84' lang='lat' dir='ltr'><strong>praecouium</strong></span> <span class='ocrx_word' id='word_1_101' title='bbox 384 1675 559 1755; x_wconf 86' lang='lat' dir='ltr'><strong>auspicata</strong></span> <span class='ocrx_word' id='word_1_102' title='bbox 589 1677 641 1738; x_wconf 87' lang='lat' dir='ltr'><strong>est</strong></span> <span class='ocrx_word' id='word_1_103' title='bbox 672 1674 728 1736; x_wconf 88' lang='lat' dir='ltr'><strong>lex</strong></span> <span class='ocrx_word' id='word_1_104' title='bbox 762 1673 896 1757; x_wconf 84' lang='lat' dir='ltr'><strong>Moysis,</strong></span> <span class='ocrx_word' id='word_1_105' title='bbox 985 1676 1209 1739; x_wconf 85' lang='lat' dir='ltr'><strong>consentiunt</strong></span> <span class='ocrx_word' id='word_1_106' title='bbox 1237 1674 1456 1754; x_wconf 89' lang='lat' dir='ltr'><strong>Palaeoslavi,</strong></span> <span class='ocrx_word' id='word_1_107' title='bbox 1488 1674 1692 1736; x_wconf 86' lang='lat' dir='ltr'><strong>recentiores</strong></span> 
     </span>
     <span class='ocr_line' id='line_1_13' title="bbox 147 1776 1692 1861; baseline -0.004 -16"><span class='ocrx_word' id='word_1_108' title='bbox 147 1798 224 1861; x_wconf 77' lang='lat' dir='ltr'><strong>quae</strong></span> <span class='ocrx_word' id='word_1_109' title='bbox 246 1779 418 1843; x_wconf 83' lang='lat' dir='ltr'><strong>christum</strong></span> <span class='ocrx_word' id='word_1_110' title='bbox 441 1778 599 1860; x_wconf 80' lang='lat' dir='ltr'><strong>praedixit</strong></span> <span class='ocrx_word' id='word_1_111' title='bbox 620 1782 654 1840; x_wconf 89' lang='lat' dir='ltr'><strong>et</strong></span> <span class='ocrx_word' id='word_1_112' title='bbox 668 1794 729 1859; x_wconf 89' lang='lat' dir='ltr'><strong>per</strong></span> <span class='ocrx_word' id='word_1_113' title='bbox 752 1778 895 1857; x_wconf 80' lang='lat' dir='ltr'><strong>angelos</strong></span> <span class='ocrx_word' id='word_1_114' title='bbox 943 1796 1016 1843; x_wconf 86' lang='lat' dir='ltr'><strong>esse</strong></span> <span class='ocrx_word' id='word_1_115' title='bbox 1032 1777 1188 1842; x_wconf 90' lang='lat' dir='ltr'><strong>codicum</strong></span> <span class='ocrx_word' id='word_1_116' title='bbox 1204 1778 1400 1858; x_wconf 88' lang='lat' dir='ltr'><strong>scripturas,</strong></span> <span class='ocrx_word' id='word_1_117' title='bbox 1416 1776 1574 1840; x_wconf 82' lang='lat' dir='ltr'><strong>asaeculo</strong></span> <span class='ocrx_word' id='word_1_118' title='bbox 1590 1793 1637 1839; x_wconf 87' lang='lat' dir='ltr'><strong>xv</strong></span> <span class='ocrx_word' id='word_1_119' title='bbox 1650 1776 1692 1839; x_wconf 90' lang='lat' dir='ltr'><strong>ad</strong></span> 
     </span>
    </p>
   </div>
   <div class='ocr_carea' id='block_1_3' title="bbox 1103 1001 1540 1070">
    <p class='ocr_par' dir='ltr' id='par_1_5' title="bbox 1103 1001 1540 1070">
     <span class='ocr_line' id='line_1_14' title="bbox 1103 1001 1540 1070; baseline -0.014 -1"><span class='ocrx_word' id='word_1_120' title='bbox 1103 1003 1365 1070; x_wconf 71' lang='lat' dir='ltr'><strong>Miscellaneam</strong></span> <span class='ocrx_word' id='word_1_121' title='bbox 1383 1001 1540 1070; x_wconf 60' lang='lat' dir='ltr'><strong>demunt.</strong></span> 
     </span>
    </p>
   </div>
   <div class='ocr_carea' id='block_1_4' title="bbox 144 1881 1699 3008">
    <p class='ocr_par' dir='ltr' id='par_1_6' title="bbox 145 1881 1699 2486">
     <span class='ocr_line' id='line_1_15' title="bbox 147 1881 1699 1963; baseline -0.001 -19"><span class='ocrx_word' id='word_1_122' title='bbox 147 1882 226 1945; x_wconf 87' lang='lat' dir='ltr'><strong>data</strong></span> <span class='ocrx_word' id='word_1_123' title='bbox 248 1887 308 1945; x_wconf 90' lang='lat' dir='ltr'><strong>est.</strong></span> <span class='ocrx_word' id='word_1_124' title='bbox 325 1882 479 1960; x_wconf 79' lang='lat' dir='ltr'><strong>Angelus</strong></span> <span class='ocrx_word' id='word_1_125' title='bbox 501 1896 636 1963; x_wconf 90' lang='lat' dir='ltr'><strong>quoque</strong></span> <span class='ocrx_word' id='word_1_126' title='bbox 659 1882 835 1946; x_wconf 87' lang='lat' dir='ltr'><strong>nuntiavit</strong></span> <span class='ocrx_word' id='word_1_127' title='bbox 857 1899 898 1946; x_wconf 91' lang='lat' dir='ltr'><strong>ea</strong></span> <span class='ocrx_word' id='word_1_128' title='bbox 944 1897 1027 1962; x_wconf 83' lang='lat' dir='ltr'><strong>xvu,</strong></span> <span class='ocrx_word' id='word_1_129' title='bbox 1055 1881 1114 1946; x_wconf 86' lang='lat' dir='ltr'><strong>sed</strong></span> <span class='ocrx_word' id='word_1_130' title='bbox 1136 1883 1294 1960; x_wconf 87' lang='lat' dir='ltr'><strong>linguam</strong></span> <span class='ocrx_word' id='word_1_131' title='bbox 1322 1897 1395 1944; x_wconf 91' lang='lat' dir='ltr'><strong>esse</strong></span> <span class='ocrx_word' id='word_1_132' title='bbox 1418 1881 1699 1960; x_wconf 89' lang='lat' dir='ltr'><strong>vetustissimam,</strong></span> 
     </span>
     <span class='ocr_line' id='line_1_16' title="bbox 147 1983 1697 2069; baseline 0 -20"><span class='ocrx_word' id='word_1_133' title='bbox 147 2003 223 2068; x_wconf 85' lang='lat' dir='ltr'><strong>quae</strong></span> <span class='ocrx_word' id='word_1_134' title='bbox 249 1991 403 2049; x_wconf 82' lang='lat' dir='ltr'><strong>ventura</strong></span> <span class='ocrx_word' id='word_1_135' title='bbox 422 1988 519 2048; x_wconf 88' lang='lat' dir='ltr'><strong>erant</strong></span> <span class='ocrx_word' id='word_1_136' title='bbox 544 1983 725 2063; x_wconf 82' lang='lat' dir='ltr'><strong>Ezechieli,</strong></span> <span class='ocrx_word' id='word_1_137' title='bbox 751 1986 896 2068; x_wconf 87' lang='lat' dir='ltr'><strong>Danieli,</strong></span> <span class='ocrx_word' id='word_1_138' title='bbox 944 2005 1021 2069; x_wconf 83' lang='lat' dir='ltr'><strong>quae</strong></span> <span class='ocrx_word' id='word_1_139' title='bbox 1052 1985 1157 2050; x_wconf 88' lang='lat' dir='ltr'><strong>densa</strong></span> <span class='ocrx_word' id='word_1_140' title='bbox 1187 1987 1338 2066; x_wconf 87' lang='lat' dir='ltr'><strong>caligine</strong></span> <span class='ocrx_word' id='word_1_141' title='bbox 1378 1985 1598 2066; x_wconf 83' lang='lat' dir='ltr'><strong>suffunditur,</strong></span> <span class='ocrx_word' id='word_1_142' title='bbox 1629 2003 1697 2050; x_wconf 94' lang='lat' dir='ltr'><strong>non</strong></span> 
     </span>
     <span class='ocr_line' id='line_1_17' title="bbox 145 2089 1697 2171; baseline -0.001 -18"><span class='ocrx_word' id='word_1_143' title='bbox 145 2089 326 2167; x_wconf 77' lang='lat' dir='ltr'><strong>Zacharia,</strong></span> <span class='ocrx_word' id='word_1_144' title='bbox 349 2090 548 2169; x_wconf 78' lang='lat' dir='ltr'><strong>caterisque</strong></span> <span class='ocrx_word' id='word_1_145' title='bbox 579 2089 761 2170; x_wconf 90' lang='lat' dir='ltr'><strong>prophetis.</strong></span> <span class='ocrx_word' id='word_1_146' title='bbox 785 2090 899 2168; x_wconf 78' lang='lat' dir='ltr'><strong>Ange·</strong></span> <span class='ocrx_word' id='word_1_147' title='bbox 943 2090 1060 2171; x_wconf 88' lang='lat' dir='ltr'><strong>paucis</strong></span> <span class='ocrx_word' id='word_1_148' title='bbox 1084 2090 1266 2154; x_wconf 90' lang='lat' dir='ltr'><strong>intricatur</strong></span> <span class='ocrx_word' id='word_1_149' title='bbox 1287 2090 1437 2168; x_wconf 82' lang='lat' dir='ltr'><strong>lacunis3</strong></span> <span class='ocrx_word' id='word_1_150' title='bbox 1461 2090 1571 2151; x_wconf 89' lang='lat' dir='ltr'><strong>multa</strong></span> <span class='ocrx_word' id='word_1_151' title='bbox 1593 2089 1697 2152; x_wconf 89' lang='lat' dir='ltr'><strong>verba</strong></span> 
     </span>
     <span class='ocr_line' id='line_1_18' title="bbox 146 2193 1697 2274; baseline -0.001 -16"><span class='ocrx_word' id='word_1_152' title='bbox 146 2195 201 2258; x_wconf 93' lang='lat' dir='ltr'><strong>lus</strong></span> <span class='ocrx_word' id='word_1_153' title='bbox 214 2194 353 2272; x_wconf 82' lang='lat' dir='ltr'><strong>Virgini</strong></span> <span class='ocrx_word' id='word_1_154' title='bbox 371 2193 547 2257; x_wconf 84' lang='lat' dir='ltr'><strong>nuntiavit</strong></span> <span class='ocrx_word' id='word_1_155' title='bbox 568 2197 770 2274; x_wconf 87' lang='lat' dir='ltr'><strong>conceptum</strong></span> <span class='ocrx_word' id='word_1_156' title='bbox 785 2194 899 2258; x_wconf 85' lang='lat' dir='ltr'><strong>Salva·</strong></span> <span class='ocrx_word' id='word_1_157' title='bbox 943 2211 1055 2274; x_wconf 84' lang='lat' dir='ltr'><strong>graece</strong></span> <span class='ocrx_word' id='word_1_158' title='bbox 1078 2196 1365 2274; x_wconf 82' lang='lat' dir='ltr'><strong>intermiscentur,</strong></span> <span class='ocrx_word' id='word_1_159' title='bbox 1381 2198 1442 2258; x_wconf 89' lang='lat' dir='ltr'><strong>aut</strong></span> <span class='ocrx_word' id='word_1_160' title='bbox 1463 2196 1618 2258; x_wconf 83' lang='lat' dir='ltr'><strong>versione</strong></span> <span class='ocrx_word' id='word_1_161' title='bbox 1641 2212 1697 2257; x_wconf 91' lang='lat' dir='ltr'><strong>ca·</strong></span> 
     </span>
     <span class='ocr_line' id='line_1_19' title="bbox 149 2296 1695 2380; baseline 0 -19"><span class='ocrx_word' id='word_1_162' title='bbox 149 2298 243 2361; x_wconf 89' lang='lat' dir='ltr'><strong>toris.</strong></span> <span class='ocrx_word' id='word_1_163' title='bbox 268 2299 393 2376; x_wconf 85' lang='lat' dir='ltr'><strong>Augeli</strong></span> <span class='ocrx_word' id='word_1_164' title='bbox 427 2301 501 2360; x_wconf 92' lang='lat' dir='ltr'><strong>tum</strong></span> <span class='ocrx_word' id='word_1_165' title='bbox 533 2296 679 2359; x_wconf 85' lang='lat' dir='ltr'><strong>maxime</strong></span> <span class='ocrx_word' id='word_1_166' title='bbox 707 2297 743 2359; x_wconf 92' lang='lat' dir='ltr'><strong>in</strong></span> <span class='ocrx_word' id='word_1_167' title='bbox 768 2302 899 2380; x_wconf 90' lang='lat' dir='ltr'><strong>partem</strong></span> <span class='ocrx_word' id='word_1_168' title='bbox 943 2303 1021 2363; x_wconf 92' lang='lat' dir='ltr'><strong>rent</strong></span> <span class='ocrx_word' id='word_1_169' title='bbox 1036 2305 1070 2363; x_wconf 91' lang='lat' dir='ltr'><strong>et</strong></span> <span class='ocrx_word' id='word_1_170' title='bbox 1084 2299 1307 2378; x_wconf 82' lang='lat' dir='ltr'><strong>omittuntur3</strong></span> <span class='ocrx_word' id='word_1_171' title='bbox 1328 2298 1396 2362; x_wconf 90' lang='lat' dir='ltr'><strong>alia</strong></span> <span class='ocrx_word' id='word_1_172' title='bbox 1410 2297 1590 2362; x_wconf 82' lang='lat' dir='ltr'><strong>manifesto</strong></span> <span class='ocrx_word' id='word_1_173' title='bbox 1606 2315 1695 2361; x_wconf 86' lang='lat' dir='ltr'><strong>erro·</strong></span> 
     </span>
     <span class='ocr_line' id='line_1_20' title="bbox 146 2401 1695 2486; baseline 0 -20"><span class='ocrx_word' id='word_1_174' title='bbox 146 2403 343 2466; x_wconf 83' lang='lat' dir='ltr'><strong>mconomiae</strong></span> <span class='ocrx_word' id='word_1_175' title='bbox 358 2401 598 2482; x_wconf 84' lang='lat' dir='ltr'><strong>redemptionis</strong></span> <span class='ocrx_word' id='word_1_176' title='bbox 614 2401 740 2482; x_wconf 90' lang='lat' dir='ltr'><strong>recepti</strong></span> <span class='ocrx_word' id='word_1_177' title='bbox 755 2407 845 2466; x_wconf 91' lang='lat' dir='ltr'><strong>sunt.</strong></span> <span class='ocrx_word' id='word_1_178' title='bbox 942 2421 979 2467; x_wconf 90' lang='lat' dir='ltr'><strong>re</strong></span> <span class='ocrx_word' id='word_1_179' title='bbox 991 2407 1052 2466; x_wconf 93' lang='lat' dir='ltr'><strong>aut</strong></span> <span class='ocrx_word' id='word_1_180' title='bbox 1064 2404 1179 2484; x_wconf 88' lang='lat' dir='ltr'><strong>inepta</strong></span> <span class='ocrx_word' id='word_1_181' title='bbox 1190 2402 1334 2467; x_wconf 89' lang='lat' dir='ltr'><strong>lectione</strong></span> <span class='ocrx_word' id='word_1_182' title='bbox 1346 2407 1599 2484; x_wconf 83' lang='lat' dir='ltr'><strong>pervertuntur3</strong></span> <span class='ocrx_word' id='word_1_183' title='bbox 1624 2403 1695 2486; x_wconf 91' lang='lat' dir='ltr'><strong>ple·</strong></span> 
     </span>
    </p>

    <p class='ocr_par' dir='ltr' id='par_1_7' title="bbox 144 2503 1697 3008">
     <span class='ocr_line' id='line_1_21' title="bbox 190 2503 1697 2590; baseline 0.003 -22"><span class='ocrx_word' id='word_1_184' title='bbox 190 2507 377 2587; x_wconf 88' lang='lat' dir='ltr'><strong>Interprete</strong></span> <span class='ocrx_word' id='word_1_185' title='bbox 414 2510 530 2569; x_wconf 90' lang='lat' dir='ltr'><strong>autem</strong></span> <span class='ocrx_word' id='word_1_186' title='bbox 566 2503 746 2586; x_wconf 83' lang='lat' dir='ltr'><strong>Methodio,</strong></span> <span class='ocrx_word' id='word_1_187' title='bbox 783 2505 897 2572; x_wconf 90' lang='lat' dir='ltr'><strong>firma·</strong></span> <span class='ocrx_word' id='word_1_188' title='bbox 942 2527 1047 2590; x_wconf 83' lang='lat' dir='ltr'><strong>reque</strong></span> <span class='ocrx_word' id='word_1_189' title='bbox 1069 2525 1148 2574; x_wconf 91' lang='lat' dir='ltr'><strong>cum</strong></span> <span class='ocrx_word' id='word_1_190' title='bbox 1176 2508 1338 2572; x_wconf 88' lang='lat' dir='ltr'><strong>insolenti</strong></span> <span class='ocrx_word' id='word_1_191' title='bbox 1364 2508 1521 2572; x_wconf 87' lang='lat' dir='ltr'><strong>libertate</strong></span> <span class='ocrx_word' id='word_1_192' title='bbox 1544 2509 1579 2573; x_wconf 93' lang='lat' dir='ltr'><strong>iu</strong></span> <span class='ocrx_word' id='word_1_193' title='bbox 1601 2526 1697 2590; x_wconf 89' lang='lat' dir='ltr'><strong>pere-</strong></span> 
     </span>
     <span class='ocr_line' id='line_1_22' title="bbox 144 2605 1692 2693; baseline 0.001 -20"><span class='ocrx_word' id='word_1_194' title='bbox 144 2615 299 2673; x_wconf 91' lang='lat' dir='ltr'><strong>mentum</strong></span> <span class='ocrx_word' id='word_1_195' title='bbox 316 2613 369 2672; x_wconf 91' lang='lat' dir='ltr'><strong>est</strong></span> <span class='ocrx_word' id='word_1_196' title='bbox 382 2609 544 2688; x_wconf 83' lang='lat' dir='ltr'><strong>Ecclesia,</strong></span> <span class='ocrx_word' id='word_1_197' title='bbox 560 2623 637 2688; x_wconf 83' lang='lat' dir='ltr'><strong>quae</strong></span> <span class='ocrx_word' id='word_1_198' title='bbox 649 2605 750 2687; x_wconf 79' lang='lat' dir='ltr'><strong>juxta</strong></span> <span class='ocrx_word' id='word_1_199' title='bbox 765 2613 898 2690; x_wconf 91' lang='lat' dir='ltr'><strong>aposto·</strong></span> <span class='ocrx_word' id='word_1_200' title='bbox 942 2615 1079 2693; x_wconf 88' lang='lat' dir='ltr'><strong>grinam</strong></span> <span class='ocrx_word' id='word_1_201' title='bbox 1091 2617 1125 2676; x_wconf 92' lang='lat' dir='ltr'><strong>et</strong></span> <span class='ocrx_word' id='word_1_202' title='bbox 1135 2612 1314 2676; x_wconf 90' lang='lat' dir='ltr'><strong>barbaram</strong></span> <span class='ocrx_word' id='word_1_203' title='bbox 1328 2611 1487 2692; x_wconf 90' lang='lat' dir='ltr'><strong>linguam</strong></span> <span class='ocrx_word' id='word_1_204' title='bbox 1499 2617 1692 2676; x_wconf 87' lang='lat' dir='ltr'><strong>transeunt:</strong></span> 
     </span>
     <span class='ocr_line' id='line_1_23' title="bbox 144 2709 1692 2796; baseline 0.001 -20"><span class='ocrx_word' id='word_1_205' title='bbox 144 2714 218 2777; x_wconf 93' lang='lat' dir='ltr'><strong>lum</strong></span> <span class='ocrx_word' id='word_1_206' title='bbox 233 2712 277 2776; x_wconf 91' lang='lat' dir='ltr'><strong>ad</strong></span> <span class='ocrx_word' id='word_1_207' title='bbox 298 2711 515 2777; x_wconf 84' lang='lat' dir='ltr'><strong>Timotheum</strong></span> <span class='ocrx_word' id='word_1_208' title='bbox 538 2709 567 2795; x_wconf 84' lang='lat' dir='ltr'><strong>(l</strong></span> <span class='ocrx_word' id='word_1_209' title='bbox 591 2713 675 2776; x_wconf 83' lang='lat' dir='ltr'><strong>Tim.</strong></span> <span class='ocrx_word' id='word_1_210' title='bbox 693 2730 742 2793; x_wconf 91' lang='lat'><strong>111,</strong></span> <span class='ocrx_word' id='word_1_211' title='bbox 768 2711 819 2796; x_wconf 83' lang='lat'><strong>15)</strong></span> <span class='ocrx_word' id='word_1_212' title='bbox 843 2730 897 2778; x_wconf 91' lang='lat' dir='ltr'><strong>co·</strong></span> <span class='ocrx_word' id='word_1_213' title='bbox 942 2715 1088 2780; x_wconf 86' lang='lat' dir='ltr'><strong>adducta</strong></span> <span class='ocrx_word' id='word_1_214' title='bbox 1099 2715 1190 2796; x_wconf 87' lang='lat' dir='ltr'><strong>apud</strong></span> <span class='ocrx_word' id='word_1_215' title='bbox 1202 2711 1410 2779; x_wconf 87' lang='lat' dir='ltr'><strong>Methodium</strong></span> <span class='ocrx_word' id='word_1_216' title='bbox 1422 2716 1497 2781; x_wconf 90' lang='lat' dir='ltr'><strong>loca</strong></span> <span class='ocrx_word' id='word_1_217' title='bbox 1507 2716 1579 2780; x_wconf 84' lang='lat' dir='ltr'><strong>sive</strong></span> <span class='ocrx_word' id='word_1_218' title='bbox 1595 2733 1692 2780; x_wconf 88' lang='lat' dir='ltr'><strong>sacra</strong></span> 
     </span>
     <span class='ocr_line' id='line_1_24' title="bbox 144 2813 1694 2902; baseline 0.002 -22"><span class='ocrx_word' id='word_1_219' title='bbox 144 2819 263 2880; x_wconf 92' lang='lat' dir='ltr'><strong>lumna</strong></span> <span class='ocrx_word' id='word_1_220' title='bbox 293 2819 345 2879; x_wconf 88' lang='lat' dir='ltr'><strong>est</strong></span> <span class='ocrx_word' id='word_1_221' title='bbox 379 2813 701 2899; x_wconf 84' lang='lat' dir='ltr'><strong>firmamentumque</strong></span> <span class='ocrx_word' id='word_1_222' title='bbox 729 2817 895 2881; x_wconf 82' lang='lat' dir='ltr'><strong>veritatis.</strong></span> <span class='ocrx_word' id='word_1_223' title='bbox 939 2822 1012 2886; x_wconf 89' lang='lat' dir='ltr'><strong>sive</strong></span> <span class='ocrx_word' id='word_1_224' title='bbox 1037 2819 1179 2902; x_wconf 86' lang='lat' dir='ltr'><strong>profana</strong></span> <span class='ocrx_word' id='word_1_225' title='bbox 1205 2819 1422 2900; x_wconf 81' lang='lat' dir='ltr'><strong>excideruut3</strong></span> <span class='ocrx_word' id='word_1_226' title='bbox 1453 2820 1613 2902; x_wconf 86' lang='lat' dir='ltr'><strong>frequens</strong></span> <span class='ocrx_word' id='word_1_227' title='bbox 1640 2823 1694 2886; x_wconf 89' lang='lat' dir='ltr'><strong>est</strong></span> 
     </span>
     <span class='ocr_line' id='line_1_25' title="bbox 144 2919 1692 3008; baseline 0.003 -25"><span class='ocrx_word' id='word_1_228' title='bbox 144 2919 433 2996; x_wconf 88' lang='lat' dir='ltr'><strong>Quemadmodum</strong></span> <span class='ocrx_word' id='word_1_229' title='bbox 456 2920 572 2998; x_wconf 89' lang='lat' dir='ltr'><strong>augeli</strong></span> <span class='ocrx_word' id='word_1_230' title='bbox 596 2923 758 2984; x_wconf 90' lang='lat' dir='ltr'><strong>nuntiant</strong></span> <span class='ocrx_word' id='word_1_231' title='bbox 773 2921 896 2986; x_wconf 88' lang='lat' dir='ltr'><strong>adven·</strong></span> <span class='ocrx_word' id='word_1_232' title='bbox 940 2924 1156 3008; x_wconf 89' lang='lat' dir='ltr'><strong>paraphrasis</strong></span> <span class='ocrx_word' id='word_1_233' title='bbox 1172 2941 1214 2988; x_wconf 87' lang='lat' dir='ltr'><strong>ex</strong></span> <span class='ocrx_word' id='word_1_234' title='bbox 1229 2940 1383 2988; x_wconf 87' lang='lat' dir='ltr'><strong>sermone</strong></span> <span class='ocrx_word' id='word_1_235' title='bbox 1394 2924 1622 2989; x_wconf 89' lang='lat' dir='ltr'><strong>ecclesiastico</strong></span> <span class='ocrx_word' id='word_1_236' title='bbox 1634 2924 1692 2988; x_wconf 91' lang='lat' dir='ltr'><strong>de·</strong></span> 
     </span>
    </p>
   </div>
   <div class='ocr_carea' id='block_1_5' title="bbox 143 3019 1694 3315">
    <p class='ocr_par' dir='ltr' id='par_1_8' title="bbox 143 3019 1694 3315">
     <span class='ocr_line' id='line_1_26' title="bbox 143 3019 1692 3110; baseline 0.001 -21"><span class='ocrx_word' id='word_1_237' title='bbox 143 3031 218 3089; x_wconf 90' lang='lat' dir='ltr'><strong>tum</strong></span> <span class='ocrx_word' id='word_1_238' title='bbox 233 3025 357 3089; x_wconf 81' lang='lat' dir='ltr'><strong>christi</strong></span> <span class='ocrx_word' id='word_1_239' title='bbox 373 3019 409 3088; x_wconf 86' lang='lat' dir='ltr'><strong>iu</strong></span> <span class='ocrx_word' id='word_1_240' title='bbox 430 3029 567 3106; x_wconf 91' lang='lat' dir='ltr'><strong>terram,</strong></span> <span class='ocrx_word' id='word_1_241' title='bbox 583 3025 632 3088; x_wconf 91' lang='lat' dir='ltr'><strong>ita</strong></span> <span class='ocrx_word' id='word_1_242' title='bbox 646 3026 799 3091; x_wconf 85' lang='lat' dir='ltr'><strong>Ecclesia</strong></span> <span class='ocrx_word' id='word_1_243' title='bbox 813 3045 897 3109; x_wconf 77' lang='lat' dir='ltr'><strong>prm-</strong></span> <span class='ocrx_word' id='word_1_244' title='bbox 940 3031 1065 3110; x_wconf 80' lang='lat' dir='ltr'><strong>rivata3</strong></span> <span class='ocrx_word' id='word_1_245' title='bbox 1088 3028 1301 3110; x_wconf 80' lang='lat' dir='ltr'><strong>frequentius</strong></span> <span class='ocrx_word' id='word_1_246' title='bbox 1316 3027 1417 3092; x_wconf 90' lang='lat' dir='ltr'><strong>breve</strong></span> <span class='ocrx_word' id='word_1_247' title='bbox 1437 3027 1692 3110; x_wconf 90' lang='lat' dir='ltr'><strong>compendium,</strong></span> 
     </span>
     <span class='ocr_line' id='line_1_27' title="bbox 143 3129 1668 3213; baseline 0 -20"><span class='ocrx_word' id='word_1_248' title='bbox 143 3129 236 3194; x_wconf 90' lang='lat' dir='ltr'><strong>dicat</strong></span> <span class='ocrx_word' id='word_1_249' title='bbox 261 3130 369 3210; x_wconf 91' lang='lat' dir='ltr'><strong>ipsius</strong></span> <span class='ocrx_word' id='word_1_250' title='bbox 394 3130 431 3194; x_wconf 91' lang='lat' dir='ltr'><strong>in</strong></span> <span class='ocrx_word' id='word_1_251' title='bbox 459 3147 560 3194; x_wconf 90' lang='lat' dir='ltr'><strong>carne</strong></span> <span class='ocrx_word' id='word_1_252' title='bbox 590 3129 786 3193; x_wconf 88' lang='lat' dir='ltr'><strong>incolatum.</strong></span> <span class='ocrx_word' id='word_1_253' title='bbox 815 3131 895 3194; x_wconf 90' lang='lat' dir='ltr'><strong>Dies</strong></span> <span class='ocrx_word' id='word_1_254' title='bbox 941 3138 980 3198; x_wconf 95' lang='lat' dir='ltr'><strong>ut</strong></span> <span class='ocrx_word' id='word_1_255' title='bbox 995 3135 1053 3196; x_wconf 83' lang='lat' dir='ltr'><strong>vix</strong></span> <span class='ocrx_word' id='word_1_256' title='bbox 1068 3150 1203 3200; x_wconf 90' lang='lat' dir='ltr'><strong>summa</strong></span> <span class='ocrx_word' id='word_1_257' title='bbox 1217 3133 1388 3196; x_wconf 87' lang='lat' dir='ltr'><strong>sententia</strong></span> <span class='ocrx_word' id='word_1_258' title='bbox 1404 3132 1668 3213; x_wconf 86' lang='lat' dir='ltr'><strong>introspiciatur.</strong></span> 
     </span>
     <span class='ocr_line' id='line_1_28' title="bbox 143 3234 1694 3315; baseline 0.001 -17"><span class='ocrx_word' id='word_1_259' title='bbox 143 3251 224 3298; x_wconf 88' lang='lat' dir='ltr'><strong>vero</strong></span> <span class='ocrx_word' id='word_1_260' title='bbox 240 3234 449 3313; x_wconf 92' lang='lat' dir='ltr'><strong>intelligitur</strong></span> <span class='ocrx_word' id='word_1_261' title='bbox 464 3238 598 3315; x_wconf 86' lang='lat' dir='ltr'><strong>tempus</strong></span> <span class='ocrx_word' id='word_1_262' title='bbox 610 3239 686 3315; x_wconf 91' lang='lat' dir='ltr'><strong>post</strong></span> <span class='ocrx_word' id='word_1_263' title='bbox 697 3234 823 3298; x_wconf 81' lang='lat' dir='ltr'><strong>Christi</strong></span> <span class='ocrx_word' id='word_1_264' title='bbox 837 3235 895 3299; x_wconf 90' lang='lat' dir='ltr'><strong>ad·</strong></span> <span class='ocrx_word' id='word_1_265' title='bbox 985 3239 1035 3302; x_wconf 90' lang='lat' dir='ltr'><strong>Ea</strong></span> <span class='ocrx_word' id='word_1_266' title='bbox 1061 3237 1203 3302; x_wconf 80' lang='lat' dir='ltr'><strong>fortasse</strong></span> <span class='ocrx_word' id='word_1_267' title='bbox 1228 3239 1320 3302; x_wconf 90' lang='lat' dir='ltr'><strong>viros</strong></span> <span class='ocrx_word' id='word_1_268' title='bbox 1347 3237 1498 3301; x_wconf 88' lang='lat' dir='ltr'><strong>eruditos</strong></span> <span class='ocrx_word' id='word_1_269' title='bbox 1524 3237 1694 3301; x_wconf 86' lang='lat' dir='ltr'><strong>deterrue·</strong></span> 
     </span>
    </p>
   </div>
   <div class='ocr_carea' id='block_1_6' title="bbox 142 3336 1793 4360">
    <p class='ocr_par' dir='ltr' id='par_1_9' title="bbox 142 3336 1793 4360">
     <span class='ocr_line' id='line_1_29' title="bbox 143 3336 1691 3422; baseline 0.001 -20"><span class='ocrx_word' id='word_1_270' title='bbox 143 3344 285 3404; x_wconf 90' lang='lat' dir='ltr'><strong>ventum</strong></span> <span class='ocrx_word' id='word_1_271' title='bbox 308 3337 501 3419; x_wconf 87' lang='lat' dir='ltr'><strong>decurrens,</strong></span> <span class='ocrx_word' id='word_1_272' title='bbox 526 3336 661 3420; x_wconf 91' lang='lat' dir='ltr'><strong>quando</strong></span> <span class='ocrx_word' id='word_1_273' title='bbox 681 3338 797 3400; x_wconf 91' lang='lat' dir='ltr'><strong>anima</strong></span> <span class='ocrx_word' id='word_1_274' title='bbox 820 3340 895 3403; x_wconf 87' lang='lat' dir='ltr'><strong>Sole</strong></span> <span class='ocrx_word' id='word_1_275' title='bbox 941 3345 1032 3420; x_wconf 90' lang='lat' dir='ltr'><strong>runt,</strong></span> <span class='ocrx_word' id='word_1_276' title='bbox 1055 3358 1099 3404; x_wconf 92' lang='lat' dir='ltr'><strong>ne</strong></span> <span class='ocrx_word' id='word_1_277' title='bbox 1122 3340 1165 3403; x_wconf 92' lang='lat' dir='ltr'><strong>ad</strong></span> <span class='ocrx_word' id='word_1_278' title='bbox 1188 3340 1387 3422; x_wconf 82' lang='lat' dir='ltr'><strong>proferenda</strong></span> <span class='ocrx_word' id='word_1_279' title='bbox 1402 3343 1438 3404; x_wconf 91' lang='lat' dir='ltr'><strong>in</strong></span> <span class='ocrx_word' id='word_1_280' title='bbox 1452 3342 1604 3405; x_wconf 91' lang='lat' dir='ltr'><strong>medium</strong></span> <span class='ocrx_word' id='word_1_281' title='bbox 1620 3345 1691 3404; x_wconf 91' lang='lat' dir='ltr'><strong>tam</strong></span> 
     </span>
     <span class='ocr_line' id='line_1_30' title="bbox 142 3442 1694 3525; baseline 0.001 -19"><span class='ocrx_word' id='word_1_282' title='bbox 142 3443 298 3507; x_wconf 84' lang='lat' dir='ltr'><strong>veritatis</strong></span> <span class='ocrx_word' id='word_1_283' title='bbox 314 3443 517 3522; x_wconf 89' lang='lat' dir='ltr'><strong>illustratur,</strong></span> <span class='ocrx_word' id='word_1_284' title='bbox 535 3445 569 3505; x_wconf 91' lang='lat' dir='ltr'><strong>et</strong></span> <span class='ocrx_word' id='word_1_285' title='bbox 590 3442 805 3524; x_wconf 86' lang='lat' dir='ltr'><strong>perspicuam</strong></span> <span class='ocrx_word' id='word_1_286' title='bbox 820 3459 898 3524; x_wconf 91' lang='lat' dir='ltr'><strong>apo-</strong></span> <span class='ocrx_word' id='word_1_287' title='bbox 940 3445 1136 3510; x_wconf 85' lang='lat' dir='ltr'><strong>veneranda</strong></span> <span class='ocrx_word' id='word_1_288' title='bbox 1151 3444 1314 3508; x_wconf 88' lang='lat' dir='ltr'><strong>anecdota</strong></span> <span class='ocrx_word' id='word_1_289' title='bbox 1330 3445 1511 3525; x_wconf 89' lang='lat' dir='ltr'><strong>quisquam</strong></span> <span class='ocrx_word' id='word_1_290' title='bbox 1530 3462 1566 3508; x_wconf 91' lang='lat' dir='ltr'><strong>se</strong></span> <span class='ocrx_word' id='word_1_291' title='bbox 1583 3445 1694 3508; x_wconf 87' lang='lat' dir='ltr'><strong>accin-</strong></span> 
     </span>
     <span class='ocr_line' id='line_1_31' title="bbox 144 3545 1698 3629; baseline -0.001 -17"><span class='ocrx_word' id='word_1_292' title='bbox 144 3548 308 3612; x_wconf 88' lang='lat' dir='ltr'><strong>stolorum</strong></span> <span class='ocrx_word' id='word_1_293' title='bbox 323 3547 512 3611; x_wconf 90' lang='lat' dir='ltr'><strong>doctrinam</strong></span> <span class='ocrx_word' id='word_1_294' title='bbox 527 3545 680 3628; x_wconf 91' lang='lat' dir='ltr'><strong>percipit.</strong></span> <span class='ocrx_word' id='word_1_295' title='bbox 694 3547 767 3608; x_wconf 83' lang='lat' dir='ltr'><strong>Nox</strong></span> <span class='ocrx_word' id='word_1_296' title='bbox 780 3550 896 3610; x_wconf 89' lang='lat' dir='ltr'><strong>autem</strong></span> <span class='ocrx_word' id='word_1_297' title='bbox 942 3549 1040 3611; x_wconf 87' lang='lat' dir='ltr'><strong>xerit.</strong></span> <span class='ocrx_word' id='word_1_298' title='bbox 1059 3546 1123 3611; x_wconf 85' lang='lat' dir='ltr'><strong>Sed</strong></span> <span class='ocrx_word' id='word_1_299' title='bbox 1145 3563 1205 3629; x_wconf 92' lang='lat' dir='ltr'><strong>pro</strong></span> <span class='ocrx_word' id='word_1_300' title='bbox 1226 3551 1330 3611; x_wconf 87' lang='lat' dir='ltr'><strong>tantae</strong></span> <span class='ocrx_word' id='word_1_301' title='bbox 1353 3548 1571 3628; x_wconf 87' lang='lat' dir='ltr'><strong>antiquitatis</strong></span> <span class='ocrx_word' id='word_1_302' title='bbox 1593 3547 1698 3627; x_wconf 78' lang='lat' dir='ltr'><strong>maic-</strong></span> 
     </span>
     <span class='ocr_line' id='line_1_32' title="bbox 146 3649 1696 3733; baseline 0.001 -18"><span class='ocrx_word' id='word_1_303' title='bbox 146 3657 199 3717; x_wconf 89' lang='lat' dir='ltr'><strong>est</strong></span> <span class='ocrx_word' id='word_1_304' title='bbox 221 3652 345 3716; x_wconf 83' lang='lat' dir='ltr'><strong>veteris</strong></span> <span class='ocrx_word' id='word_1_305' title='bbox 361 3651 496 3715; x_wconf 87' lang='lat' dir='ltr'><strong>foederis</strong></span> <span class='ocrx_word' id='word_1_306' title='bbox 520 3669 641 3728; x_wconf 79' lang='lat' dir='ltr'><strong>avum,</strong></span> <span class='ocrx_word' id='word_1_307' title='bbox 666 3649 801 3733; x_wconf 88' lang='lat' dir='ltr'><strong>quando</strong></span> <span class='ocrx_word' id='word_1_308' title='bbox 816 3667 898 3714; x_wconf 91' lang='lat' dir='ltr'><strong>non·</strong></span> <span class='ocrx_word' id='word_1_309' title='bbox 941 3657 1029 3716; x_wconf 92' lang='lat' dir='ltr'><strong>state</strong></span> <span class='ocrx_word' id='word_1_310' title='bbox 1045 3655 1080 3715; x_wconf 90' lang='lat' dir='ltr'><strong>et</strong></span> <span class='ocrx_word' id='word_1_311' title='bbox 1094 3652 1306 3730; x_wconf 90' lang='lat' dir='ltr'><strong>auctoritate,</strong></span> <span class='ocrx_word' id='word_1_312' title='bbox 1322 3668 1421 3715; x_wconf 90' lang='lat' dir='ltr'><strong>nemo</strong></span> <span class='ocrx_word' id='word_1_313' title='bbox 1437 3653 1558 3733; x_wconf 91' lang='lat' dir='ltr'><strong>estqui</strong></span> <span class='ocrx_word' id='word_1_314' title='bbox 1571 3653 1696 3716; x_wconf 90' lang='lat' dir='ltr'><strong>nostris</strong></span> 
     </span>
     <span class='ocr_line' id='line_1_33' title="bbox 145 3741 1793 3836; baseline 0 -16"><span class='ocrx_word' id='word_1_315' title='bbox 145 3758 227 3821; x_wconf 90' lang='lat' dir='ltr'><strong>dum</strong></span> <span class='ocrx_word' id='word_1_316' title='bbox 244 3757 445 3820; x_wconf 88' lang='lat' dir='ltr'><strong>adveniente</strong></span> <span class='ocrx_word' id='word_1_317' title='bbox 468 3756 611 3835; x_wconf 84' lang='lat' dir='ltr'><strong>Christo,</strong></span> <span class='ocrx_word' id='word_1_318' title='bbox 627 3753 775 3818; x_wconf 81' lang='lat' dir='ltr'><strong>tenebra</strong></span> <span class='ocrx_word' id='word_1_319' title='bbox 799 3758 898 3818; x_wconf 89' lang='lat' dir='ltr'><strong>erant</strong></span> <span class='ocrx_word' id='word_1_320' title='bbox 942 3775 1006 3822; x_wconf 88' lang='lat' dir='ltr'><strong>sua</strong></span> <span class='ocrx_word' id='word_1_321' title='bbox 1029 3761 1109 3820; x_wconf 80' lang='lat' dir='ltr'><strong>vota</strong></span> <span class='ocrx_word' id='word_1_322' title='bbox 1127 3755 1276 3836; x_wconf 87' lang='lat' dir='ltr'><strong>jungere</strong></span> <span class='ocrx_word' id='word_1_323' title='bbox 1296 3773 1363 3819; x_wconf 92' lang='lat' dir='ltr'><strong>non</strong></span> <span class='ocrx_word' id='word_1_324' title='bbox 1380 3756 1517 3836; x_wconf 90' lang='lat' dir='ltr'><strong>gestiat,</strong></span> <span class='ocrx_word' id='word_1_325' title='bbox 1545 3760 1585 3818; x_wconf 92' lang='lat' dir='ltr'><strong>ut</strong></span> <span class='ocrx_word' id='word_1_326' title='bbox 1607 3757 1699 3820; x_wconf 91' lang='lat' dir='ltr'><strong>inter</strong></span> <span class='ocrx_word' id='word_1_327' title='bbox 1791 3741 1793 3748; x_wconf 61' lang='grc'><em>’</em></span> 
     </span>
     <span class='ocr_line' id='line_1_34' title="bbox 147 3858 1699 3942; baseline -0.001 -17"><span class='ocrx_word' id='word_1_328' title='bbox 147 3867 182 3926; x_wconf 93' lang='lat' dir='ltr'><strong>et</strong></span> <span class='ocrx_word' id='word_1_329' title='bbox 198 3862 320 3925; x_wconf 91' lang='lat' dir='ltr'><strong>umbra</strong></span> <span class='ocrx_word' id='word_1_330' title='bbox 334 3862 471 3940; x_wconf 74' lang='lat' dir='ltr'><strong>mortis,</strong></span> <span class='ocrx_word' id='word_1_331' title='bbox 487 3858 547 3924; x_wconf 94' lang='lat' dir='ltr'><strong>sed</strong></span> <span class='ocrx_word' id='word_1_332' title='bbox 558 3877 665 3942; x_wconf 91' lang='lat' dir='ltr'><strong>quum</strong></span> <span class='ocrx_word' id='word_1_333' title='bbox 677 3860 831 3925; x_wconf 79' lang='lat' dir='ltr'><strong>christus</strong></span> <span class='ocrx_word' id='word_1_334' title='bbox 843 3877 899 3924; x_wconf 84' lang='lat' dir='ltr'><strong>ve·</strong></span> <span class='ocrx_word' id='word_1_335' title='bbox 942 3860 1166 3925; x_wconf 83' lang='lat' dir='ltr'><strong>Palaeoslavos</strong></span> <span class='ocrx_word' id='word_1_336' title='bbox 1182 3861 1355 3925; x_wconf 88' lang='lat' dir='ltr'><strong>exoriatur</strong></span> <span class='ocrx_word' id='word_1_337' title='bbox 1370 3860 1495 3942; x_wconf 90' lang='lat' dir='ltr'><strong>aliquis</strong></span> <span class='ocrx_word' id='word_1_338' title='bbox 1509 3859 1699 3924; x_wconf 83' lang='lat' dir='ltr'><strong>indefessus</strong></span> 
     </span>
     <span class='ocr_line' id='line_1_35' title="bbox 145 3965 1698 4047; baseline -0.001 -16"><span class='ocrx_word' id='word_1_339' title='bbox 145 3968 246 4046; x_wconf 87' lang='lat' dir='ltr'><strong>uerit,</strong></span> <span class='ocrx_word' id='word_1_340' title='bbox 278 3965 488 4047; x_wconf 88' lang='lat' dir='ltr'><strong>resplenduit</strong></span> <span class='ocrx_word' id='word_1_341' title='bbox 521 3966 638 4028; x_wconf 90' lang='lat' dir='ltr'><strong>lumen</strong></span> <span class='ocrx_word' id='word_1_342' title='bbox 673 3965 829 4046; x_wconf 85' lang='lat' dir='ltr'><strong>Spiritus,</strong></span> <span class='ocrx_word' id='word_1_343' title='bbox 864 3969 899 4028; x_wconf 92' lang='lat' dir='ltr'><strong>et</strong></span> <span class='ocrx_word' id='word_1_344' title='bbox 944 3970 978 4030; x_wconf 92' lang='lat' dir='ltr'><strong>et</strong></span> <span class='ocrx_word' id='word_1_345' title='bbox 993 3971 1162 4045; x_wconf 88' lang='lat' dir='ltr'><strong>constans,</strong></span> <span class='ocrx_word' id='word_1_346' title='bbox 1176 3966 1698 4046; x_wconf 88' lang='lat' dir='ltr'><strong>quisuperataquacumquevel</strong></span> 
     </span>
     <span class='ocr_line' id='line_1_36' title="bbox 145 4067 1696 4156; baseline -0.003 -20"><span class='ocrx_word' id='word_1_347' title='bbox 145 4071 355 4156; x_wconf 72' lang='lat' dir='ltr'><strong>praeconium</strong></span> <span class='ocrx_word' id='word_1_348' title='bbox 380 4070 604 4151; x_wconf 90' lang='lat' dir='ltr'><strong>apostolicum</strong></span> <span class='ocrx_word' id='word_1_349' title='bbox 633 4070 793 4133; x_wconf 90' lang='lat' dir='ltr'><strong>universo</strong></span> <span class='ocrx_word' id='word_1_350' title='bbox 823 4069 896 4133; x_wconf 91' lang='lat' dir='ltr'><strong>orbi</strong></span> <span class='ocrx_word' id='word_1_351' title='bbox 946 4069 1054 4133; x_wconf 91' lang='lat' dir='ltr'><strong>ardua</strong></span> <span class='ocrx_word' id='word_1_352' title='bbox 1085 4067 1302 4147; x_wconf 86' lang='lat' dir='ltr'><strong>difficultate,</strong></span> <span class='ocrx_word' id='word_1_353' title='bbox 1318 4085 1396 4132; x_wconf 88' lang='lat' dir='ltr'><strong>cum</strong></span> <span class='ocrx_word' id='word_1_354' title='bbox 1416 4069 1495 4133; x_wconf 89' lang='lat' dir='ltr'><strong>orbe</strong></span> <span class='ocrx_word' id='word_1_355' title='bbox 1511 4068 1696 4133; x_wconf 88' lang='lat' dir='ltr'><strong>christiano</strong></span> 
     </span>
     <span class='ocr_line' id='line_1_37' title="bbox 147 4173 1698 4258; baseline -0.001 -18"><span class='ocrx_word' id='word_1_356' title='bbox 147 4175 383 4240; x_wconf 89' lang='lat' dir='ltr'><strong>renuntiatum</strong></span> <span class='ocrx_word' id='word_1_357' title='bbox 406 4177 488 4237; x_wconf 89' lang='lat' dir='ltr'><strong>est...</strong></span> <span class='ocrx_word' id='word_1_358' title='bbox 512 4173 631 4237; x_wconf 84' lang='lat' dir='ltr'><strong>Finem</strong></span> <span class='ocrx_word' id='word_1_359' title='bbox 654 4173 736 4237; x_wconf 83' lang='lat' dir='ltr'><strong>iacit</strong></span> <span class='ocrx_word' id='word_1_360' title='bbox 758 4177 896 4238; x_wconf 87' lang='lat' dir='ltr'><strong>sauctus</strong></span> <span class='ocrx_word' id='word_1_361' title='bbox 942 4176 1005 4239; x_wconf 86' lang='lat' dir='ltr'><strong>has</strong></span> <span class='ocrx_word' id='word_1_362' title='bbox 1020 4175 1130 4238; x_wconf 88' lang='lat' dir='ltr'><strong>sancti</strong></span> <span class='ocrx_word' id='word_1_363' title='bbox 1145 4173 1291 4239; x_wconf 91' lang='lat' dir='ltr'><strong>doctoris</strong></span> <span class='ocrx_word' id='word_1_364' title='bbox 1307 4175 1341 4236; x_wconf 87' lang='lat' dir='ltr'><strong>et</strong></span> <span class='ocrx_word' id='word_1_365' title='bbox 1356 4174 1516 4258; x_wconf 86' lang='lat' dir='ltr'><strong>martyris</strong></span> <span class='ocrx_word' id='word_1_366' title='bbox 1532 4173 1698 4257; x_wconf 86' lang='lat' dir='ltr'><strong>reliquias</strong></span> 
     </span>
     <span class='ocr_line' id='line_1_38' title="bbox 148 4278 1177 4360; baseline -0.001 -18"><span class='ocrx_word' id='word_1_367' title='bbox 148 4282 203 4344; x_wconf 86' lang='lat' dir='ltr'><strong>vir</strong></span> <span class='ocrx_word' id='word_1_368' title='bbox 229 4298 306 4344; x_wconf 89' lang='lat' dir='ltr'><strong>curn</strong></span> <span class='ocrx_word' id='word_1_369' title='bbox 333 4278 485 4344; x_wconf 89' lang='lat' dir='ltr'><strong>oratione</strong></span> <span class='ocrx_word' id='word_1_370' title='bbox 516 4278 560 4342; x_wconf 91' lang='lat' dir='ltr'><strong>ad</strong></span> <span class='ocrx_word' id='word_1_371' title='bbox 589 4279 801 4360; x_wconf 86' lang='lat' dir='ltr'><strong>Trinitatem,</strong></span> <span class='ocrx_word' id='word_1_372' title='bbox 829 4295 898 4360; x_wconf 90' lang='lat' dir='ltr'><strong>qua</strong></span> <span class='ocrx_word' id='word_1_373' title='bbox 942 4281 1177 4345; x_wconf 89' lang='lat' dir='ltr'><strong>communicet.</strong></span> 
     </span>
    </p>
   </div>
   <div class='ocr_carea' id='block_1_7' title="bbox 488 4474 1356 4541">
    <p class='ocr_par' dir='ltr' id='par_1_10' title="bbox 488 4474 1356 4541">
     <span class='ocr_line' id='line_1_39' title="bbox 488 4474 1356 4541; baseline -0.001 -2"><span class='ocrx_word' id='word_1_374' title='bbox 488 4476 582 4540; x_wconf 74' lang='lat' dir='ltr'><strong>Aur.</strong></span> <span class='ocrx_word' id='word_1_375' title='bbox 606 4476 664 4538; x_wconf 90' lang='lat'><strong>111.</strong></span> <span class='ocrx_word' id='word_1_376' title='bbox 688 4476 822 4539; x_wconf 79' lang='lat' dir='ltr'><strong>VARIA</strong></span> <span class='ocrx_word' id='word_1_377' title='bbox 845 4475 901 4540; x_wconf 83' lang='lat' dir='ltr'><strong>ET</strong></span> <span class='ocrx_word' id='word_1_378' title='bbox 924 4475 1065 4541; x_wconf 79' lang='lat' dir='ltr'>AUCTA</span> <span class='ocrx_word' id='word_1_379' title='bbox 1087 4474 1356 4539; x_wconf 79' lang='lat' dir='ltr'><strong>OOISLINIANA</strong></span> 
     </span>
    </p>
   </div>
   <div class='ocr_carea' id='block_1_8' title="bbox 149 4679 1701 5298">
    <p class='ocr_par' dir='ltr' id='par_1_11' title="bbox 149 4679 1701 5298">
     <span class='ocr_line' id='line_1_40' title="bbox 194 4679 1701 4768; baseline -0.004 -21"><span class='ocrx_word' id='word_1_380' title='bbox 194 4684 317 4749; x_wconf 88' lang='lat' dir='ltr'><strong>Mirum</strong></span> <span class='ocrx_word' id='word_1_381' title='bbox 334 4688 386 4749; x_wconf 86' lang='lat' dir='ltr'><strong>est</strong></span> <span class='ocrx_word' id='word_1_382' title='bbox 399 4701 510 4767; x_wconf 90' lang='lat' dir='ltr'><strong>neque</strong></span> <span class='ocrx_word' id='word_1_383' title='bbox 528 4682 777 4765; x_wconf 80' lang='lat' dir='ltr'><strong>Oombelieium,</strong></span> <span class='ocrx_word' id='word_1_384' title='bbox 792 4701 903 4768; x_wconf 90' lang='lat' dir='ltr'><strong>neque</strong></span> <span class='ocrx_word' id='word_1_385' title='bbox 947 4683 1032 4750; x_wconf 73' lang='lat' dir='ltr'><strong>ithae</strong></span> <span class='ocrx_word' id='word_1_386' title='bbox 1048 4686 1082 4745; x_wconf 91' lang='lat' dir='ltr'><strong>et</strong></span> <span class='ocrx_word' id='word_1_387' title='bbox 1095 4681 1133 4747; x_wconf 83' lang='lat' dir='ltr'><strong>dc</strong></span> <span class='ocrx_word' id='word_1_388' title='bbox 1148 4680 1247 4746; x_wconf 79' lang='lat' dir='ltr'><strong>libero</strong></span> <span class='ocrx_word' id='word_1_389' title='bbox 1262 4679 1419 4763; x_wconf 79' lang='lat' dir='ltr'><strong>Arbitrio,</strong></span> <span class='ocrx_word' id='word_1_390' title='bbox 1438 4683 1541 4747; x_wconf 92' lang='lat' dir='ltr'><strong>etiam</strong></span> <span class='ocrx_word' id='word_1_391' title='bbox 1556 4701 1634 4748; x_wconf 94' lang='lat' dir='ltr'><strong>cum</strong></span> <span class='ocrx_word' id='word_1_392' title='bbox 1651 4683 1701 4746; x_wconf 92' lang='lat' dir='ltr'><strong>la.</strong></span> 
     </span>
     <span class='ocr_line' id='line_1_41' title="bbox 150 4784 1697 4871; baseline -0.002 -18"><span class='ocrx_word' id='word_1_393' title='bbox 150 4789 377 4871; x_wconf 83' lang='lat' dir='ltr'><strong>Sirmondum,</strong></span> <span class='ocrx_word' id='word_1_394' title='bbox 386 4789 611 4871; x_wconf 90' lang='lat' dir='ltr'><strong>nequealium</strong></span> <span class='ocrx_word' id='word_1_395' title='bbox 624 4805 830 4870; x_wconf 87' lang='lat' dir='ltr'><strong>quemquam</strong></span> <span class='ocrx_word' id='word_1_396' title='bbox 837 4791 903 4854; x_wconf 86' lang='lat' dir='ltr'><strong>hle-</strong></span> <span class='ocrx_word' id='word_1_397' title='bbox 946 4787 1038 4851; x_wconf 91' lang='lat' dir='ltr'><strong>cinia</strong></span> <span class='ocrx_word' id='word_1_398' title='bbox 1052 4785 1219 4850; x_wconf 88' lang='lat' dir='ltr'><strong>rarissimi</strong></span> <span class='ocrx_word' id='word_1_399' title='bbox 1232 4784 1270 4850; x_wconf 83' lang='lat' dir='ltr'><strong>dc</strong></span> <span class='ocrx_word' id='word_1_400' title='bbox 1281 4786 1445 4868; x_wconf 69' lang='lat' dir='ltr'><strong>Martyria</strong></span> <span class='ocrx_word' id='word_1_401' title='bbox 1459 4785 1539 4850; x_wconf 91' lang='lat' dir='ltr'><strong>libri</strong></span> <span class='ocrx_word' id='word_1_402' title='bbox 1554 4792 1614 4850; x_wconf 88' lang='lat' dir='ltr'><strong>aut</strong></span> <span class='ocrx_word' id='word_1_403' title='bbox 1628 4803 1697 4850; x_wconf 90' lang='lat' dir='ltr'><strong>ser-</strong></span> 
     </span>
     <span class='ocr_line' id='line_1_42' title="bbox 149 4893 1066 4974; baseline -0.003 -18"><span class='ocrx_word' id='word_1_404' title='bbox 149 4893 258 4958; x_wconf 91' lang='lat' dir='ltr'><strong>thodii</strong></span> <span class='ocrx_word' id='word_1_405' title='bbox 274 4893 464 4958; x_wconf 89' lang='lat' dir='ltr'><strong>studiosum</strong></span> <span class='ocrx_word' id='word_1_406' title='bbox 480 4893 650 4974; x_wconf 89' lang='lat' dir='ltr'><strong>incidisse,</strong></span> <span class='ocrx_word' id='word_1_407' title='bbox 671 4896 840 4973; x_wconf 91' lang='lat' dir='ltr'><strong>qnantum</strong></span> <span class='ocrx_word' id='word_1_408' title='bbox 854 4893 903 4956; x_wconf 87' lang='lat' dir='ltr'><strong>vi·</strong></span> <span class='ocrx_word' id='word_1_409' title='bbox 946 4893 1066 4957; x_wconf 92' lang='lat' dir='ltr'><strong>monis.</strong></span> 
     </span>
     <span class='ocr_line' id='line_1_43' title="bbox 151 4993 1698 5081; baseline -0.001 -21"><span class='ocrx_word' id='word_1_410' title='bbox 151 4998 229 5078; x_wconf 90' lang='lat' dir='ltr'><strong>deo,</strong></span> <span class='ocrx_word' id='word_1_411' title='bbox 256 4998 292 5061; x_wconf 94' lang='lat' dir='ltr'><strong>in</strong></span> <span class='ocrx_word' id='word_1_412' title='bbox 318 4997 468 5061; x_wconf 86' lang='lat' dir='ltr'><strong>codicem</strong></span> <span class='ocrx_word' id='word_1_413' title='bbox 493 4996 738 5061; x_wconf 80' lang='lat' dir='ltr'><strong>coislinianum</strong></span> <span class='ocrx_word' id='word_1_414' title='bbox 763 4995 839 5077; x_wconf 79' lang='lat'><strong>279,</strong></span> <span class='ocrx_word' id='word_1_415' title='bbox 867 4996 903 5059; x_wconf 93' lang='lat' dir='ltr'><strong>in</strong></span> <span class='ocrx_word' id='word_1_416' title='bbox 991 4999 1079 5081; x_wconf 73' lang='lat' dir='ltr'><strong>Ante</strong></span> <span class='ocrx_word' id='word_1_417' title='bbox 1100 4995 1163 5060; x_wconf 89' lang='lat' dir='ltr'><strong>hos</strong></span> <span class='ocrx_word' id='word_1_418' title='bbox 1185 4993 1331 5074; x_wconf 90' lang='lat' dir='ltr'><strong>triginta</strong></span> <span class='ocrx_word' id='word_1_419' title='bbox 1353 4998 1387 5060; x_wconf 89' lang='lat' dir='ltr'><strong>et</strong></span> <span class='ocrx_word' id='word_1_420' title='bbox 1409 4995 1557 5077; x_wconf 90' lang='lat' dir='ltr'><strong>amplius</strong></span> <span class='ocrx_word' id='word_1_421' title='bbox 1578 5011 1698 5074; x_wconf 92' lang='lat' dir='ltr'><strong>annos,</strong></span> 
     </span>
     <span class='ocr_line' id='line_1_44' title="bbox 151 5098 1699 5185; baseline -0.003 -19"><span class='ocrx_word' id='word_1_422' title='bbox 151 5118 220 5182; x_wconf 90' lang='lat' dir='ltr'><strong>quo</strong></span> <span class='ocrx_word' id='word_1_423' title='bbox 246 5101 466 5185; x_wconf 88' lang='lat' dir='ltr'><strong>amplissimis</strong></span> <span class='ocrx_word' id='word_1_424' title='bbox 493 5099 696 5180; x_wconf 82' lang='lat' dir='ltr'><strong>fragmentis</strong></span> <span class='ocrx_word' id='word_1_425' title='bbox 719 5099 789 5165; x_wconf 85' lang='lat' dir='ltr'><strong>fere</strong></span> <span class='ocrx_word' id='word_1_426' title='bbox 817 5100 902 5164; x_wconf 85' lang='lat' dir='ltr'><strong>inte·</strong></span> <span class='ocrx_word' id='word_1_427' title='bbox 945 5102 1045 5183; x_wconf 91' lang='lat' dir='ltr'><strong>plura</strong></span> <span class='ocrx_word' id='word_1_428' title='bbox 1069 5100 1296 5164; x_wconf 86' lang='lat' dir='ltr'><strong>tumultuario</strong></span> <span class='ocrx_word' id='word_1_429' title='bbox 1318 5117 1419 5182; x_wconf 89' lang='lat' dir='ltr'><strong>opere</strong></span> <span class='ocrx_word' id='word_1_430' title='bbox 1444 5101 1560 5164; x_wconf 86' lang='lat' dir='ltr'><strong>notavi</strong></span> <span class='ocrx_word' id='word_1_431' title='bbox 1583 5104 1618 5163; x_wconf 91' lang='lat' dir='ltr'><strong>et</strong></span> <span class='ocrx_word' id='word_1_432' title='bbox 1642 5098 1699 5163; x_wconf 88' lang='lat' dir='ltr'><strong>de·</strong></span> 
     </span>
     <span class='ocr_line' id='line_1_45' title="bbox 151 5201 1697 5298; baseline -0.001 -29"><span class='ocrx_word' id='word_1_433' title='bbox 151 5223 216 5298; x_wconf 83' lang='lat' dir='ltr'><strong>gra</strong></span> <span class='ocrx_word' id='word_1_434' title='bbox 238 5207 457 5271; x_wconf 87' lang='lat' dir='ltr'><strong>continentur</strong></span> <span class='ocrx_word' id='word_1_435' title='bbox 470 5206 538 5270; x_wconf 91' lang='lat' dir='ltr'><strong>dno</strong></span> <span class='ocrx_word' id='word_1_436' title='bbox 553 5222 655 5288; x_wconf 88' lang='lat' dir='ltr'><strong>opera</strong></span> <span class='ocrx_word' id='word_1_437' title='bbox 669 5204 707 5274; x_wconf 74' lang='lat' dir='ltr'><strong>de</strong></span> <span class='ocrx_word' id='word_1_438' title='bbox 727 5207 902 5274; x_wconf 68' lang='lat' dir='ltr'><strong>desumet·</strong></span> <span class='ocrx_word' id='word_1_439' title='bbox 946 5205 1077 5289; x_wconf 86' lang='lat' dir='ltr'><strong>scripsi,</strong></span> <span class='ocrx_word' id='word_1_440' title='bbox 1107 5221 1182 5288; x_wconf 74' lang='lat' dir='ltr'><strong>quar</strong></span> <span class='ocrx_word' id='word_1_441' title='bbox 1211 5204 1331 5287; x_wconf 90' lang='lat' dir='ltr'><strong>procul</strong></span> <span class='ocrx_word' id='word_1_442' title='bbox 1359 5221 1380 5268; x_wconf 92' lang='lat' dir='ltr'><strong>a</strong></span> <span class='ocrx_word' id='word_1_443' title='bbox 1410 5201 1523 5269; x_wconf 89' lang='lat' dir='ltr'><strong>codice</strong></span> <span class='ocrx_word' id='word_1_444' title='bbox 1555 5203 1697 5287; x_wconf 88' lang='lat' dir='ltr'><strong>positus,</strong></span> 
     </span>
    </p>
   </div>
   <div class='ocr_carea' id='block_1_9' title="bbox 0 0 1988 6100">
    <p class='ocr_par' dir='ltr' id='par_1_12' title="bbox 0 0 1988 6100">
     <span class='ocr_line' id='line_1_46' title="bbox 0 0 1988 6100; baseline 0 0"><span class='ocrx_word' id='word_1_445' title='bbox 0 0 1988 6100; x_wconf 95' lang='lat' dir='ltr'><strong> </strong></span> 
     </span>
    </p>
   </div>
  </div>
 </body>
</html>
