4036 6090
794 459 837 522 IN
860 457 1046 522 PSALMOS
1510 479 1519 498 ·
1640 463 1703 524 139

156 591 305 680 πομένην.
332 593 387 660 Δεῖ
416 598 478 682 γὰρ
506 597 542 661 σὲ
577 597 732 681 δεσπότην
757 595 902 682 ἡγεῖσθαι
947 599 1701 682 vitquomaiemissamfaoit.'lnenimopor·

156 698 222 784 ἐμὲ,
239 701 291 764 τόν
314 699 543 780 ἀπαλλάξαντά
567 723 603 768 σε
626 700 778 784 δουλείας,
794 701 904 788 ἀφ’όιν
946 706 997 765 tet
1011 719 1149 766 censeas
1170 719 1223 766 me
1243 719 1315 768 esse
1332 703 1524 782 Dominum,
1540 705 1600 785 qui
1623 710 1656 766 te
1680 723 1701 766 a

156 800 268 880 ἔλαόες
282 805 341 889 τὴν
355 814 476 890 πεῖραν.
540 877 543 886 ,
947 806 1111 869 servitute
1138 807 1281 886 retraxi,
1307 810 1393 869 teste
1420 824 1523 887 quarn
1550 805 1701 872 habuietl

259 983 263 994 Ι
948 925 1063 971 rerum
1080 911 1299 990 experientia.

197 1030 229 1076 v.
248 1014 298 1077 11.
314 1011 479 1081 Πλάτυνον
494 1016 530 1080 τό
546 1014 650 1102 στόμα
665 1036 733 1098 σου,
752 1018 807 1083 καί
823 1015 903 1100 πλη-
991 1030 1023 1075 ν.
1042 1014 1093 1076 11.
1109 1012 1226 1078 Dilata
1240 1030 1275 1078 or
1288 1019 1391 1096 ioum,
1410 1020 1442 1080 ei
1455 1013 1590 1097 implebo
1604 1015 1700 1082 illud.

156 1114 246 1199 ρώσω
263 1115 351 1182 αὐτό.

198 1218 286 1285 Ἀντί
308 1231 380 1286 τοῦ·
409 1222 489 1287 εἴτι
510 1223 650 1307 δυνάσαι,
677 1224 815 1310 αϊτησαι,
848 1226 903 1289 καί
991 1221 1039 1283 Ae
1066 1221 1096 1284 si
1111 1219 1217 1285 dieat:
1247 1225 1413 1302 quantum
1429 1227 1534 1304 poten,
1558 1228 1645 1306 pete,
1670 1230 1704 1288 et

154 1321 251 1388 πλείω
276 1323 406 1409 παράξω
433 1327 477 1391 ὢν
506 1327 611 1404 αἰτεῖς.
640 1325 705 1392 Καὶ
731 1325 901 1413 πληρόσω,
947 1325 1025 1406 plus
1041 1325 1126 1389 dabo
1142 1343 1245 1407 quam
1267 1327 1415 1408 petieris.
1438 1331 1484 1394 Et
1498 1329 1642 1410 implebo,
1669 1329 1704 1393 id

155 1426 224 1492 ἀντὶ
238 1437 294 1493 τοῦ
306 1428 653 1518 τελειωτέρουςλόγους
667 1433 903 1518 παρασκευάσω
948 1432 1000 1491 est
1014 1429 1140 1493 curabo
1163 1433 1203 1494 ut
1224 1434 1458 1512 praestantiora
1473 1435 1577 1498 verba
1598 1433 1706 1516 profo-

156 1533 263 1596 εἰπεῖν.
948 1549 1013 1595 rae.

198 1657 229 1700 v.
248 1639 299 1701 17.
315 1633 381 1702 Καὶ
397 1637 554 1724 ἐψώμισεν
569 1639 682 1718 αὐτοὺς
698 1639 829 1718 στέατος
845 1624 922 1707 πυ(
992 1655 1024 1700 ν.
1042 1638 1093 1701 17.
1108 1641 1154 1704 Ei
1167 1639 1287 1706 cibavit
1300 1658 1352 1707 ooo
1366 1659 1405 1706 oo
1419 1641 1513 1724 adipe
1519 1642 1700 1725 frontonii,

50 1759 54 1774 ¹
154 1747 219 1824 ροῠ,
234 1741 289 1804 καὶ
304 1740 342 1804 έκ
363 1739 481 1826 πέτρας
497 1741 566 1829 μέλι
582 1742 754 1830 ἐχόρτασεν
777 1745 902 1823 αὐτούς.
947 1745 979 1807 et
992 1740 1030 1806 de
1037 1748 1137 1824 petro
1151 1743 1245 1808 melio
1259 1748 1425 1810 roboravit
1438 1762 1498 1811 σοι.

197 1842 300 1922 Αὐτός
314 1843 399 1910 ἔστιν
414 1846 431 1910 ό
446 1848 553 1930 πυρός,
569 1849 640 1932 περί
660 1849 696 1913 ob
711 1847 904 1934 γέγραπται·
995 1849 1067 1910 Ηοα
1083 1852 1135 1912 est
1156 1847 1368 1912 frumentum
1388 1849 1429 1913 de
1452 1867 1519 1932 quo
1542 1851 1706 1932 seriptum

156 1944 235 2012 Ἐόιν
246 1948 289 2032 μὴ
302 1946 319 2012 b
332 1947 448 2026 κόκκος
459 1961 516 2014 τοῦ
527 1949 614 2016 σίτου
629 1952 734 2017 πεσὼν
749 1951 903 2038 ἀποθάνῃ,
939 1955 1017 2015 est:
1033 1973 1050 2012 ιι
1063 1953 1136 2016 Nisi
1149 1969 1297 2030 granum
1310 1951 1472 2018 frumenti
1484 1953 1608 2018 oadens
1620 1965 1707 2017 mor·

156 2051 249 2130 αὐτδς
266 2053 359 2138 μόνος
383 2055 483 2141 μένει·
498 2059 554 2123 έόιν
570 2057 604 2122 δὲ
627 2057 781 2144 ἀποθάνῃ,
805 2058 905 2126 πολὺν
951 2060 1051 2119 tuum
1068 2055 1182 2136 fuerit,
1199 2057 1311 2138 ipsum
1327 2059 1438 2121 solum
1453 2064 1577 2122 manet.
1594 2061 1629 2122 Si
1648 2077 1707 2122 au·

153 2161 275 2244 καρπδν
292 2157 387 2243 φέρει.
396 2159 472 2245 Ἀφ’
482 2163 518 2225 οὗ
532 2160 663 2239 στέατος
675 2161 807 2248 ψωμίσει
819 2161 904 2250 ἡμᾶς
951 2165 1021 2224 tem
1045 2165 1219 2225 mortuum
1242 2161 1355 2243 luerit,
1383 2165 1532 2227 multum
1558 2163 1707 2227 fructum

153 2260 275 2345 δΘεδς,
292 2262 396 2340 διδοὺς
410 2265 506 2349 ἄρτον
522 2265 635 2350 ζῶντα,
651 2269 687 2332 δν
703 2268 796 2346 αὐτὸς
812 2267 903 2353 ἀρτο-
949 2264 1049 2328 affert
1060 2285 1090 2328 υ.
1104 2265 1208 2346 cnjus
1224 2283 1266 2329 ex
1277 2267 1376 2348 adipe
1396 2268 1522 2331 cibabit
1536 2285 1597 2330 nos
1614 2268 1706 2330 Deua

151 2367 266 2432 ποιείδ
283 2365 405 2452 Πατήρ.
423 2366 523 2448 Οὗτος
539 2371 574 2434 δὲ
589 2371 606 2435 ό
622 2373 719 2456 πυρός
737 2374 791 2436 καί
803 2370 905 2457 πέτρα
949 2370 1103 2452 praebens
1118 2389 1242 2452 panem
1258 2372 1348 2451 vitae,
1366 2390 1468 2453 quem
1492 2390 1614 2452 panem
1638 2369 1707 2435 effl-

153 2469 229 2534 ἐστί.
239 2468 346 2556 Πέτρα
358 2469 392 2536 δέ
404 2471 668 2559 έστινδΧριστός·
677 2475 905 2562 ἀφ’ἠςπέτρας
949 2475 997 2537 eit
1012 2476 1121 2538 Pater.
1146 2474 1238 2537 Idem
1261 2474 1471 2538 frumentum
1495 2475 1598 2538 etiam
1621 2474 1709 2557 lapis

153 2577 190 2640 ob
199 2574 292 2660 μόνον
300 2577 382 2662 ὕδωρ
390 2576 517 2658 ποτίζον
525 2581 580 2645 καί
591 2583 645 2646 τόν
657 2580 744 2664 λαὸν,
755 2582 839 2649 ἀλλόι
850 2583 906 2648 καί
950 2583 1010 2642 eat.
1025 2581 1151 2642 «Petra
1162 2584 1277 2643 autem
1291 2585 1342 2643 est
1357 2580 1546 2644 Christus»
1559 2601 1567 2660 ;
1584 2597 1625 2643 ex
1642 2597 1710 2660 qua

153 2679 224 2766 μέλι
238 2681 396 2766 χορτάζον
411 2686 484 2762 τοὺς
500 2683 661 2770 μακαρίως
676 2687 845 2763 πενιῖιντας.
863 2724 904 2734 -
949 2686 1047 2765 petra
1067 2700 1135 2747 non
1159 2685 1270 2747 solum
1293 2701 1390 2766 aqua
1413 2688 1508 2766 potat
1533 2685 1709 2765 populum,
1802 2725 1808 2738 -

152 2783 248 2872 Λέγει
263 2786 298 2850 δὲ
321 2785 392 2850 τότε
407 2788 443 2852 τδ
462 2787 547 2873 ὕδωρ
567 2797 624 2874 τῆς
646 2789 836 2876 περιιδμης·
851 2799 905 2856 νῦν
949 2785 1009 2850 sed
1023 2791 1057 2849 et
1073 2787 1140 2852 mel
1155 2788 1258 2851 satiat
1272 2788 1389 2851 beatos
1409 2786 1593 2851 famelicos.
1613 2823 1651 2832 -
1670 2786 1707 2850 ld

155 2889 190 2953 δὲ
204 2887 291 2974 λέγει
311 2893 348 2954 τό
364 2899 421 2976 της
437 2890 533 2975 ζωῆς,
556 2894 592 2956 rb
607 2893 646 2957 ἐκ
667 2893 806 2979 πλευρᾶς
821 2893 906 2974 ἐξελ·
949 2906 1029 2954 vero
1054 2893 1130 2953 turn
1152 2893 1202 2954 ait
1235 2891 1276 2955 de
1299 2909 1389 2974 aqua
1415 2892 1699 2972 circumcisionis3

154 2993 207 3060 θδν
228 2993 346 3079 Ἰησοῦ.
364 3034 405 3044 -
429 2995 548 3061 Τοῦτον
571 2997 704 3082 ψωμίζει
719 2999 736 3063 ό
752 2997 843 3080 Θεὸς,
870 3001 906 3067 δν
949 3013 1042 3060 nuno
1056 3012 1136 3059 vero
1158 2995 1309 3076 loquitur
1332 2995 1373 3060 de
1402 3011 1493 3076 aqua
1518 2995 1607 3074 vitae,
1631 3011 1707 3080 quae

155 3097 196 3162 δι’
207 3097 342 3164 ἐντολῶν
362 3099 512 3184 παιδεύει,
535 3103 591 3165 καί
612 3112 723 3166 τοῦτον
745 3103 904 3190 χορτάζει,
951 3100 1058 3162 exivit
1080 3117 1122 3162 ex
1144 3101 1249 3163 latere
1279 3099 1372 3164 Jesu.
1405 3135 1446 3145 -
1478 3101 1577 3162 Hunc
1611 3099 1702 3164 cibat

155 3203 191 3266 δν
206 3201 258 3266 διδ
273 3211 330 3288 της
345 3202 442 3267 αὐτοῦ
458 3201 587 3288 θεωρίας
607 3204 776 3290 εὐφραίνει.
794 3245 835 3255 -
851 3206 906 3273 Ἠ-
950 3205 1051 3283 Deus,
1068 3221 1169 3285 quem
1193 3204 1233 3267 de
1256 3221 1364 3286 praeoe
1371 3204 1439 3285 ptis
1461 3203 1584 3283 erudit,
1605 3207 1638 3266 et
1657 3221 1708 3267 sa-

154 3307 249 3384 θιιιως
264 3306 299 3371 δὲ
314 3308 349 3371 τὸ
364 3308 446 3386 εἶδος
461 3316 519 3392 της
531 3308 702 3395 φιλοσόφου
718 3313 772 3376 χαι
787 3311 905 3396 mpii.
949 3309 1014 3370 tiat
1028 3309 1127 3372 illum
1150 3325 1251 3390 quern
1274 3309 1557 3389 contemplatione
1578 3291 1633 3372 sui
1648 3309 1704 3371 λιιι-

155 3433 211 3476 του
237 3411 359 3497 καὶτῷ
386 3411 550 3497 ἀναγκαίῳ
578 3412 790 3499 μετρουμένης
820 3415 905 3501 ζωης
949 3411 1067 3476 tifioat.
1086 3447 1124 3458 -
1151 3414 1323 3476 Moraliter
1350 3417 1475 3492 autern,
1499 3410 1607 3474 forma
1628 3413 1708 3475 vitae

156 3513 311 3580 ίδιότατον
335 3516 391 3600 μὲν
413 3517 481 3602 ἔχει
504 3516 599 3583 τόπον
618 3520 677 3603 τὴν
691 3517 836 3604 έρημίαν,
852 3523 907 3586 καὶ
951 3517 1151 3599 philosopho
1177 3517 1300 3596 digna,
1325 3520 1358 3579 et
1380 3517 1453 3580 sine
1476 3533 1646 3596 mensura,
1674 3521 1709 3580 et

155 3620 255 3704 ταότη
272 3621 406 3685 κατὰτὸ
421 3620 568 3687 πλεῖστον
586 3621 815 3708 έμφιλοχωρεῖ·
831 3647 906 3712 συμ-
950 3623 1110 3685 solavitae
1122 3622 1706 3703 nenessitateenoumsoriptae,suum

157 3721 278 3802 δαδίζει
293 3724 327 3788 δέ
342 3736 506 3811 πανταχοῦ
517 3735 581 3803 τοῖς
593 3725 803 3813 βουλομένοις,
820 3728 907 3815 εἴπερ
950 3725 1053 3789 habet
1066 3727 1178 3788 locum
1194 3742 1263 3805 prae
1274 3725 1405 3788 eaeteris
1417 3727 1591 3806 proprium
1605 3727 1640 3788 in
1652 3743 1703 3789 so-

158 3827 194 3892 έν
210 3826 324 3913 τρόπῳ,
348 3831 404 3893 καὶ
426 3832 469 3916 μὴ
493 3830 528 3896 έν
549 3830 635 3914 τόπιρ
658 3833 693 3896 τὸ
715 3831 906 3918 φιλοσοφεῖν,
949 3829 1108 3907 litudine‚
1137 3831 1171 3892 et
1192 3827 1386 3908 hujusmodi
1409 3829 1481 3891 vita
1505 3831 1705 3910 plerumque

157 3933 235 4017 ὅπερ
250 3933 340 3998 οὐδὲν
356 3934 395 3998 ἄν
409 3943 471 4001 τῶν
487 3933 611 4000 πάντων
627 3935 905 4023 στενοχωρησειεν.
949 3935 1014 3998 hoo
1043 3934 1192 3998 incolatu
1209 3932 1346 4012 gaudet,
1370 3950 1506 4014 unoque
1523 3933 1635 3998 ubivis
1658 3935 1703 3997 lo-

952 4057 1068 4104 corum
1080 4057 1158 4103 oum
1169 4036 1361 4100 volentibus
1374 4031 1513 4117 obtinet,
1526 4038 1555 4100 si
1569 4036 1706 4118 quidem

952 4161 1086 4208 morum
1101 4142 1231 4221 habitu,
1253 4158 1322 4204 non
1341 4141 1414 4204 loco
1436 4141 1705 4221 philosophatur,

954 4250 989 4314 id
1004 4247 1094 4331 quod
1117 4266 1138 4310 a
1160 4247 1257 4311 nulla
1282 4263 1397 4310 rerum
1422 4246 1575 4308 omnium
1598 4261 1707 4324 angu-

954 4355 1020 4419 stia
1034 4353 1181 4417 coerceri
1197 4350 1312 4432 possit.

194 4574 221 4613 v.
236 4557 277 4612 ll.
292 4557 357 4615 Vnt
370 4559 397 4628 4,
410 4557 451 4615 16.
474 4557 511 4615 In
522 4557 581 4616 fine
593 4557 672 4617 idern
684 4559 846 4619 Florentio.
864 4559 910 4616 el.
955 4559 1042 4616 ioan.
1056 4574 1109 4628 nu,
1121 4555 1164 4612 24.
1180 4551 1274 4610 lCor.
1288 4569 1351 4624 xor,
1364 4553 1390 4624 4,
