4036 6090
818 426 862 489 IN
885 424 1070 488 PSALMOS
1648 431 1710 493 169

168 563 324 651 Γνώρισον
337 573 402 644 τοῖς
423 573 542 643 πιστοῖς
557 573 636 632 πᾶσι
649 566 710 652 τὴν
728 563 832 645 δεξιάν
846 584 915 648 σου,
958 571 1060 649 ptura
1074 565 1193 631 habet:
1216 567 1404 651 Notemsee
1414 569 1572 664 fidelibus
1586 571 1710 638 enectis

169 672 213 757 μὴ
229 671 283 735 ἐπὶ
296 669 436 751 κολάσει,
453 669 587 734 ἀλλ’έπλ
601 666 817 768 φιλανθρωπίᾳ
838 688 917 756 qvo·
959 669 1123 735 dextetam
1137 675 1236 736 tetam.
1258 673 1334 736 Noli
1357 690 1418 754 per
1439 677 1710 756 castigationem,

169 770 385 859 ριοθήσεταιή
401 771 488 854 δεξιά
502 794 569 840 σου.
963 774 1023 838 sed
1037 791 1115 838 cum
1126 773 1340 840 humanitate
1351 779 1466 839 uotam
1478 775 1588 841 facere
1599 777 1713 842 dexte-

964 895 1039 941 ram
1056 882 1162 941 tuam.

211 1004 244 1049 v.
278 985 328 1050 13.
355 981 573 1070 Ἐπέστρεψον,
601 981 709 1068 Κύριε,
738 981 798 1058 tue
823 999 915 1066 ποτε,
1009 1000 1041 1064 ν.
1068 983 1118 1046 13.
1146 981 1341 1063 Convertere,
1366 983 1513 1065 Domine,
1530 989 1716 1068 usquequo?

165 1090 222 1154 καὶ
236 1085 525 1174 παρακλήθητιέπὶ
538 1089 612 1164 τοὺς
626 1086 758 1162 δούλους
772 1104 846 1168 σου,
924 1168 927 1176 Ι
959 1085 1181 1152 Εθέπαοσαθοπ
1193 1103 1291 1168 super
1304 1104 1412 1152 aereos
1426 1091 1508 1153 tteoa.

211 1190 299 1259 Ἀντὶ
319 1200 396 1256 τοῦ·
418 1189 623 1278 Ἐπανάγαγε
647 1191 743 1276 ἡμᾶς,
766 1187 915 1270 δέσποτα,
1003 1191 1179 1269 Videlicet,
1199 1192 1302 1256 reduc
1329 1209 1401 1272 nos,
1423 1194 1577 1274 Domine,
1601 1195 1717 1278 quiin

165 1293 382 1382 παρακληθεὶς
395 1293 551 1381 ἐφ’ἡμᾰς,
565 1297 621 1360 καῑ
636 1297 679 1382 μὴ
695 1294 747 1359 ἐπὶ
765 1291 914 1358 πλεῖστον
960 1294 1122 1358 solatium
1138 1295 1316 1360 invocatus
1334 1295 1430 1368 inisti
1451 1315 1554 1379 super
1573 1314 1644 1378 nos,
1660 1315 1718 1362 ne·

166 1398 301 1487 παρίδῃς
321 1397 543 1485 δδυνωμένους,
560 1398 645 1464 ἀλλὰ
666 1395 754 1478 δέξαι
774 1399 833 1484 τὴν
850 1395 913 1460 tee-
960 1414 1026 1478 que
1060 1399 1208 1481 amplius
1238 1417 1300 1464 nos
1338 1402 1577 1482 praetermittes
1604 1401 1717 1466 dolore

166 1503 247 1588 ctcv,
263 1505 318 1569 καὶ
339 1501 573 1588 φιλανθρωπίαν
595 1505 668 1581 τοὺς
683 1505 758 1580 σοὺς
780 1501 915 1582 ἀξίωσον
958 1501 1143 1566 cruciatos:
1167 1503 1227 1568 sed
1241 1506 1411 1587 supplices
1429 1521 1491 1569 noa
1508 1508 1635 1590 excipe,
1651 1508 1718 1572 tui·

168 1597 309 1691 δοθλους,
325 1608 399 1684 τοὺς
412 1607 451 1673 ἐκ
466 1615 524 1690 τῆς
538 1615 719 1693 περιτομῆς.
734 1603 800 1671 Καὶ
814 1613 917 1670 ταῦτα
959 1620 1044 1685 sque
1070 1606 1177 1670 servis
1202 1607 1333 1672 clemen
1339 1609 1421 1671 tiam
1444 1612 1540 1672 tuam
1562 1612 1717 1692 largitor,

168 1710 310 1777 διδάσκει
324 1709 427 1797 λέγειν
439 1712 519 1796 μετδι
528 1712 588 1796 τὴν
599 1711 743 1777 έπτιοσιν·
759 1707 918 1793 Επιστρά-
962 1719 1005 1772 ex
1032 1709 1291 1776 circumcIsione
1317 1715 1416 1776 ortos.
1441 1712 1487 1776 Et
1511 1714 1583 1777 hmo
1605 1711 1717 1779 dicere

169 1835 257 1900 φητι,
272 1813 380 1900 Κύριε,
397 1816 456 1893 ἕως
471 1835 548 1881 ποτε
563 1814 632 1880 κτλ.
964 1811 1062 1877 docet
1075 1818 1151 1896 post
1165 1817 1316 1897 lapsum:
1337 1818 1532 1900 Convertere,
1551 1823 1607 1886 etc.

214 1938 247 1983 ν.
273 1922 322 2004 14,
349 1923 400 1986 15.
421 1917 682 2004 Ἐνεπλήσθημεν
702 1919 739 1983 τδ
760 1917 845 2003 πρωῒ
862 1925 918 1982 τοῦ
1004 1935 1037 1981 ν.
1056 1918 1329 2001 14,15.Jeeptete·
1349 1937 1463 1987 stemus
1484 1939 1576 1988 νιανια
1591 1923 1718 1988 miseri-

169 2021 279 2102 ἐλέους
303 2044 370 2107 σου,
395 2026 451 2090 καὶ
475 2021 750 2110 ἠγαλλιασάριεθα,
781 2024 836 2086 καὶ
866 2023 916 2087 εὖ·
961 2019 1071 2087 cordio
1093 2025 1160 2101 tue,
1179 2027 1210 2088 et
1228 2024 1455 2104 emovemus,
1488 2031 1520 2092 et
1541 2026 1643 2093 letati
1663 2045 1717 2094 eve

169 2125 352 2213 φράνθημεν
374 2126 408 2192 ἐν
430 2127 546 2204 πάσαις
568 2134 637 2204 ταῖς
659 2122 792 2213 ἡμέραις
815 2125 916 2212 ἡμῶν,
960 2141 1034 2191 meta
1043 2126 1306 2194 omedcseieteu
1323 2130 1644 2213 nostroproqottee
1654 2131 1719 2195 die·
1843 2207 1846 2214 ⁴

169 2231 239 2296 ἀνθ’
250 2235 292 2298 ὢν
306 2220 433 2318 ἡμερῶν
447 2228 659 2309 ἐταπείνοσας
670 2229 766 2317 ἡμας,
781 2230 859 2296 έτῶν
875 2231 918 2297 ὣν
962 2229 1021 2295 θαι
1035 2247 1094 2297 teos
1109 2230 1306 2312 tenuique,
1331 2233 1429 2298 ακνιάσ
1443 2232 1558 2316 quittae
1575 2233 1732 2300 vidimus·

171 2335 295 2420 εἴδομεν
309 2335 407 2400 κακά.
962 2333 1061 2400 molo.

141 2455 143 2460 ’
215 2437 383 2524 Χάρτασον
398 2436 484 2525 ἡμᾶς
498 2436 639 2523 δρθρίνου
662 2437 769 2516 ἐλέους
784 2459 852 2518 σου,
867 2437 920 2502 ἵνα
1008 2441 1146 2504 Saturos
1160 2439 1213 2503 iac
1225 2456 1287 2504 nos
1299 2442 1718 2524 matutinamisericordia,

169 2543 361 2630 ὑπνιίισωμεν
387 2547 441 2609 καῑ
471 2541 711 2630 εὐφραινώμεθα
740 2543 774 2610 έν
803 2541 920 2619 πάσαις
964 2547 1004 2606 ut
1018 2545 1287 2624 requiescamus,
1300 2549 1334 2608 et
1347 2546 1720 2611 loetemurinomnibus

169 2658 239 2726 ταῖς
252 2646 386 2735 ἡμέραις
398 2646 498 2735 ἡμῶν.
515 2648 682 2734 Εάρρανον
696 2646 782 2734 ἡμᾶς
793 2647 845 2713 ἐπὶ
859 2646 919 2713 πά-
964 2645 1084 2712 diebus
1100 2648 1235 2712 nostris.
1251 2647 1400 2712 Laetiflce
1412 2667 1483 2730 nos,
1496 2666 1556 2731 pro
1568 2651 1717 2729 singulis

169 2774 230 2831 σας
252 2755 309 2832 τάς
330 2751 452 2839 ἡμέρας
467 2753 505 2831 ἃς
520 2752 688 2830 ἐκάκοσας
709 2749 804 2838 ἡμᾶς.
829 2749 921 2817 Γενο-
967 2749 1087 2816 diebus
1103 2752 1139 2816 in
1165 2753 1290 2833 quibus
1313 2753 1466 2818 afflixisti
1489 2771 1559 2817 nos.
1583 2755 1719 2819 Etenim

170 2855 266 2942 μένης
280 2859 342 2944 γάρ
353 2856 556 2934 ἀναστάσεως
568 2857 690 2941 δρθρου,
701 2852 846 2939 ἐπλήσθη
860 2861 920 2918 πά-
965 2856 1167 2920 succedente
1192 2859 1365 2921 matutina
1387 2861 1644 2940 resurrectione,
1659 2861 1721 2923 im·

168 2981 212 3025 σα
225 2958 248 3045 ἡ
263 2969 306 3047 γη
330 2971 386 3025 τοῦ
405 2958 515 3036 ἐλέους
529 2959 679 3044 Χριστοῦ.
696 2996 737 3006 -
753 2956 920 3043 Χρήσιμαν
963 2959 1055 3040 pieta
1070 2961 1122 3023 est
1138 2962 1247 3025 omnis
1265 2967 1357 3027 terra
1381 2963 1613 3027 misericordia
1627 2963 1720 3028 chri·

167 3075 262 3130 τοῠτο
277 3066 355 3150 πρὸς
377 3066 450 3142 τοὺς
464 3063 528 3130 tet
547 3072 605 3149 τῆς
626 3059 743 3139 κακίας
766 3056 919 3146 μετανοιὶ·
963 3062 1019 3126 ati.
1038 3097 1077 3108 -
1096 3065 1196 3128 Utilis
1211 3083 1323 3130 sermo
1342 3068 1385 3131 iis
1408 3084 1491 3148 quoa
1512 3085 1625 3149 pravae
1640 3067 1719 3132 vite

169 3190 288 3246 σαντας
301 3170 356 3232 καὶ
369 3163 618 3248 καταξανθέντας
632 3164 788 3251 γνώσεως.
964 3168 1138 3249 poenituit,
1151 3172 1186 3232 et
1200 3171 1259 3251 qui
1271 3169 1370 3248 digni
1383 3171 1526 3235 scientia
1537 3171 1617 3236 fecti
1628 3175 1719 3236 suut.

214 3294 246 3338 v.
265 3275 316 3338 11.
331 3272 397 3337 Καὶ
412 3269 724 3358 έστωὴλαμπράτης
735 3267 819 3337 Θεοῦ
830 3266 921 3354 ἡμῶν
1008 3289 1039 3333 v.
1059 3273 1110 3335 17.
1124 3273 1171 3339 Et
1192 3272 1241 3339 eit
1261 3273 1413 3355 splendor
1433 3275 1566 3340 Domini
1583 3277 1646 3340 Dei
1666 3291 1721 3340 νιο-

169 3377 220 3463 ἐρ’
234 3376 329 3462 ἡμᾶς.
961 3375 1028 3440 σειν·
1048 3391 1146 3456 seper
1160 3394 1227 3442 nos.

215 3481 268 3566 Τῷ
283 3482 362 3565 φωτὶ
374 3488 432 3564 τῆς
442 3477 587 3565 γνώσεως
602 3476 840 3563 ἑλλαμπόμενος
852 3463 921 3541 τοῦ
1008 3479 1073 3553 Qui
1094 3480 1244 3544 scientim
1265 3480 1337 3546 iace
1372 3482 1574 3564 illustratur,
1590 3483 1653 3548 hoc
1673 3483 1721 3548 di-

170 3606 206 3649 το
220 3586 294 3670 ἐρεῖ.
318 3581 384 3648 Καὶ
405 3585 442 3647 οδ
463 3582 581 3669 λάμπει
595 3586 631 3648 τδ
655 3590 721 3668 φῶς
744 3580 920 3667 ἔμπροσθεν
969 3586 1033 3647 oet.
1050 3585 1166 3665 Neque
1178 3601 1290 3648 corum
1302 3583 1634 3652 hominibusemicut
1648 3589 1718 3652 iux.

169 3697 231 3754 τῶν
268 3685 448 3772 ἀνθρώπων.
479 3683 674 3772 Λαμπράτης
711 3683 778 3748 ἐστι
807 3691 923 3769 γνῶσις
970 3687 1133 3768 Splendor
1149 3691 1202 3752 est
1215 3689 1358 3754 scientia
1373 3691 1445 3754 Dei.
1458 3693 1588 3756 Lumen
1599 3711 1719 3757 verum

174 3791 269 3859 Θεοῦ.
286 3789 332 3856 Τδ
347 3798 414 3875 φῶς
428 3793 463 3856 τδ
479 3787 627 3874 άληθινδν
638 3789 722 3853 ἐστιν
741 3785 926 3873 δΧριστδς·
969 3793 1022 3854 est
1044 3789 1212 3854 christus:
1246 3792 1417 3856 inhabitat
1440 3795 1530 3857 enim
1562 3795 1719 3858 omnibus

172 3902 374 3978 κατασκηνοῑ
387 3895 449 3982 γὰρ
464 3903 541 3960 πᾶσι
556 3902 621 3971 τοῖς
635 3901 766 3970 πιστοῖς.
969 3895 1136 3961 fidelibus.
1208 3969 1210 3974 ,

210 4119 238 4159 v.
253 4101 295 4157 13.
307 4100 375 4158 vat.
387 4101 414 4158 4.
968 4099 1047 4171 bum,
1058 4117 1125 4157 eum
1134 4101 1273 4158 clausulae
1283 4105 1316 4172 ῆς
1325 4107 1483 4173 μετέχοντες
1492 4067 1645 4170 καλοῦνται,
1655 4104 1721 4172 λαμ·

208 4206 237 4245 v.
251 4187 293 4257 14,
307 4187 349 4242 15.
360 4189 428 4246 Vct
438 4187 464 4243 5.
968 4192 1106 4258 πρδτητις.
1124 4187 1241 4263 Ubique
1251 4190 1342 4248 mieat
1352 4192 1496 4264 gnostica,
1509 4194 1546 4260 ὥς
1557 4196 1647 4258 ιῑπιῑν,
1661 4195 1720 4246 tes-

210 4291 238 4330 v.
252 4273 294 4330 1⁷.
307 4273 415 4331 vata
433 4272 578 4332 Theodor.
596 4271 714 4332 Heracl.
732 4271 794 4330 iere
807 4271 845 4330 ad
861 4289 926 4332 ver·
970 4291 1037 4332 aera
1048 4273 1193 4347 Origeuis.
