4036 6090
826 425 870 489 IN
892 425 1079 490 Psuuuos
1661 429 1720 494 161

224 587 258 634 v.
273 567 323 632 13.
336 563 398 631 Τὸν
414 561 539 649 Βορρᾶν
550 560 929 650 καιρίιλασσανσὺέκτι-
1012 585 1048 644 ν.
1074 568 1124 632 13.
1139 565 1330 650 Aquilonem
1356 572 1387 634 et
1411 585 1500 636 more
1526 573 1563 634 tn
1588 571 1718 649 creasti,

179 692 249 753 σοις,
267 669 382 755 Θαίὼρ
397 669 453 733 καλ
467 667 655 755 Ἑρμωνιείμ
669 677 714 755 τῷ
729 665 857 756 ὀνόματί
872 691 929 734 σου
975 668 1099 735 Plator
1115 673 1147 736 et
1160 673 1305 737 Hermon
1317 673 1355 738 in
1375 675 1501 738 emmim
1523 678 1577 739 tm
1599 674 1724 740 eomm-

179 773 437 862 ἀγαλλιάσοντοιι.
974 771 1053 837 ριηιι

223 874 262 943 Ὁ
275 874 432 954 Ἀκύλας·
448 875 573 962 Βορρᾶν
588 877 643 942 καί
659 875 773 956 διξιᾶν.
784 871 825 941 Ἥ
840 874 865 939 τ’
878 876 930 940 έκ-
1018 879 1141 959 Aquila
1158 878 1275 943 habet:
1295 877 1487 962 Aquilonem
1508 883 1540 944 et
1561 879 1725 945 deuterum

180 979 280 1060 ροσις·
294 979 430 1066 Βορρᾶν,
445 980 546 1048 νότον.
563 978 660 1051 Δοκεῖ
680 981 715 1044 δέ
730 980 783 1044 διὰ
796 987 857 1045 τῶν
873 979 928 1045 δύο
974 983 1011 1045 tm
1025 983 1153 1048 cremet.
1171 983 1294 1058 Quinta
1318 987 1434 1047 autem
1457 984 1576 1047 editio:
1592 983 1726 1066 Aquilo-

178 1083 284 1170 ἄκρον
304 1086 359 1150 τὸν
375 1085 502 1170 ἅπαντα
524 1083 643 1169 κόσμον
663 1093 721 1170 της
744 1082 930 1170 οἰκουμένης
974 1101 1055 1165 mm,
1084 1091 1204 1152 notem.
1230 1087 1373 1151 Videtur
1403 1093 1517 1151 autem
1552 1105 1613 1170 per
1642 1089 1726 1154 dues

178 1189 311 1275 δηλοῦν·
326 1189 390 1254 ἀπὸ
404 1191 466 1274 γὰρ
482 1199 538 1254 τοῦ
554 1189 651 1256 εἰπεῖν
665 1191 720 1254 τὸν
735 1187 861 1274 Βορρᾶν
875 1190 931 1254 καί
975 1191 1206 1254 extremitates
1237 1193 1418 1256 universus
1456 1192 1546 1256 orbis
1581 1192 1728 1256 declara-

180 1290 387 1381 μισημΰρίαν,
415 1291 561 1379 σημαίνει
586 1292 691 1359 πάντα
712 1293 754 1356 τὰ
775 1289 931 1378 κλίματα·
974 1294 1054 1356 ruri.
1084 1293 1232 1358 Dicendo
1262 1296 1354 1359 enim
1379 1296 1570 1378 Aqoellomem
1603 1301 1636 1362 et
1666 1315 1729 1362 me-

177 1399 234 1464 καῑ
255 1397 308 1462 διὰ
323 1397 379 1483 μέν
402 1407 457 1462 τοῦ
471 1395 580 1482 Βορρᾶ
601 1397 643 1461 τὰ
664 1393 815 1481 ἀρίστερα
829 1393 929 1481 μέρη·
974 1396 1102 1476 rodiam,
1120 1397 1293 1476 signifieat
1315 1399 1430 1462 omnia
1452 1400 1599 1482 climatu3
1616 1405 1651 1464 et
1665 1419 1726 1483 per

178 1501 281 1567 διὰδὲ
301 1503 360 1588 τὴν
372 1499 546 1567 θάλασσαν
567 1501 609 1566 aa
623 1509 681 1587 της
695 1498 831 1585 ἑσπέρας
855 1499 932 1584 (dle
975 1498 1175 1582 Aquilonem,
1191 1505 1322 1582 partem
1333 1502 1453 1566 mundi
1463 1503 1652 1584 sinistram3
1668 1521 1729 1584 per
1753 1515 1754 1518 ’

179 1605 304 1672 λασσαν
325 1604 427 1692 γὰρὴ
451 1607 559 1691 γροιρη
583 1606 643 1691 την
665 1601 801 1689 έσιιέροιν
822 1603 931 1688 καλεῖ)
975 1619 1075 1684 omre,
1093 1605 1213 1685 plagas
1230 1605 1387 1670 occiduas
1409 1604 1514 1690 (mare
1536 1608 1628 1670 enim
1643 1608 1731 1671 Scri·

181 1709 234 1775 διὰ
255 1711 291 1776 δέ
305 1720 362 1776 τοῦ
377 1708 574 1796 Ἑρμωνιείμ,
598 1711 651 1774 τὸν
673 1707 781 1775 νότον·
803 1711 858 1773 καὶ
881 1709 933 1774 διὰ
975 1711 1077 1790 ptura
1091 1714 1189 1771 vocet
1203 1708 1383 1792 vesperas);
1404 1727 1464 1791 per
1478 1715 1628 1774 montem
1642 1711 1728 1775 Her·

180 1823 238 1879 τοῦ
252 1812 379 1899 Θαδὼρ,
395 1815 453 1900 την
468 1812 644 1899 ἀνατολήν·
660 1811 775 1898 Θαὸὼρ
790 1814 845 1878 καί
860 1809 931 1898 Ἑρ·
974 1830 1097 1878 monem
1119 1815 1305 1898 meridiem,
1329 1820 1363 1880 et
1385 1835 1445 1898 per
1461 1815 1587 1882 Plenior
1609 1818 1725 1881 Orien·

182 1919 249 2004 μὼν
264 1919 322 2004 ὄρη
339 1919 415 1984 εἰσιν
429 1917 463 1982 έν
479 1915 685 2002 Παλαιστίνῃ.
701 1914 739 1982 Ὁ
760 1914 947 1999 δεσπόζων,
976 1921 1045 1981 tem
1055 1921 1079 1980 :'
1094 1917 1227 1982 Thabor
1249 1923 1283 1982 et
1312 1921 1460 1984 Hermon
1482 1925 1614 1984 montes
1643 1925 1726 1984 suut

182 2024 256 2108 ἔφη,
264 2023 389 2088 τιίιντιον
401 2031 463 2089 τῶν
475 2020 645 2107 κλιμάτων,
654 2022 808 2106 εὔρρανον
820 2022 860 2086 τὰ
872 2021 930 2104 ὄρη
976 2021 1012 2085 in
1039 2023 1228 2086 palestina.
1253 2025 1462 2106 Τιι,1ιιηιι1ι,
1493 2025 1646 2088 omnium
1669 2025 1728 2088 eli-

180 2137 282 2192 ταῦτα
296 2136 335 2213 τη
351 2126 518 2212 έπικλησει
532 2147 599 2206 σου,
615 2125 785 2211 ἐπαγαγὼν
800 2122 887 2210 ἡμᾶς
897 2124 932 2189 έν
976 2131 1108 2190 matum
1130 2127 1329 2209 dominator,
1345 2128 1500 2192 exhilara
1520 2127 1581 2192 hoe
1597 2133 1729 2193 montes

181 2232 288 2308 αὐτοῖς
303 2232 477 2308 οἰκοῦντας.
494 2267 535 2278 -
548 2229 608 2295 Διὰ
622 2227 740 2294 τούτων
756 2237 862 2294 πᾶσαν
873 2229 932 2314 την
976 2233 1191 2296 invocatione
1213 2234 1294 2312 tua,
1324 2233 1385 2313 qui
1419 2249 1480 2296 nos
1507 2232 1656 2297 eduxisti
1686 2233 1729 2296 ad

180 2343 243 2421 γῆν
256 2343 314 2421 της
326 2333 518 2421 ἐπαγγελίας
529 2331 700 2420 ἐδήλωσεν·
712 2343 814 2399 ταῦτα
824 2334 886 2419 γὰρ
898 2331 928 2397 ἐ·
976 2335 1202 2400 habitandum
1225 2337 1260 2399 in
1276 2331 1334 2399 eis.
1354 2338 1474 2400 -Per
1496 2338 1568 2401 hoec
1583 2338 1731 2402 ostendit

180 2436 287 2523 κείνης
300 2439 445 2524 είσινρρη
455 2434 770 2525 τηςγης.οιμηντίι
785 2437 843 2521 ὄρη
860 2445 931 2500 τοι·
977 2457 1112 2504 omnem
1138 2444 1265 2503 terram
1291 2442 1535 2522 promissionis.
1562 2443 1606 2506 Hi
1636 2444 1728 2505 euim

181 2563 218 2608 το
233 2543 359 2628 δράσειν
374 2544 510 2628 εἴρηκεν,
532 2542 617 2607 ἀλλὰ
631 2544 704 2620 τοὺς
720 2542 807 2626 παρὰ
819 2542 859 2606 τὰ
871 2541 930 2625 ὄρη
976 2548 1057 2610 sunt
1081 2544 1175 2608 illius
1201 2549 1343 2626 montes,
1366 2563 1477 2627 neque
1503 2547 1614 2610 solum
1640 2546 1729 2610 dixit

181 2656 407 2724 κατοικοῦντας
430 2644 621 2731 ἀνθρώπους,
643 2648 718 2723 τοὺς
736 2642 932 2731 έναντιουμέ-
976 2653 1107 2713 montes
1120 2650 1170 2712 sic
1185 2668 1221 2716 se
1236 2649 1370 2731 habere,
1386 2651 1445 2715 sed
1459 2657 1510 2732 ιιι,
1525 2653 1584 2731 ait,
1601 2653 1727 2716 iterum

181 2772 254 2829 νους
264 2749 435 2828 Ἰουδαίους
447 2753 503 2815 καί
514 2753 567 2815 τὸν
579 2749 855 2837 κόσμονσὺτιάλιν
867 2749 932 2816 ive·
976 2753 1130 2817 homines
1152 2771 1209 2818 eos
1223 2755 1418 2835 incolentes,
1440 2755 1650 2820 adversarios
1669 2759 1730 2820 Ju-

180 2855 334 2934 καίνισας.
347 2893 389 2905 -
400 2855 504 2933 Αὐτὸς
518 2855 581 2942 γάρ
596 2855 682 2923 ἐστιν
697 2854 714 2920 ὁ
727 2855 877 2940 ἐπιτιμῶν
888 2861 931 2939 τῷ
977 2856 1064 2920 daeos
1073 2861 1107 2920 et
1118 2858 1232 2922 orbem
1246 2859 1476 2923 innovasti-
1485 2863 1561 2942 Ipse
1573 2862 1665 2924 euim
1677 2865 1728 2925 est

178 2958 283 3048 ἀνέμῳ
298 2963 355 3026 κοιλ
370 2969 409 3046 τῇ
425 2959 589 3044 θαλάσση,
605 2960 661 3025 καί
675 2967 773 3024 ποιῶν
788 2956 932 3044 γαλήνην
977 2963 1037 3044 qni
1055 2963 1200 3043 imperat
1218 2968 1319 3026 vento
1338 2967 1372 3034 et
1389 2965 1486 3045 muri,
1506 2969 1541 3028 et
1561 2964 1644 3028 iecit
1657 2982 1728 3028 ma·

81 3053 84 3058 ’
180 3063 333 3151 μεγάλην,
344 3066 399 3130 luc
410 3063 625 3148 ρθάσαντιςοί
635 3061 825 3149 ἐμπλέοντες
836 3060 934 3145 ἀττελ-
977 3083 1082 3145 gnam
1093 3068 1388 3148 tranquillitatem,
1401 3073 1440 3132 ut
1455 3068 1659 3147 navigantes
1672 3087 1729 3150 ep·

180 3167 244 3234 θεῖν
265 3167 420 3235 δύνωνται
441 3168 486 3246 τίς
504 3168 564 3254 τὴν
578 3176 650 3254 γῆν,
665 3166 767 3253 ἐφ’ἣν
781 3166 931 3232 aneticu-
975 3171 1101 3252 pellere
1118 3171 1184 3237 cito
1200 3175 1327 3254 queant
1342 3171 1442 3235 terrm
1456 3172 1499 3236 ud
1514 3190 1618 3254 quem
1638 3173 1730 3237 festi·

178 3289 239 3338 σιν.
718 3267 732 3292 ⁴
977 3279 1071 3338 nant.

224 3373 289 3442 Τὸν
310 3373 435 3460 Βορρᾶν
457 3375 577 3459 ἵστησιν
602 3374 621 3439 ὁ
644 3373 742 3458 νότος,
769 3373 928 3440 τουτέστιν
1020 3380 1222 3462 Aquilonem
1246 3379 1338 3443 sistit
1363 3379 1570 3446 meridianus
1593 3385 1727 3463 ventus,

180 3481 215 3547 έν
229 3487 273 3566 τῷ
294 3479 449 3565 πνεύματι
470 3476 550 3558 ζέων
564 3481 601 3544 τὸ
616 3480 651 3545 ἐν
667 3479 767 3564 κακία
788 3478 925 3566 ψυχρόν·
976 3480 1087 3561 idest,
1111 3481 1171 3562 qui
1187 3483 1321 3564 spiritu
1343 3484 1440 3563 oalet,
1464 3485 1599 3548 obsistit
1625 3487 1729 3565 frige·

179 3583 283 3670 ἑαυτῷ
299 3583 333 3648 δέ
348 3591 433 3648 ποιεῖ
444 3591 516 3660 νοῦς
540 3581 665 3668 Βορρᾶν
680 3584 735 3648 καί
755 3584 854 3669 αὐτην
869 3583 926 3666 dm·
975 3587 1083 3650 seeuti
1098 3585 1134 3648 in
1150 3587 1291 3649 malitia.
1314 3587 1408 3650 Mens
1424 3592 1538 3652 autem
1554 3589 1619 3653 sibi
1635 3595 1728 3654 creat

179 3691 245 3775 χὴν
260 3696 345 3752 ποιεῖ
357 3686 544 3752 θάλασσαν·
557 3687 628 3772 οὐχί
639 3687 695 3752 οὖν
706 3685 839 3771 Βορρᾶς,
857 3687 930 3751 οὐδὲ
975 3689 1189 3770 Aquilonem,
1206 3707 1245 3752 ao
1261 3689 1327 3752 sibi
1343 3693 1412 3753 met
1426 3693 1541 3755 anima
1559 3691 1641 3756 iacit
1655 3711 1726 3757 ma-

181 3792 359 3878 [tlulcooo]
376 3790 455 3856 καθὸ
473 3789 628 3856 θάλασσα
648 3789 842 3875 ἐκτίσθησαν
867 3790 930 3856 ἀπὸ
976 3809 1022 3856 re.
1038 3794 1155 3856 Nonne
1172 3809 1255 3872 ergo
1270 3794 1393 3873 Aquilo
1407 3792 1454 3878 [et
1468 3792 1583 3877 mare]‚
1604 3813 1670 3860 non
1687 3801 1726 3860 ut

180 3896 275 3977 Θεοῦ,
287 3893 372 3960 ἀλλὰ
385 3895 470 3959 κατὰ
480 3895 603 3979 φύσεως
614 3895 673 3960 εἰσί
684 3894 858 3981 λογικᾶ;-
871 3893 931 3960 Διὰ
976 3915 1070 3961 mare
1096 3901 1209 3960 ereata
1235 3896 1414 3977 dicuntur,
1442 3897 1501 3962 sed
1523 3903 1625 3980 prout
1645 3906 1728 3964 suut

180 3999 217 4064 δέ
227 4009 284 4065 τοῦ
294 3997 507 4082 Θεοδοτίονος,
521 3997 614 4064 πάλιν
628 4002 687 4085 τὴν
698 4000 859 4087 ἀνατολὴν
877 3999 928 4085 [έν
976 4005 1099 4083 preter
1125 4001 1284 4064 naturum
1306 4001 1508 4065 rationalia?
1539 3991 1726 4085 Interprete

216 4208 245 4248 v.
259 4191 301 4246 13.
313 4191 380 4248 Vet.
393 4191 419 4258 2,
432 4189 457 4260 3,
469 4189 496 4260 4,
509 4189 534 4260 5,
549 4189 646 4259 1214.
660 4189 766 4246 Nescio
776 4208 815 4246 an
824 4189 933 4248 alicubi
976 4189 1142 4246 Prudenter
1154 4194 1234 4246 tecet
1245 4189 1384 4262 vulgatus
1398 4189 1609 4260 Theodoretue,
1624 4190 1730 4262 quibus

180 4276 305 4348 legatur,
318 4276 471 4348 quodVat.
484 4279 510 4333 4.
523 4275 783 4333 immemorem
794 4277 933 4333 audacter
976 4276 1054 4334 eddo
1066 4277 1212 4333 silendum
1223 4277 1350 4333 fortasse
1363 4276 1537 4333 scholiolum
1555 4277 1634 4349 quod
1646 4278 1729 4334 Man·

180 4363 685 4435 metimqueetamendiasimuleto
699 4369 799 4420 vetere
811 4379 933 4436 apocry·
976 4363 1035 4420 riui
1055 4364 1207 4421 ascribunt
1219 4364 1341 4436 Origeni
1361 4365 1393 4419 in
1410 4382 1453 4437 pe.
1474 4381 1593 4433 cxxxu,
1613 4365 1645 4420 3:
1671 4365 1731 4422 “Iu
1852 4359 1856 4370 ’

181 4449 254 4524 pho:
273 4453 388 4518 Φιριτοιι
404 4455 433 4504 δέ
453 4455 481 4505 ἐν
500 4453 669 4520 ἀπορρήτοις,
687 4451 724 4516 ὣς
742 4453 796 4518 ᾶρα
813 4455 838 4505 ol
855 4455 934 4507 ικττ-
976 4456 1076 4508 monte
1085 4450 1217 4507 Hermon
1226 4451 1347 4522 angelos
1357 4455 1508 4522 apostatas
1516 4450 1553 4506 de
1563 4450 1727 4507 deiectione

182 4539 275 4602 σιντις
291 4539 404 4606 ᾶηγελοι
420 4539 468 4605 τὴν
487 4541 592 4606 ιιριίιτην
610 4539 758 4591 κατᾶιασιν
776 4539 804 4591 έν
823 4544 860 4608 τῷ
878 4542 934 4606 lose
978 4554 1033 4592 sue
1048 4536 1179 4593 tenuisse
1196 4535 1428 4592 conciliabulum.
1439 4575 1454 4606 „
1473 4536 1573 4592 Etiam
1590 4537 1730 4608 vulgatus

180 4628 229 4678 τοῦ
241 4625 338 4690 oetion
347 4627 442 4690 lexov·
455 4625 495 4678 διὸ
508 4625 740 4692 ᾶγγιλλιᾶτιιιτῆς
750 4625 860 4690 Χριστοῦ
870 4641 934 4692 τρο·
977 4623 1158 4680 Athanasius
1170 4623 1202 4679 in
1212 4627 1384 4694 argumento
1394 4622 1545 4694 sequentis
1555 4622 1661 4695 psalmi
1670 4639 1730 4679 me·

181 4713 309 4778 σηγορίας
320 4711 497 4776 ᾶτοριοξιίσης
509 4711 555 4762 dn*
566 4711 646 4762 ednod
658 4711 707 4774 τὰς
723 4711 784 4762 luet
800 4713 934 4777 σιινιρριο·
977 4709 1065 4766 minit
1074 4711 1204 4766 tororum
1214 4712 1426 4777 areanorum,lv
1441 4713 1610 4779 ἀπορρήτοις,
1623 4711 1674 4782 qui
1686 4711 1731 4768 in·

182 4799 264 4860 οιιαας
275 4797 481 4861 ικαιιιτιικότοις
493 4798 613 4864 δονᾶμοις
625 4797 685 4849 κτλ.
700 4795 832 4851 “Fertur
841 4795 873 4852 in
884 4813 934 4852 or·
978 4802 1025 4872 ter
1030 4794 1248 4852 Alexandrinos
1254 4793 1541 4851 circumferebantur.
1551 4827 1584 4838 -
1592 4795 1651 4853 Sed
1660 4803 1690 4853 et
1699 4799 1732 4855 in

184 4881 264 4936 conio
275 4879 368 4950 libris,
380 4880 507 4952 primum
523 4879 617 4952 lapsis
630 4879 744 4951 angelis
762 4879 935 4938 descensum
977 4881 1122 4954 Hexoplie
1133 4881 1255 4936 obscura
1263 4879 1474 4952 quaedameunt
1484 4897 1549 4953 quoe
1558 4879 1670 4937 frustra
1679 4882 1730 4938 ed·

182 4965 319 5023 fuiseein
330 4971 460 5021 montem
478 4965 604 5022 Thabor.
617 4965 688 5021 ideo
706 4965 836 5040 psalmus
854 4966 934 5022 exul·
978 4966 1058 5024 movi
1070 4966 1107 5022 ad
1119 4964 1317 5036 Flammam,
1330 4981 1425 5038 neque
1436 4967 1729 5026 rabbiniceefnbulue
1805 4965 1809 4972 “

184 5060 231 5112 tet
243 5071 280 5110 ex
297 5053 409 5109 Christi
427 5053 583 5126 prmuonio,
607 5052 685 5124 quod
703 5069 741 5110 ex
759 5052 815 5109 hoc
835 5059 935 5110 monte
978 5057 1122 5109 memorat
1134 5051 1448 5124 egregiumNeubaner
1460 5070 1533 5126 opus
1546 5055 1590 5110 da
1603 5056 1726 5126 Gioqro-

184 5139 298 5216 pepulit
319 5139 496 5195 constitutae
518 5139 560 5196 ibi
579 5137 714 5212 delapsas
735 5145 933 5213 potestaten„
976 5139 1042 5212 μίιίι
1056 5139 1093 5196 dn
1107 5137 1239 5196 l'lrolmnd
1256 5157 1285 5212 ρ.
1298 5139 1342 5196 39.
1356 5137 1467 5196 Ultima
1478 5139 1529 5196 ΒΒ
1541 5141 1649 5216 partim
1663 5142 1729 5200 edd.

266 5245 418 5291 munuum
436 5245 479 5308 ιιι,
503 5231 540 5286 ll
