4036 6090
272 447 314 506 86
933 447 1144 512 ORIGENES

268 583 345 666 πρὸς
360 582 407 662 σέ,
423 581 531 667 Κύριε,
552 588 659 669 καιρὸς
675 583 819 662 εὐδοκίας
834 584 851 647 δ
867 583 957 664 Θεὸς,
980 585 1014 650 ἐν
1063 592 1103 667 te,
1130 589 1277 668 Domine,
1297 593 1419 671 tempos
1441 591 1629 674 beneplaciti
1650 595 1747 672 Deos,
1772 593 1809 656 ire

268 695 313 770 τῷ
328 684 441 770 πλῆθει
463 697 519 751 τοῦ
541 687 649 766 ἐλέους
670 710 738 770 σου,
755 687 932 754 ἐπάκουσύν
954 709 1014 773 μου
1061 691 1268 755 multitudine
1290 695 1516 759 misericordie
1537 701 1598 759 too
1612 697 1729 760 ταῦιιάί
1743 713 1802 775 ote,

270 788 305 854 ἐν
316 788 452 874 ἀληθείᾳ
462 799 520 874 τῆς
532 791 689 877 σωτηρίας
701 814 768 858 σου.
780 791 889 857 Σῦσθν
901 812 938 877 με
950 790 1014 855 ἀπὸ
1058 795 1096 858 io
1109 795 1244 858 οειύίαἰο
1263 797 1384 860 solutis
1398 802 1468 861 toa.
1488 800 1589 878 Eripe
1612 817 1662 863 ooo
1675 799 1713 862 de
1727 800 1804 878 loto,

262 893 377 976 πηλοῦ,
400 895 451 960 ίνα
477 897 519 982 μῆ
543 897 690 982 ἐμπαγῦ,
715 895 861 981 ρυσθείην
888 897 926 960 ἐκ
952 904 1013 961 τῦν
1059 899 1319 982 ctomiafipor,
1339 901 1508 966 liberarer
1529 903 1568 966 ob
1590 903 1643 968 δίς
1662 906 1720 985 qoi
1741 903 1809 968 odr-

265 996 438 1082 μισούντων
461 1019 500 1083 με
521 1002 576 1064 καί
598 999 637 1064 ἐκ
651 1009 707 1065 τοῦ
730 997 844 1086 βάθους
858 1007 920 1065 τῶν
942 997 1015 1064 ὑδά-
1058 1008 1140 1068 reret
1152 1021 1211 1083 ote,
1230 1009 1263 1068 ot
1275 1004 1313 1069 de
1327 1005 1492 1088 matroon
1506 1024 1675 1089 equorum.

264 1121 336 1165 τυν.

306 1199 405 1288 Ὅρου
421 1205 564 1289 κατάρας
580 1215 713 1292 φρικτῆς
728 1203 945 1291 προκειμένου,
961 1206 1014 1271 ἰνα
1103 1213 1213 1286 Quum
1229 1212 1441 1276 tremendum
1458 1218 1567 1277 exstet
1582 1214 1742 1277 dirarumr
1753 1213 1808 1276 de-

265 1308 327 1372 κάν
350 1308 486 1394 ἅγγελος
508 1308 542 1388 ἐξ
558 1311 692 1393 ούρανοῦ
715 1309 968 1395 εὐαγγελίσηται,
991 1311 1013 1394 ῆ
1060 1319 1202 1392 cretum,
1211 1330 1277 1395 quo
1290 1316 1423 1380 etiamsi
1436 1319 1588 1396 Angelus
1599 1318 1640 1380 de
1652 1319 1736 1380 ooeio
1748 1336 1806 1380 an·
1880 1396 1883 1408 ‚

262 1411 372 1494 διδάξῃ
388 1412 473 1497 ἡμᾶς
487 1411 562 1496 παρ’
577 1412 762 1490 δδΠαῦλος
774 1412 922 1495 ἐδίδαξεν,
938 1412 1014 1480 ἀνά·
1062 1418 1281 1496 nuntiaverit,
1314 1419 1508 1483 docueritve
1531 1438 1591 1484 nos
1621 1421 1807 1502 quidquam

264 1515 345 1601 θεμα
360 1517 451 1600 έστυ,
475 1514 521 1593 τίς
544 1517 626 1581 ἐστιν
642 1517 660 1581 δ
676 1516 907 1603 ὑποκεραλίσαι
928 1517 1015 1582 Ποῦ
1063 1521 1289 1601 praeterquod
1305 1523 1433 1586 Paulus
1463 1523 1605 1603 edocuit,
1628 1525 1809 1588 anathema

261 1618 328 1702 λον,
346 1619 466 1705 μᾶλλον
481 1621 516 1684 δέ
528 1630 583 1686 τοῦ
595 1622 628 1686 ἐν
640 1622 724 1707 αὐτῷ
736 1620 906 1699 λαλοῦντος
917 1621 1014 1707 Χρισ-
1067 1623 1120 1702 sit,
1149 1625 1226 1704 quis
1250 1629 1301 1688 est
1324 1627 1384 1706 qui
1407 1628 1512 1689 Paulo
1535 1627 1675 1690 adversa
1701 1627 1809 1691 fronte

264 1732 331 1806 τοῦ,
359 1724 546 1810 δυνάμενος;
569 1722 693 1790 Οὐκοῦν
719 1727 813 1802 αὐτὸς
836 1727 853 1790 δ
877 1725 1015 1810 Χριστὸς
1061 1726 1231 1790 obsistere
1254 1730 1370 1808 possit,
1395 1733 1468 1792 tum
1490 1732 1637 1794 maxime
1653 1748 1760 1811 quum
1775 1733 1810 1794 in

267 1827 302 1893 ἐν
324 1837 368 1913 τῷ
392 1827 509 1912 Παύλῳ
532 1827 647 1912 λαλῶν,
664 1831 735 1913 περὶ
758 1828 873 1893 έαυτοῦ
894 1831 948 1894 καί
971 1830 1015 1906 είς
1063 1847 1102 1894 eo
1118 1831 1279 1895 Christus
1293 1833 1476 1913 loquatur?
1494 1834 1648 1898 Christus
1670 1853 1752 1914 ergo
1776 1837 1811 1898 in

264 1930 377 1996 ἑαυτὸν
399 1934 458 2017 τῆν
480 1933 628 2016 τοιαύτην
652 1934 751 2018 εὐχὴν
775 1932 936 2018 ἀναφέρει,
958 1937 1013 1999 καίΙ
1064 1935 1170 1998 Paulo
1186 1937 1337 2016 loquente,
1354 1935 1394 1998 de
1413 1954 1449 1999 se
1467 1940 1501 1998 et
1526 1935 1568 1999 ad
1590 1938 1738 2018 seipsum
1762 1955 1811 2000 re·

266 2045 419 2121 μαρτυρεῖ
439 2035 473 2102 ἐν
498 2045 539 2121 τῆ
562 2038 639 2120 πρὸς
661 2032 825 2120 Ὲδραίους
851 2035 1011 2121 ἐπιστολῆ,
1059 2037 1232 2102 fertilium
1248 2029 1485 2120 preebtionem,
1507 2045 1541 2102 et
1557 2041 1592 2102 in
1611 2041 1752 2121 epistola
1767 2039 1810 2102 ad

265 2141 313 2205 δτι
327 2141 362 2205 ἐν
377 2149 447 2217 ταῖς
461 2138 595 2225 ἡμέραις
610 2150 666 2225 τῆς
682 2143 799 2224 σαρκὸς
823 2140 929 2221 αὐτοῦ,
945 2161 1014 2204 του-
1059 2141 1229 2205 Hebraeos
1240 2147 1394 2222 testatur,
1410 2144 1524 2223 «quod
1544 2145 1580 2207 in
1604 2144 1724 2207 diebus
1740 2163 1810 2208 ear-

262 2241 365 2308 τέστιν
387 2244 438 2308 ἐπὶ
459 2246 512 2308 τδν
536 2246 669 2327 σταυρδν
691 2242 872 2330 ἐρχόμενος,
889 2240 1013 2326 δεῆσεις
1060 2245 1113 2306 nis
1133 2263 1203 2306 suae
1216 2265 1246 2324 »,
1264 2247 1431 2308 nimirum
1454 2249 1589 2327 quando
1611 2249 1654 2311 ad
1676 2267 1810 2313 crucem

264 2350 319 2411 καί
335 2347 494 2432 ἱκετηρίας
509 2351 586 2432 πρὸς
598 2351 651 2414 τὸν
667 2348 838 2433 δυνάμενον
854 2347 964 2428 σύζειν
977 2349 1015 2412 ἐκ
1060 2348 1236 2427 processit,
1250 2369 1267 2407 «
1281 2349 1534 2412 obsecrationes
1547 2355 1581 2412 et
1595 2351 1810 2431 supplicatio

263 2449 418 2533 θανάτου,
442 2450 582 2516 τουτέστι
604 2453 682 2536 πρὸς
704 2455 757 2518 τὸν
773 2449 912 2535 Πατέρα,
934 2453 1014 2536 μετά
1064 2469 1124 2513 nes
1152 2452 1183 2512 ei
1211 2453 1269 2531 qui
1302 2457 1419 2533 potens
1447 2459 1519 2516 erat
1540 2455 1673 2516 salvum
1690 2471 1767 2516 eum
1790 2473 1811 2516 a

263 2563 406 2639 κραυγῆς
434 2555 565 2640 ἰσχυρᾶς
592 2556 648 2619 καί
685 2555 829 2639 δακρύων
862 2554 1016 2639 προσῆνε-
1065 2554 1338 2633 mortefacere,›>
1364 2555 1467 2618 idest
1489 2558 1595 2636 Patri,
1623 2575 1730 2619 «cum
1746 2558 1811 2619 cla·

264 2678 334 2742 γκε,
357 2659 412 2722 καί
436 2657 648 2736 εἰσακουσθεὶς
672 2659 734 2722 ἀπὸ
761 2667 818 2743 τῆς
841 2657 1014 2742 εἰνλαύείας,
1061 2674 1153 2720 more
1167 2658 1278 2721 valido
1290 2665 1392 2740 atque
1407 2659 1566 2741 lacrymis
1582 2659 1753 2740 offerebat,
1770 2665 1803 2722 et

264 2760 380 2846 καίπερ
395 2762 465 2840 Υίδς
488 2763 540 2846 ὢν,
557 2762 672 2848 έμαθεν
688 2763 744 2848 ἀφ’
755 2765 798 2829 ύν
812 2763 937 2846 ἔπαθεν,
953 2765 1012 2849 τῆν
1062 2761 1242 2824 exauditus
1254 2763 1606 2842 estpraereverentia.»
1618 2763 1802 2836 Quantum·
1843 2776 1847 2811 ἰ

266 2866 421 2952 ύπακοῆν.
438 2867 596 2933 Ἐνταῦθα
618 2867 744 2946 Παῦλος
758 2869 813 2931 καί
827 2869 869 2931 τά
891 2886 1017 2951 σεσιγη-
1062 2866 1115 2927 vis
1130 2865 1237 2926 Filius
1253 2870 1335 2943 erat,
1351 2864 1468 2927 didicit
1480 2883 1521 2926 ex
1534 2866 1576 2928 iis
1591 2883 1667 2945 quae
1682 2883 1802 2944 passus

268 2971 347 3056 μένα
362 2973 417 3036 καί
432 2970 583 3039 λείποντα
597 2981 662 3049 τοῖς
679 2972 916 3058 εὐαγγελισταῖς
931 2971 1017 3057 ἡμᾶς
1062 2972 1122 3046 est,
1149 2967 1385 3029 obedientiam.
1413 2970 1482 3030 Hoc
1508 2969 1581 3030 loco
1612 2970 1738 3033 Paulus
1769 2987 1809 3033 ea

265 3074 397 3158 ἐδίδαξε,
423 3078 502 3161 μετά
524 3085 666 3162 κραυγῆς
689 3077 820 3162 ἰσχυρᾶς
843 3075 943 3161 λέγων
965 3096 1016 3160 γε·
1064 3089 1139 3152 quae
1151 3072 1286 3135 silentio
1298 3072 1340 3134 ab
1348 3073 1567 3149 otrangelistis
1580 3074 1805 3152 praetermissa

264 3176 371 3242 νέσθαι
393 3181 452 3264 τὴν
475 3183 666 3266 προσευχὴν,
682 3179 736 3244 τό·
759 3179 876 3264 Πάτερ,
899 3179 1015 3264 παρελ-
1062 3179 1151 3254 sunt,
1168 3175 1311 3255 edocuit,
1328 3174 1461 3255 quando
1477 3175 1578 3237 dixit:
1605 3197 1622 3236 «
1635 3193 1713 3238 eum
1736 3178 1801 3239 cla-

265 3279 344 3345 θέτυ
368 3281 424 3344 ἀπ’
434 3283 511 3367 ἐμοῦ
534 3285 570 3346 rb
590 3281 739 3368 ποτῆριον
761 3293 862 3348 τοῦτο.
891 3281 960 3348 Oba
981 3285 1015 3348 ἐν
1062 3297 1154 3344 more
1166 3280 1362 3360 valido,‘has
1373 3280 1477 3344 fuisse
1489 3299 1604 3362 preces
1617 3283 1800 3345 emissam»

267 3384 429 3469 ὑποκρίσει
443 3387 495 3451 aa
517 3390 552 3451 τὸ
575 3386 724 3452 δελεάσαι
738 3389 790 3452 τὸν
806 3385 963 3468 Σατανᾶν,
980 3387 1017 3449 ού
1067 3386 1201 3462 «Pater,
1217 3388 1367 3446 transeat
1378 3401 1459 3446 ame
1471 3386 1667 3448 calixistei»
1682 3403 1750 3448 non
1761 3386 1804 3449 si·

265 3491 302 3553 τὸ
317 3499 373 3554 τοῦ
388 3489 508 3576 κόσμου
524 3491 732 3577 οἰκειούμενος
747 3489 887 3575 θέλημα,
904 3489 976 3554 ἀλλ’
983 3489 1017 3568 ἐξ
1062 3489 1199 3565 mulate,
1216 3488 1314 3566 quasi
1331 3489 1488 3550 Satanam
1505 3489 1670 3552 inescaret
1693 3507 1731 3551 ac
1747 3489 1802 3552 de-

267 3591 383 3657 οἰκείου
406 3592 576 3676 προσώπου
599 3593 735 3679 Χριστὸς
757 3595 961 3680 οἰκονομικῶς
984 3593 1014 3657 ἑ·
1063 3591 1200 3670 ciperet,
1216 3607 1283 3653 non
1299 3590 1388 3670 quod
1403 3591 1522 3654 mundi
1533 3594 1743 3656 voluntatem
1760 3593 1807 3656 fa-

265 3692 399 3772 κουσίυς
421 3696 632 3782 προσεύχεται
658 3700 738 3782 μετά
759 3706 911 3782 κραυγῆς,
936 3697 1017 3783 μετά
1063 3699 1155 3756 eeret
1169 3711 1277 3772 suam,
1290 3695 1348 3756 sed
1363 3695 1516 3757 Christus
1532 3713 1573 3756 ex
1585 3697 1720 3777 propria
1735 3715 1808 3778 per·

266 3799 420 3883 δακρύυιν,
438 3803 518 3885 μετὰ
533 3802 672 3885 ίδρυτος,
692 3802 747 3866 καί
766 3799 907 3886 θρθμύυυ
923 3803 1016 3885 αίμα-
1061 3814 1153 3877 sona,
1161 3815 1291 3878 suaque
1303 3797 1551 3878 dispensatione
1560 3804 1594 3861 et
1605 3805 1722 3879 sponte
1731 3818 1804 3880 sua,

265 3924 329 3983 τος,
346 3905 426 3988 μετὰ
449 3903 587 3989 ἀγγέλου
610 3905 819 3990 ένισχύοντος,
845 3907 901 3969 καί
924 3903 1018 3980 οίονεί
1062 3908 1219 3983 precatur
1233 3920 1333 3964 «cum
1348 3904 1503 3982 clamore,
1520 3921 1597 3964 eum
1611 3905 1807 3984 lacrymis‚›>

267 4007 537 4091 reparatoria·
553 4009 607 4071 καί
632 4019 887 4093 παρηγοροῦντος
909 4009 1015 4090 αύτδν,
1063 4025 1143 4070 eum
1159 4007 1291 4085 sudore,
1307 4024 1386 4069 cum
1403 4005 1500 4068 fluxu
1517 4007 1707 4085 sanguinis,
1731 4024 1809 4070 oum

266 4109 382 4195 καίπερ
398 4109 468 4188 Υίδς
483 4112 567 4178 Θεοῦ
581 4112 708 4197 ἀληθὴς
727 4112 887 4197 ὑπάρχων,
904 4114 959 4177 καί
982 4112 1016 4176 ἐν
1063 4113 1187 4190 angelo
1203 4113 1262 4192 qui
1278 4111 1444 4174 contortat
1462 4129 1550 4188 eum,
1567 4115 1600 4172 et
1616 4111 1713 4190 quasi
1732 4127 1809 4174 con·

268 4213 388 4300 ἀγωνίᾳ
417 4215 585 4301 γενόμενος
613 4216 824 4301 προσηύχετο,
855 4217 897 4293 ὥς
923 4237 1018 4300 φησιν
1063 4218 1192 4278 solatur
1213 4221 1246 4277 et
1269 4215 1432 4281 hortatur.
1457 4215 1602 4278 Etiamsi
1626 4233 1727 4278 verus
1749 4215 1812 4278 Dei

266 4318 503 4404 εὐαγγελιστῆς,
522 4319 674 4384 ἀλλὰκαὶ
693 4320 922 4403 ἐκτενέστερον,
935 4318 1019 4386 ἀλλά
1064 4321 1172 4382 Filius
1189 4323 1285 4397 esset,
1302 4318 1360 4380 sod
1376 4317 1483 4380 factus
1500 4319 1535 4379 in
1551 4319 1679 4395 agonia
1694 4318 1809 4400 depre-

266 4424 320 4486 καί
335 4422 391 4504 δίς,
408 4422 492 4487 ἀλλά
507 4425 561 4487 καί
584 4426 647 4506 τρίς
663 4426 720 4509 τὴν
740 4425 841 4508 εύχην
857 4431 900 4507 τῷ
916 4423 1017 4507 Πατρί
1066 4425 1216 4503 sabatur,
1233 4427 1272 4485 ut
1288 4424 1337 4485 ait
1352 4423 1573 4501 evangelista,
1592 4423 1695 4484 immo
1710 4424 1811 4503 proli-

268 4526 432 4611 προσάγει.
442 4527 507 4592 Τοῦ
519 4529 574 4592 σύν
586 4525 725 4610 Παύλου,
740 4526 860 4613 μᾶλλον
872 4527 915 4608 δέ,
925 4526 1019 4593 πάλιν
1066 4529 1153 4605 xius,
1166 4531 1315 4606 etusque
1328 4526 1391 4605 bis,
1401 4530 1550 4605 etusque
1563 4530 1615 4588 ter
1627 4527 1812 4590 orationem

268 4627 363 4714 λέγω,
379 4639 435 4693 τοῦ
450 4630 590 4714 Χριστοῦ
606 4639 661 4694 τοῦ
676 4631 710 4695 ἐν
733 4631 818 4716 αύτῷ
832 4640 876 4716 τῷ
899 4628 1016 4713 Παύλῳ
1065 4632 1157 4693 Patri
1173 4631 1373 4707 ingeminat.
1392 4632 1497 4693 Paulo
1514 4631 1631 4710 igitur,
1648 4632 1732 4711 quin
1753 4632 1814 4694 im-

269 4731 450 4813 λαλοῦντος,
468 4734 512 4810 εἰς
528 4732 640 4798 έαυτδν
656 4733 869 4818 ἀναφέροντος
885 4736 942 4819 τὴν
958 4755 1019 4798 τοι·
1064 4751 1129 4814 mo,
1157 4736 1280 4797 iterum
1310 4735 1402 4813 dioc,
1434 4734 1565 4798 Christo
1592 4735 1651 4814 qui
1679 4736 1714 4796 in
1742 4735 1813 4814 ipso

270 4825 370 4922 αύτην
386 4839 578 4924 προσευχὴν,
594 4837 640 4915 τίς
655 4838 738 4902 ἐστιν
754 4838 771 4902 δ
794 4836 1020 4924 παραχαράξαι
1065 4839 1169 4900 Paulo
1181 4830 1393 4918 loquebatur,
1404 4837 1758 4901 eamdemorationem
1771 4836 1814 4899 ad

271 4942 443 5027 δυνάμενος
466 4943 598 5021 δἀὐτὸς
621 4943 790 5027 δΧριστδς
813 4947 882 5028 περὶ
907 4942 1020 5008 ἐαυτοῦ
1064 4960 1100 5006 se
1113 4940 1289 5021 referente,
1303 4944 1379 5022 quis
1392 4949 1442 5006 est
1454 4945 1514 5024 qui
1530 4959 1707 5023 perperam
1721 4940 1815 5003 adul-

273 5029 505 5132 ἐμαρτύρησεν;
1064 5053 1173 5108 terere
1189 5046 1312 5109 audeat
1335 5065 1374 5110 ea
1397 5065 1472 5129 quae
1496 5050 1567 5128 ipse
1591 5045 1742 5108 Christus
1767 5043 1807 5106 de

1065 5167 1101 5213 se
1119 5149 1320 5216 testificatus
1337 5153 1410 5214 est?
