<?xml version="1.0" encoding="UTF-8"?>
<!DOCTYPE html PUBLIC "-//W3C//DTD XHTML 1.0 Transitional//EN"
    "http://www.w3.org/TR/xhtml1/DTD/xhtml1-transitional.dtd">
<html xmlns="http://www.w3.org/1999/xhtml" xml:lang="en" lang="en">
 <head>
  <title>
</title>
<meta http-equiv="Content-Type" content="text/html;charset=utf-8" />
  <meta name='ocr-system' content='tesseract 3.04.00' />
  <meta name='ocr-capabilities' content='ocr_page ocr_carea ocr_par ocr_line ocrx_word'/>
</head>
<body>
  <div class='ocr_page' id='page_1' title='image "./analectasacrasp00pitrgoog_0412.png"; bbox 0 0 4044 6104; ppageno 0'>
   <div class='ocr_carea' id='block_1_1' title="bbox 865 392 1723 500">
    <p class='ocr_par' dir='ltr' id='par_1_1' title="bbox 865 392 1723 500">
     <span class='ocr_line' id='line_1_1' title="bbox 865 392 1723 500; baseline 0.003 -4"><span class='ocrx_word' id='word_1_1' title='bbox 865 392 1073 498; x_wconf 84' lang='lat' dir='ltr'><strong>susumus</strong></span> <span class='ocrx_word' id='word_1_2' title='bbox 1661 435 1723 500; x_wconf 78' lang='grc' dir='ltr'>ιιι</span> 
     </span>
    </p>
   </div>
   <div class='ocr_carea' id='block_1_2' title="bbox 190 569 1725 978">
    <p class='ocr_par' dir='ltr' id='par_1_2' title="bbox 190 569 1725 978">
     <span class='ocr_line' id='line_1_2' title="bbox 192 569 1724 662; baseline 0 -20"><span class='ocrx_word' id='word_1_3' title='bbox 192 573 407 662; x_wconf 82' lang='grc' dir='ltr'>ἀπεριοτόιτων</span> <span class='ocrx_word' id='word_1_4' title='bbox 421 574 476 639; x_wconf 82' lang='grc' dir='ltr'>καὶ</span> <span class='ocrx_word' id='word_1_5' title='bbox 490 569 761 658; x_wconf 76' lang='grc' dir='ltr'>τεταπεινωμένων</span> <span class='ocrx_word' id='word_1_6' title='bbox 781 573 860 658; x_wconf 74' lang='grc' dir='ltr'>μετὰ</span> <span class='ocrx_word' id='word_1_7' title='bbox 880 576 935 639; x_wconf 82' lang='grc' dir='ltr'>τόν</span> <span class='ocrx_word' id='word_1_8' title='bbox 978 577 1041 640; x_wconf 87' lang='lat' dir='ltr'>huc</span> <span class='ocrx_word' id='word_1_9' title='bbox 1054 575 1259 642; x_wconf 80' lang='lat' dir='ltr'><strong>subsistente</strong></span> <span class='ocrx_word' id='word_1_10' title='bbox 1278 577 1358 654; x_wconf 84' lang='lat' dir='ltr'><strong>vite,</strong></span> <span class='ocrx_word' id='word_1_11' title='bbox 1375 575 1558 641; x_wconf 85' lang='lat' dir='ltr'><strong>vindictam</strong></span> <span class='ocrx_word' id='word_1_12' title='bbox 1573 583 1724 642; x_wconf 86' lang='lat' dir='ltr'><strong>assumat</strong></span> 
     </span>
     <span class='ocr_line' id='line_1_3' title="bbox 190 675 1723 764; baseline 0 -18"><span class='ocrx_word' id='word_1_13' title='bbox 190 681 347 747; x_wconf 80' lang='grc' dir='ltr'>ἐνεστῶτα</span> <span class='ocrx_word' id='word_1_14' title='bbox 361 676 428 745; x_wconf 81' lang='grc' dir='ltr'>δίον</span> <span class='ocrx_word' id='word_1_15' title='bbox 450 675 621 762; x_wconf 78' lang='grc' dir='ltr'>ποιήσηται</span> <span class='ocrx_word' id='word_1_16' title='bbox 636 678 654 742; x_wconf 85' lang='grc' dir='ltr'>ό</span> <span class='ocrx_word' id='word_1_17' title='bbox 668 686 729 743; x_wconf 92' lang='grc' dir='ltr'>τῶν</span> <span class='ocrx_word' id='word_1_18' title='bbox 744 676 864 743; x_wconf 82' lang='grc' dir='ltr'>αἰώνων</span> <span class='ocrx_word' id='word_1_19' title='bbox 879 677 934 764; x_wconf 81' lang='grc' dir='ltr'>βα·</span> <span class='ocrx_word' id='word_1_20' title='bbox 978 680 1035 742; x_wconf 93' lang='lat' dir='ltr'><strong>ille</strong></span> <span class='ocrx_word' id='word_1_21' title='bbox 1051 680 1111 761; x_wconf 92' lang='lat' dir='ltr'>qui</span> <span class='ocrx_word' id='word_1_22' title='bbox 1126 697 1185 744; x_wconf 88' lang='lat' dir='ltr'><strong>rex</strong></span> <span class='ocrx_word' id='word_1_23' title='bbox 1203 681 1403 744; x_wconf 75' lang='lat' dir='ltr'><strong>saeculorum</strong></span> <span class='ocrx_word' id='word_1_24' title='bbox 1419 684 1453 744; x_wconf 90' lang='lat' dir='ltr'><strong>et</strong></span> <span class='ocrx_word' id='word_1_25' title='bbox 1474 678 1580 759; x_wconf 78' lang='lat' dir='ltr'><strong>Judex</strong></span> <span class='ocrx_word' id='word_1_26' title='bbox 1597 685 1659 760; x_wconf 87' lang='lat' dir='ltr'><strong>est,</strong></span> <span class='ocrx_word' id='word_1_27' title='bbox 1683 699 1723 746; x_wconf 82' lang='lat' dir='ltr'>oc</span> 
     </span>
     <span class='ocr_line' id='line_1_4' title="bbox 190 778 1725 869; baseline 0.001 -20"><span class='ocrx_word' id='word_1_28' title='bbox 190 784 294 861; x_wconf 86' lang='grc' dir='ltr'>σιλεὺς</span> <span class='ocrx_word' id='word_1_29' title='bbox 316 784 371 847; x_wconf 88' lang='grc' dir='ltr'>καί</span> <span class='ocrx_word' id='word_1_30' title='bbox 383 783 504 867; x_wconf 75' lang='grc' dir='ltr'>κριτὴς,</span> <span class='ocrx_word' id='word_1_31' title='bbox 527 778 631 846; x_wconf 85' lang='grc' dir='ltr'>οὐκίτι</span> <span class='ocrx_word' id='word_1_32' title='bbox 646 779 817 866; x_wconf 73' lang='grc' dir='ltr'>προσθήσει</span> <span class='ocrx_word' id='word_1_33' title='bbox 839 803 936 869; x_wconf 89' lang='grc' dir='ltr'>μεγα-</span> <span class='ocrx_word' id='word_1_34' title='bbox 977 800 1130 866; x_wconf 76' lang='grc' dir='ltr'>ααιρνσιπ</span> <span class='ocrx_word' id='word_1_35' title='bbox 1149 788 1328 865; x_wconf 66' lang='lat' dir='ltr'><strong>meeum</strong></span> <span class='ocrx_word' id='word_1_36' title='bbox 1349 783 1556 868; x_wconf 67' lang='grc' dir='ltr'>ννῦραῡίοῦνα</span> <span class='ocrx_word' id='word_1_37' title='bbox 1578 802 1613 851; x_wconf 79' lang='grc' dir='ltr'>σο</span> <span class='ocrx_word' id='word_1_38' title='bbox 1637 785 1725 850; x_wconf 74' lang='grc' dir='ltr'>λυποῦ</span> 
     </span>
     <span class='ocr_line' id='line_1_5' title="bbox 191 883 1221 978; baseline 0 -28"><span class='ocrx_word' id='word_1_39' title='bbox 191 885 321 978; x_wconf 79' lang='grc' dir='ltr'>λαυχείν</span> <span class='ocrx_word' id='word_1_40' title='bbox 335 883 496 968; x_wconf 81' lang='grc' dir='ltr'>ἄνθρωπος</span> <span class='ocrx_word' id='word_1_41' title='bbox 511 883 563 948; x_wconf 82' lang='grc' dir='ltr'>ἐπὶ</span> <span class='ocrx_word' id='word_1_42' title='bbox 578 893 635 970; x_wconf 67' lang='grc' dir='ltr'>τῆς</span> <span class='ocrx_word' id='word_1_43' title='bbox 649 893 721 971; x_wconf 59' lang='lat' dir='ltr'><strong>iiii·</strong></span> <span class='ocrx_word' id='word_1_44' title='bbox 977 903 1075 968; x_wconf 76' lang='lat' dir='ltr'><strong>super</strong></span> <span class='ocrx_word' id='word_1_45' title='bbox 1090 890 1221 952; x_wconf 68' lang='lat' dir='ltr'><strong>eccos</strong></span> 
     </span>
    </p>
   </div>
   <div class='ocr_carea' id='block_1_3' title="bbox 835 1043 1291 1158">
    <p class='ocr_par' dir='ltr' id='par_1_3' title="bbox 835 1043 1291 1158">
     <span class='ocr_line' id='line_1_6' title="bbox 835 1043 1291 1158; baseline 0 -2"><span class='ocrx_word' id='word_1_46' title='bbox 835 1079 1003 1158; x_wconf 79' lang='lat' dir='ltr'><strong>Psalmus</strong></span> <span class='ocrx_word' id='word_1_47' title='bbox 1027 1078 1079 1156; x_wconf 90' lang='lat' dir='ltr'>X.</span> <span class='ocrx_word' id='word_1_48' title='bbox 1205 1133 1209 1140; x_wconf 88' lang='lat'>-</span> <span class='ocrx_word' id='word_1_49' title='bbox 1289 1043 1291 1050; x_wconf 23' lang='grc' dir='ltr'>Ι</span> 
     </span>
    </p>
   </div>
   <div class='ocr_carea' id='block_1_4' title="bbox 182 1269 1753 4896">
    <p class='ocr_par' dir='ltr' id='par_1_4' title="bbox 190 1269 1726 1666">
     <span class='ocr_line' id='line_1_7' title="bbox 234 1269 1726 1359; baseline 0.001 -21"><span class='ocrx_word' id='word_1_50' title='bbox 234 1293 266 1340; x_wconf 91' lang='grc' dir='ltr'>ν.</span> <span class='ocrx_word' id='word_1_51' title='bbox 284 1275 312 1358; x_wconf 92' lang='grc'>1,</span> <span class='ocrx_word' id='word_1_52' title='bbox 329 1277 360 1340; x_wconf 82' lang='grc'>2,</span> <span class='ocrx_word' id='word_1_53' title='bbox 376 1271 433 1351; x_wconf 85' lang='grc' dir='ltr'>Εἰς</span> <span class='ocrx_word' id='word_1_54' title='bbox 454 1278 491 1340; x_wconf 89' lang='grc' dir='ltr'>τό</span> <span class='ocrx_word' id='word_1_55' title='bbox 506 1272 596 1351; x_wconf 81' lang='grc' dir='ltr'>τέλος</span> <span class='ocrx_word' id='word_1_56' title='bbox 619 1273 662 1359; x_wconf 86' lang='grc' dir='ltr'>τῷ</span> <span class='ocrx_word' id='word_1_57' title='bbox 678 1269 784 1339; x_wconf 89' lang='grc' dir='ltr'>Δαυίδ.</span> <span class='ocrx_word' id='word_1_58' title='bbox 799 1271 872 1338; x_wconf 87' lang='grc' dir='ltr'>Ἐπί</span> <span class='ocrx_word' id='word_1_59' title='bbox 893 1280 937 1358; x_wconf 85' lang='grc' dir='ltr'>τῷ</span> <span class='ocrx_word' id='word_1_60' title='bbox 1025 1293 1056 1337; x_wconf 89' lang='grc' dir='ltr'>ν.</span> <span class='ocrx_word' id='word_1_61' title='bbox 1074 1276 1103 1354; x_wconf 91' lang='grc'>1,</span> <span class='ocrx_word' id='word_1_62' title='bbox 1116 1275 1146 1339; x_wconf 81' lang='lat'>2.</span> <span class='ocrx_word' id='word_1_63' title='bbox 1162 1273 1310 1357; x_wconf 67' lang='lat' dir='ltr'><strong>{testeam</strong></span> <span class='ocrx_word' id='word_1_64' title='bbox 1319 1274 1468 1355; x_wconf 79' lang='lat' dir='ltr'><strong>psalmus</strong></span> <span class='ocrx_word' id='word_1_65' title='bbox 1481 1273 1596 1340; x_wconf 78' lang='lat' dir='ltr'><strong>Dauid.</strong></span> <span class='ocrx_word' id='word_1_66' title='bbox 1608 1277 1651 1340; x_wconf 84' lang='lat' dir='ltr'>In</span> <span class='ocrx_word' id='word_1_67' title='bbox 1664 1279 1726 1340; x_wconf 90' lang='lat' dir='ltr'>Do·</span> 
     </span>
     <span class='ocr_line' id='line_1_8' title="bbox 190 1374 1726 1463; baseline 0 -21"><span class='ocrx_word' id='word_1_68' title='bbox 190 1374 298 1463; x_wconf 87' lang='grc' dir='ltr'>Κυρίῳ</span> <span class='ocrx_word' id='word_1_69' title='bbox 319 1377 464 1443; x_wconf 86' lang='grc' dir='ltr'>πέποιθα.</span> <span class='ocrx_word' id='word_1_70' title='bbox 480 1377 553 1454; x_wconf 89' lang='grc' dir='ltr'>Πῶς</span> <span class='ocrx_word' id='word_1_71' title='bbox 572 1377 671 1460; x_wconf 81' lang='grc' dir='ltr'>ἐρεῖτε</span> <span class='ocrx_word' id='word_1_72' title='bbox 693 1386 731 1462; x_wconf 82' lang='grc' dir='ltr'>τῇ</span> <span class='ocrx_word' id='word_1_73' title='bbox 755 1377 842 1462; x_wconf 77' lang='grc' dir='ltr'>ψυχῇ</span> <span class='ocrx_word' id='word_1_74' title='bbox 867 1395 936 1460; x_wconf 92' lang='grc' dir='ltr'>μου·</span> <span class='ocrx_word' id='word_1_75' title='bbox 980 1377 1066 1442; x_wconf 75' lang='lat' dir='ltr'><strong>mitto</strong></span> <span class='ocrx_word' id='word_1_76' title='bbox 1077 1377 1195 1460; x_wconf 68' lang='grc' dir='ltr'>συηνίάο</span> <span class='ocrx_word' id='word_1_77' title='bbox 1203 1403 1214 1440; x_wconf 91' lang='grc'>.·</span> <span class='ocrx_word' id='word_1_78' title='bbox 1225 1379 1373 1460; x_wconf 81' lang='lat' dir='ltr'><strong>quomodo</strong></span> <span class='ocrx_word' id='word_1_79' title='bbox 1384 1379 1496 1444; x_wconf 76' lang='lat' dir='ltr'><strong>dicitis</strong></span> <span class='ocrx_word' id='word_1_80' title='bbox 1507 1381 1622 1444; x_wconf 75' lang='lat' dir='ltr'><strong>animo</strong></span> <span class='ocrx_word' id='word_1_81' title='bbox 1636 1397 1726 1446; x_wconf 74' lang='lat' dir='ltr'><strong>orec:</strong></span> 
     </span>
     <span class='ocr_line' id='line_1_9' title="bbox 191 1477 1640 1566; baseline 0 -20"><span class='ocrx_word' id='word_1_82' title='bbox 191 1480 433 1547; x_wconf 84' lang='grc' dir='ltr'>Μεταναστεύου</span> <span class='ocrx_word' id='word_1_83' title='bbox 459 1481 509 1546; x_wconf 87' lang='grc' dir='ltr'>ἐπί</span> <span class='ocrx_word' id='word_1_84' title='bbox 534 1481 576 1546; x_wconf 86' lang='grc' dir='ltr'>τότ</span> <span class='ocrx_word' id='word_1_85' title='bbox 601 1481 670 1566; x_wconf 84' lang='grc' dir='ltr'>όρη,</span> <span class='ocrx_word' id='word_1_86' title='bbox 696 1479 738 1558; x_wconf 82' lang='grc' dir='ltr'>ὡς</span> <span class='ocrx_word' id='word_1_87' title='bbox 768 1477 937 1565; x_wconf 86' lang='grc' dir='ltr'>στρουθίον.</span> <span class='ocrx_word' id='word_1_88' title='bbox 983 1483 1198 1564; x_wconf 62' lang='lat' dir='ltr'><strong>fraternique</strong></span> <span class='ocrx_word' id='word_1_89' title='bbox 1212 1483 1249 1547; x_wconf 83' lang='lat' dir='ltr'>io</span> <span class='ocrx_word' id='word_1_90' title='bbox 1263 1487 1407 1563; x_wconf 75' lang='lat' dir='ltr'><strong>nepotem,</strong></span> <span class='ocrx_word' id='word_1_91' title='bbox 1421 1484 1640 1565; x_wconf 76' lang='lat' dir='ltr'><strong>oicutpuoser.</strong></span> 
     </span>
     <span class='ocr_line' id='line_1_10' title="bbox 200 1587 435 1666; baseline -0.013 -14"><span class='ocrx_word' id='word_1_92' title='bbox 200 1587 297 1652; x_wconf 78' lang='lat' dir='ltr'><strong>Vatia</strong></span> <span class='ocrx_word' id='word_1_93' title='bbox 314 1588 387 1666; x_wconf 81' lang='lat'><strong>629,</strong></span> <span class='ocrx_word' id='word_1_94' title='bbox 403 1587 435 1649; x_wconf 81' lang='lat'>2.</span> 
     </span>
    </p>

    <p class='ocr_par' dir='ltr' id='par_1_5' title="bbox 190 1684 1753 3023">
     <span class='ocr_line' id='line_1_11' title="bbox 236 1684 1724 1775; baseline 0.004 -23"><span class='ocrx_word' id='word_1_95' title='bbox 236 1684 366 1752; x_wconf 86' lang='grc' dir='ltr'>Τελείου</span> <span class='ocrx_word' id='word_1_96' title='bbox 374 1687 449 1753; x_wconf 82' lang='grc' dir='ltr'>δ’ἂν</span> <span class='ocrx_word' id='word_1_97' title='bbox 461 1686 509 1770; x_wconf 82' lang='grc' dir='ltr'>εἴη</span> <span class='ocrx_word' id='word_1_98' title='bbox 521 1686 543 1772; x_wconf 75' lang='grc' dir='ltr'>ἡ</span> <span class='ocrx_word' id='word_1_99' title='bbox 555 1685 683 1770; x_wconf 80' lang='grc' dir='ltr'>τοιαύτη</span> <span class='ocrx_word' id='word_1_100' title='bbox 697 1689 795 1772; x_wconf 71' lang='grc' dir='ltr'>φωνὴ,</span> <span class='ocrx_word' id='word_1_101' title='bbox 804 1695 859 1751; x_wconf 91' lang='grc' dir='ltr'>τοῦ</span> <span class='ocrx_word' id='word_1_102' title='bbox 871 1687 937 1751; x_wconf 92' lang='grc' dir='ltr'>οίου</span> <span class='ocrx_word' id='word_1_103' title='bbox 1025 1693 1103 1754; x_wconf 85' lang='lat' dir='ltr'>Haec</span> <span class='ocrx_word' id='word_1_104' title='bbox 1118 1691 1183 1754; x_wconf 86' lang='lat' dir='ltr'><strong>viri</strong></span> <span class='ocrx_word' id='word_1_105' title='bbox 1202 1689 1320 1755; x_wconf 86' lang='lat' dir='ltr'><strong>influe</strong></span> <span class='ocrx_word' id='word_1_106' title='bbox 1339 1691 1476 1773; x_wconf 87' lang='lat' dir='ltr'><strong>perfecti</strong></span> <span class='ocrx_word' id='word_1_107' title='bbox 1499 1708 1565 1756; x_wconf 82' lang='lat' dir='ltr'>vox</span> <span class='ocrx_word' id='word_1_108' title='bbox 1580 1696 1641 1772; x_wconf 86' lang='lat' dir='ltr'><strong>est,</strong></span> <span class='ocrx_word' id='word_1_109' title='bbox 1664 1694 1724 1775; x_wconf 92' lang='lat' dir='ltr'>qui</span> 
     </span>
     <span class='ocr_line' id='line_1_12' title="bbox 195 1787 1726 1878; baseline 0.003 -22"><span class='ocrx_word' id='word_1_110' title='bbox 195 1812 230 1858; x_wconf 87' lang='grc' dir='ltr'>τε</span> <span class='ocrx_word' id='word_1_111' title='bbox 251 1795 336 1858; x_wconf 78' lang='grc' dir='ltr'>κατὰ</span> <span class='ocrx_word' id='word_1_112' title='bbox 357 1795 412 1858; x_wconf 90' lang='grc' dir='ltr'>τόν</span> <span class='ocrx_word' id='word_1_113' title='bbox 429 1791 606 1856; x_wconf 80' lang='grc' dir='ltr'>ἀπόστολον</span> <span class='ocrx_word' id='word_1_114' title='bbox 626 1790 747 1878; x_wconf 78' lang='grc' dir='ltr'>λέγειν·</span> <span class='ocrx_word' id='word_1_115' title='bbox 772 1789 826 1868; x_wconf 87' lang='grc' dir='ltr'>Τίς</span> <span class='ocrx_word' id='word_1_116' title='bbox 851 1791 936 1877; x_wconf 75' lang='grc' dir='ltr'>ἡμᾶς</span> <span class='ocrx_word' id='word_1_117' title='bbox 979 1795 1165 1858; x_wconf 89' lang='lat' dir='ltr'><strong>secundum</strong></span> <span class='ocrx_word' id='word_1_118' title='bbox 1203 1797 1400 1876; x_wconf 83' lang='lat' dir='ltr'><strong>Apostolum</strong></span> <span class='ocrx_word' id='word_1_119' title='bbox 1441 1796 1551 1860; x_wconf 87' lang='lat' dir='ltr'><strong>dicere</strong></span> <span class='ocrx_word' id='word_1_120' title='bbox 1596 1787 1726 1860; x_wconf 83' lang='lat' dir='ltr'><strong>valeat:</strong></span> 
     </span>
     <span class='ocr_line' id='line_1_13' title="bbox 190 1893 1728 1981; baseline 0.002 -22"><span class='ocrx_word' id='word_1_121' title='bbox 190 1893 319 1981; x_wconf 77' lang='grc' dir='ltr'>χωρίσει</span> <span class='ocrx_word' id='word_1_122' title='bbox 333 1895 395 1960; x_wconf 88' lang='grc' dir='ltr'>ἀπό</span> <span class='ocrx_word' id='word_1_123' title='bbox 407 1903 464 1981; x_wconf 81' lang='grc' dir='ltr'>της</span> <span class='ocrx_word' id='word_1_124' title='bbox 475 1895 604 1981; x_wconf 82' lang='grc' dir='ltr'>ἀγάπης</span> <span class='ocrx_word' id='word_1_125' title='bbox 623 1905 678 1960; x_wconf 91' lang='grc' dir='ltr'>τοῦ</span> <span class='ocrx_word' id='word_1_126' title='bbox 690 1895 845 1979; x_wconf 89' lang='grc' dir='ltr'>Χριστοῦ;</span> <span class='ocrx_word' id='word_1_127' title='bbox 862 1894 936 1962; x_wconf 82' lang='grc' dir='ltr'>Θλί-</span> <span class='ocrx_word' id='word_1_128' title='bbox 983 1899 1093 1974; x_wconf 84' lang='lat' dir='ltr'><strong>«Quis</strong></span> <span class='ocrx_word' id='word_1_129' title='bbox 1109 1917 1169 1962; x_wconf 94' lang='lat' dir='ltr'><strong>nos</strong></span> <span class='ocrx_word' id='word_1_130' title='bbox 1184 1899 1354 1980; x_wconf 80' lang='lat' dir='ltr'><strong>separabit</strong></span> <span class='ocrx_word' id='word_1_131' title='bbox 1368 1918 1389 1961; x_wconf 86' lang='lat' dir='ltr'><strong>a</strong></span> <span class='ocrx_word' id='word_1_132' title='bbox 1400 1899 1564 1963; x_wconf 86' lang='lat' dir='ltr'><strong>charitate</strong></span> <span class='ocrx_word' id='word_1_133' title='bbox 1580 1901 1728 1964; x_wconf 76' lang='lat' dir='ltr'><strong>Christi?</strong></span> 
     </span>
     <span class='ocr_line' id='line_1_14' title="bbox 193 1995 1725 2086; baseline 0.003 -21"><span class='ocrx_word' id='word_1_134' title='bbox 193 2000 244 2084; x_wconf 88' lang='grc' dir='ltr'>ψις</span> <span class='ocrx_word' id='word_1_135' title='bbox 269 2001 291 2085; x_wconf 71' lang='grc' dir='ltr'>ἦ</span> <span class='ocrx_word' id='word_1_136' title='bbox 318 1995 511 2084; x_wconf 84' lang='grc' dir='ltr'>στενοχωρία</span> <span class='ocrx_word' id='word_1_137' title='bbox 540 1999 561 2085; x_wconf 80' lang='grc' dir='ltr'><strong>ἢ</strong></span> <span class='ocrx_word' id='word_1_138' title='bbox 592 1999 727 2085; x_wconf 80' lang='grc' dir='ltr'>διωγμὸς</span> <span class='ocrx_word' id='word_1_139' title='bbox 753 1999 775 2083; x_wconf 81' lang='grc' dir='ltr'><strong>ἤ</strong></span> <span class='ocrx_word' id='word_1_140' title='bbox 798 1998 887 2083; x_wconf 88' lang='grc' dir='ltr'>λιμός</span> <span class='ocrx_word' id='word_1_141' title='bbox 914 1999 935 2085; x_wconf 80' lang='grc' dir='ltr'><strong>ἢ</strong></span> <span class='ocrx_word' id='word_1_142' title='bbox 980 2005 1031 2066; x_wconf 87' lang='lat' dir='ltr'>Au</span> <span class='ocrx_word' id='word_1_143' title='bbox 1054 2003 1251 2066; x_wconf 76' lang='lat' dir='ltr'><strong>tribulatio?</strong></span> <span class='ocrx_word' id='word_1_144' title='bbox 1272 2005 1327 2066; x_wconf 85' lang='lat' dir='ltr'><strong>vel</strong></span> <span class='ocrx_word' id='word_1_145' title='bbox 1342 2005 1525 2082; x_wconf 77' lang='lat' dir='ltr'><strong>angustis?</strong></span> <span class='ocrx_word' id='word_1_146' title='bbox 1541 2006 1595 2068; x_wconf 89' lang='lat' dir='ltr'><strong>vei</strong></span> <span class='ocrx_word' id='word_1_147' title='bbox 1617 2022 1725 2086; x_wconf 87' lang='lat' dir='ltr'><strong>perse·</strong></span> 
     </span>
     <span class='ocr_line' id='line_1_15' title="bbox 191 2099 1736 2192; baseline 0.003 -24"><span class='ocrx_word' id='word_1_148' title='bbox 191 2102 348 2192; x_wconf 79' lang='grc' dir='ltr'>γυμνότης</span> <span class='ocrx_word' id='word_1_149' title='bbox 372 2104 394 2188; x_wconf 76' lang='grc' dir='ltr'>η</span> <span class='ocrx_word' id='word_1_150' title='bbox 417 2099 557 2179; x_wconf 88' lang='grc' dir='ltr'>κίνδυνος</span> <span class='ocrx_word' id='word_1_151' title='bbox 578 2104 600 2187; x_wconf 75' lang='grc' dir='ltr'>η</span> <span class='ocrx_word' id='word_1_152' title='bbox 625 2102 784 2188; x_wconf 82' lang='grc' dir='ltr'>μάχαιρα;</span> <span class='ocrx_word' id='word_1_153' title='bbox 814 2099 937 2167; x_wconf 84' lang='grc' dir='ltr'>Ἀλλ’ό</span> <span class='ocrx_word' id='word_1_154' title='bbox 980 2107 1093 2169; x_wconf 72' lang='lat' dir='ltr'><strong>cutio?</strong></span> <span class='ocrx_word' id='word_1_155' title='bbox 1108 2108 1162 2170; x_wconf 87' lang='lat' dir='ltr'><strong>vel</strong></span> <span class='ocrx_word' id='word_1_156' title='bbox 1181 2105 1309 2170; x_wconf 75' lang='lat' dir='ltr'><strong>fames?</strong></span> <span class='ocrx_word' id='word_1_157' title='bbox 1330 2109 1385 2170; x_wconf 88' lang='lat' dir='ltr'><strong>vel</strong></span> <span class='ocrx_word' id='word_1_158' title='bbox 1400 2107 1557 2171; x_wconf 80' lang='lat' dir='ltr'><strong>nuditas?</strong></span> <span class='ocrx_word' id='word_1_159' title='bbox 1571 2109 1626 2171; x_wconf 86' lang='lat' dir='ltr'><strong>vel</strong></span> <span class='ocrx_word' id='word_1_160' title='bbox 1641 2101 1736 2189; x_wconf 58' lang='lat' dir='ltr'><strong>peri?</strong></span> 
     </span>
     <span class='ocr_line' id='line_1_16' title="bbox 196 2203 1727 2295; baseline 0.001 -23"><span class='ocrx_word' id='word_1_161' title='bbox 196 2209 253 2295; x_wconf 76' lang='grc' dir='ltr'>μὲν</span> <span class='ocrx_word' id='word_1_162' title='bbox 268 2206 404 2283; x_wconf 88' lang='grc' dir='ltr'>τέλειος·</span> <span class='ocrx_word' id='word_1_163' title='bbox 418 2203 435 2270; x_wconf 86' lang='grc' dir='ltr'>ό</span> <span class='ocrx_word' id='word_1_164' title='bbox 450 2205 566 2292; x_wconf 78' lang='grc' dir='ltr'>ἀτελὴς</span> <span class='ocrx_word' id='word_1_165' title='bbox 581 2207 616 2270; x_wconf 86' lang='grc' dir='ltr'>δέ</span> <span class='ocrx_word' id='word_1_166' title='bbox 633 2205 868 2292; x_wconf 85' lang='grc' dir='ltr'>μεταναστεύων</span> <span class='ocrx_word' id='word_1_167' title='bbox 883 2208 938 2272; x_wconf 87' lang='grc' dir='ltr'>καί</span> <span class='ocrx_word' id='word_1_168' title='bbox 980 2211 1178 2273; x_wconf 72' lang='grc' dir='ltr'>611111ωένυί</span> <span class='ocrx_word' id='word_1_169' title='bbox 1193 2210 1377 2288; x_wconf 74' lang='lat' dir='ltr'><strong>gladius‘i»</strong></span> <span class='ocrx_word' id='word_1_170' title='bbox 1392 2211 1563 2274; x_wconf 80' lang='lat' dir='ltr'><strong>Hactenus</strong></span> <span class='ocrx_word' id='word_1_171' title='bbox 1574 2227 1640 2274; x_wconf 87' lang='lat' dir='ltr'>vox</span> <span class='ocrx_word' id='word_1_172' title='bbox 1654 2229 1727 2292; x_wconf 92' lang='lat' dir='ltr'><strong>per-</strong></span> 
     </span>
     <span class='ocr_line' id='line_1_17' title="bbox 192 2309 1726 2400; baseline 0 -22"><span class='ocrx_word' id='word_1_173' title='bbox 192 2313 304 2400; x_wconf 87' lang='grc' dir='ltr'>ρυγόις,</span> <span class='ocrx_word' id='word_1_174' title='bbox 320 2312 416 2376; x_wconf 88' lang='grc' dir='ltr'>τόπον</span> <span class='ocrx_word' id='word_1_175' title='bbox 438 2311 477 2374; x_wconf 88' lang='grc' dir='ltr'>ἐκ</span> <span class='ocrx_word' id='word_1_176' title='bbox 501 2309 598 2374; x_wconf 82' lang='grc' dir='ltr'>τόπου</span> <span class='ocrx_word' id='word_1_177' title='bbox 620 2311 755 2395; x_wconf 81' lang='grc' dir='ltr'>περιίῶν,</span> <span class='ocrx_word' id='word_1_178' title='bbox 777 2312 834 2375; x_wconf 86' lang='grc' dir='ltr'>καί</span> <span class='ocrx_word' id='word_1_179' title='bbox 856 2310 937 2376; x_wconf 79' lang='grc' dir='ltr'>ἁλῶ·</span> <span class='ocrx_word' id='word_1_180' title='bbox 980 2312 1069 2377; x_wconf 86' lang='lat' dir='ltr'><strong>fecti.</strong></span> <span class='ocrx_word' id='word_1_181' title='bbox 1085 2315 1195 2378; x_wconf 88' lang='lat' dir='ltr'><strong>Minus</strong></span> <span class='ocrx_word' id='word_1_182' title='bbox 1211 2331 1290 2377; x_wconf 90' lang='lat' dir='ltr'><strong>vero</strong></span> <span class='ocrx_word' id='word_1_183' title='bbox 1310 2312 1478 2396; x_wconf 89' lang='lat' dir='ltr'><strong>perfectus</strong></span> <span class='ocrx_word' id='word_1_184' title='bbox 1494 2331 1603 2392; x_wconf 81' lang='lat' dir='ltr'><strong>vagus</strong></span> <span class='ocrx_word' id='word_1_185' title='bbox 1622 2319 1657 2378; x_wconf 86' lang='lat' dir='ltr'><strong>et</strong></span> <span class='ocrx_word' id='word_1_186' title='bbox 1676 2313 1726 2378; x_wconf 86' lang='lat' dir='ltr'>fu·</span> 
     </span>
     <span class='ocr_line' id='line_1_18' title="bbox 192 2413 1753 2502; baseline 0.001 -22"><span class='ocrx_word' id='word_1_187' title='bbox 192 2436 284 2502; x_wconf 88' lang='grc' dir='ltr'>μενος</span> <span class='ocrx_word' id='word_1_188' title='bbox 306 2415 339 2480; x_wconf 88' lang='grc' dir='ltr'>ἐν</span> <span class='ocrx_word' id='word_1_189' title='bbox 353 2423 419 2492; x_wconf 88' lang='grc' dir='ltr'>τοῖς</span> <span class='ocrx_word' id='word_1_190' title='bbox 441 2422 502 2480; x_wconf 87' lang='grc' dir='ltr'>τῶν</span> <span class='ocrx_word' id='word_1_191' title='bbox 522 2413 665 2500; x_wconf 84' lang='grc' dir='ltr'>διωγμῶν</span> <span class='ocrx_word' id='word_1_192' title='bbox 681 2422 812 2499; x_wconf 82' lang='grc' dir='ltr'>καιροῖς,</span> <span class='ocrx_word' id='word_1_193' title='bbox 828 2434 937 2499; x_wconf 91' lang='grc' dir='ltr'>στρου-</span> <span class='ocrx_word' id='word_1_194' title='bbox 981 2433 1059 2497; x_wconf 78' lang='lat' dir='ltr'><strong>gar,</strong></span> <span class='ocrx_word' id='word_1_195' title='bbox 1072 2417 1112 2481; x_wconf 89' lang='lat' dir='ltr'><strong>de</strong></span> <span class='ocrx_word' id='word_1_196' title='bbox 1124 2418 1197 2481; x_wconf 89' lang='lat' dir='ltr'><strong>loco</strong></span> <span class='ocrx_word' id='word_1_197' title='bbox 1209 2418 1244 2480; x_wconf 93' lang='lat' dir='ltr'>in</span> <span class='ocrx_word' id='word_1_198' title='bbox 1256 2419 1367 2482; x_wconf 92' lang='lat' dir='ltr'><strong>locum</strong></span> <span class='ocrx_word' id='word_1_199' title='bbox 1380 2435 1566 2498; x_wconf 86' lang='lat' dir='ltr'><strong>permeans,</strong></span> <span class='ocrx_word' id='word_1_200' title='bbox 1580 2422 1614 2480; x_wconf 85' lang='lat' dir='ltr'><strong>et</strong></span> <span class='ocrx_word' id='word_1_201' title='bbox 1625 2436 1728 2500; x_wconf 83' lang='lat' dir='ltr'><strong>expu·</strong></span> <span class='ocrx_word' id='word_1_202' title='bbox 1751 2419 1753 2424; x_wconf 77' lang='grc'><strong>“</strong></span> 
     </span>
     <span class='ocr_line' id='line_1_19' title="bbox 193 2517 1727 2616; baseline -0.001 -31"><span class='ocrx_word' id='word_1_203' title='bbox 193 2518 248 2606; x_wconf 86' lang='grc' dir='ltr'>θίφ</span> <span class='ocrx_word' id='word_1_204' title='bbox 263 2517 502 2605; x_wconf 81' lang='grc' dir='ltr'>παραθάλλεται</span> <span class='ocrx_word' id='word_1_205' title='bbox 513 2517 712 2603; x_wconf 78' lang='grc' dir='ltr'>διίπταμένῳ,</span> <span class='ocrx_word' id='word_1_206' title='bbox 725 2520 779 2583; x_wconf 87' lang='grc' dir='ltr'>καὶ</span> <span class='ocrx_word' id='word_1_207' title='bbox 791 2519 936 2605; x_wconf 86' lang='grc' dir='ltr'>περιρεύ-</span> <span class='ocrx_word' id='word_1_208' title='bbox 981 2526 1108 2600; x_wconf 84' lang='lat' dir='ltr'><strong>gnatus</strong></span> <span class='ocrx_word' id='word_1_209' title='bbox 1124 2522 1159 2584; x_wconf 91' lang='lat' dir='ltr'>in</span> <span class='ocrx_word' id='word_1_210' title='bbox 1175 2521 1727 2616; x_wconf 16' lang='lat' dir='ltr'><strong>persecutionum*tempestatibus,</strong></span> 
     </span>
     <span class='ocr_line' id='line_1_20' title="bbox 195 2621 1727 2710; baseline -0.001 -20"><span class='ocrx_word' id='word_1_211' title='bbox 195 2645 283 2710; x_wconf 90' lang='grc' dir='ltr'>γοντι</span> <span class='ocrx_word' id='word_1_212' title='bbox 303 2625 376 2701; x_wconf 90' lang='grc' dir='ltr'>τοὺς</span> <span class='ocrx_word' id='word_1_213' title='bbox 397 2623 567 2708; x_wconf 76' lang='grc' dir='ltr'>θηρευτὰς,</span> <span class='ocrx_word' id='word_1_214' title='bbox 588 2621 663 2686; x_wconf 82' lang='grc' dir='ltr'>ὡσεί</span> <span class='ocrx_word' id='word_1_215' title='bbox 685 2621 768 2690; x_wconf 82' lang='grc' dir='ltr'>Θεοῦ</span> <span class='ocrx_word' id='word_1_216' title='bbox 792 2621 937 2708; x_wconf 77' lang='grc' dir='ltr'>βοηθείας</span> <span class='ocrx_word' id='word_1_217' title='bbox 977 2625 1078 2706; x_wconf 78' lang='lat' dir='ltr'><strong>Juxta</strong></span> <span class='ocrx_word' id='word_1_218' title='bbox 1089 2630 1191 2690; x_wconf 84' lang='lat' dir='ltr'><strong>estse</strong></span> <span class='ocrx_word' id='word_1_219' title='bbox 1206 2644 1322 2708; x_wconf 88' lang='lat' dir='ltr'><strong>passer</strong></span> <span class='ocrx_word' id='word_1_220' title='bbox 1337 2625 1400 2688; x_wconf 88' lang='lat' dir='ltr'>hac</span> <span class='ocrx_word' id='word_1_221' title='bbox 1415 2626 1493 2688; x_wconf 86' lang='lat' dir='ltr'><strong>illac</strong></span> <span class='ocrx_word' id='word_1_222' title='bbox 1508 2626 1664 2703; x_wconf 80' lang='lat' dir='ltr'><strong>volitans,</strong></span> <span class='ocrx_word' id='word_1_223' title='bbox 1676 2625 1727 2689; x_wconf 88' lang='lat' dir='ltr'>fu·</span> 
     </span>
     <span class='ocr_line' id='line_1_21' title="bbox 193 2723 1726 2814; baseline 0.001 -22"><span class='ocrx_word' id='word_1_224' title='bbox 193 2729 297 2814; x_wconf 86' lang='grc' dir='ltr'>τυχὼν</span> <span class='ocrx_word' id='word_1_225' title='bbox 319 2727 484 2812; x_wconf 78' lang='grc' dir='ltr'>διαδράναι</span> <span class='ocrx_word' id='word_1_226' title='bbox 499 2723 644 2810; x_wconf 87' lang='grc' dir='ltr'>δυνηθείη</span> <span class='ocrx_word' id='word_1_227' title='bbox 668 2727 723 2790; x_wconf 87' lang='grc' dir='ltr'>καί</span> <span class='ocrx_word' id='word_1_228' title='bbox 738 2726 937 2812; x_wconf 82' lang='grc' dir='ltr'>διασωθῆναι,</span> <span class='ocrx_word' id='word_1_229' title='bbox 981 2732 1148 2811; x_wconf 79' lang='lat' dir='ltr'><strong>giensque</strong></span> <span class='ocrx_word' id='word_1_230' title='bbox 1164 2735 1350 2795; x_wconf 86' lang='lat' dir='ltr'><strong>venatores:</strong></span> <span class='ocrx_word' id='word_1_231' title='bbox 1363 2747 1401 2794; x_wconf 88' lang='lat' dir='ltr'>ao</span> <span class='ocrx_word' id='word_1_232' title='bbox 1413 2731 1443 2793; x_wconf 89' lang='lat' dir='ltr'><strong>si</strong></span> <span class='ocrx_word' id='word_1_233' title='bbox 1454 2729 1651 2794; x_wconf 83' lang='lat' dir='ltr'><strong>Deiauxilio</strong></span> <span class='ocrx_word' id='word_1_234' title='bbox 1663 2729 1726 2793; x_wconf 78' lang='lat' dir='ltr'><strong>ire-</strong></span> 
     </span>
     <span class='ocr_line' id='line_1_22' title="bbox 194 2827 1728 2918; baseline 0 -21"><span class='ocrx_word' id='word_1_235' title='bbox 194 2835 275 2897; x_wconf 81' lang='grc' dir='ltr'>εἴποι</span> <span class='ocrx_word' id='word_1_236' title='bbox 294 2833 352 2898; x_wconf 81' lang='grc' dir='ltr'>ἄν·</span> <span class='ocrx_word' id='word_1_237' title='bbox 375 2827 416 2898; x_wconf 90' lang='grc' dir='ltr'><strong>Ἦ</strong></span> <span class='ocrx_word' id='word_1_238' title='bbox 432 2832 519 2917; x_wconf 77' lang='grc' dir='ltr'>ψυχὴ</span> <span class='ocrx_word' id='word_1_239' title='bbox 540 2831 640 2916; x_wconf 79' lang='grc' dir='ltr'>ημῶν,</span> <span class='ocrx_word' id='word_1_240' title='bbox 657 2828 698 2907; x_wconf 84' lang='grc' dir='ltr'>ύς</span> <span class='ocrx_word' id='word_1_241' title='bbox 713 2829 875 2914; x_wconf 92' lang='grc' dir='ltr'>στρουθίον</span> <span class='ocrx_word' id='word_1_242' title='bbox 890 2831 938 2918; x_wconf 77' lang='grc' dir='ltr'>ἐρ·</span> <span class='ocrx_word' id='word_1_243' title='bbox 981 2841 1048 2914; x_wconf 85' lang='lat' dir='ltr'><strong>tus,</strong></span> <span class='ocrx_word' id='word_1_244' title='bbox 1064 2839 1103 2898; x_wconf 90' lang='lat' dir='ltr'>ut</span> <span class='ocrx_word' id='word_1_245' title='bbox 1118 2836 1268 2912; x_wconf 82' lang='lat' dir='ltr'><strong>migrare</strong></span> <span class='ocrx_word' id='word_1_246' title='bbox 1283 2834 1431 2915; x_wconf 90' lang='lat' dir='ltr'><strong>potuerit</strong></span> <span class='ocrx_word' id='word_1_247' title='bbox 1445 2837 1479 2896; x_wconf 88' lang='lat' dir='ltr'><strong>et</strong></span> <span class='ocrx_word' id='word_1_248' title='bbox 1502 2835 1680 2898; x_wconf 89' lang='lat' dir='ltr'><strong>incolumis</strong></span> <span class='ocrx_word' id='word_1_249' title='bbox 1695 2851 1728 2897; x_wconf 89' lang='lat' dir='ltr'><strong>e-</strong></span> 
     </span>
     <span class='ocr_line' id='line_1_23' title="bbox 192 2931 1728 3023; baseline -0.001 -20"><span class='ocrx_word' id='word_1_250' title='bbox 192 2937 290 3023; x_wconf 77' lang='grc' dir='ltr'>ρύσθη</span> <span class='ocrx_word' id='word_1_251' title='bbox 305 2937 346 3002; x_wconf 85' lang='grc' dir='ltr'>ἐκ</span> <span class='ocrx_word' id='word_1_252' title='bbox 359 2945 416 3022; x_wconf 82' lang='grc' dir='ltr'>της</span> <span class='ocrx_word' id='word_1_253' title='bbox 431 2931 564 3022; x_wconf 87' lang='grc' dir='ltr'>παγίδος</span> <span class='ocrx_word' id='word_1_254' title='bbox 578 2944 639 3000; x_wconf 89' lang='grc' dir='ltr'>τῶν</span> <span class='ocrx_word' id='word_1_255' title='bbox 654 2933 864 3020; x_wconf 75' lang='grc' dir='ltr'>θηρευόντων.</span> <span class='ocrx_word' id='word_1_256' title='bbox 982 2938 1114 3018; x_wconf 85' lang='lat' dir='ltr'><strong>vedere,</strong></span> <span class='ocrx_word' id='word_1_257' title='bbox 1140 2937 1280 3002; x_wconf 80' lang='lat' dir='ltr'><strong>dixerit:</strong></span> <span class='ocrx_word' id='word_1_258' title='bbox 1315 2938 1466 3000; x_wconf 80' lang='lat' dir='ltr'><strong>«Anima</strong></span> <span class='ocrx_word' id='word_1_259' title='bbox 1492 2941 1608 3001; x_wconf 89' lang='lat' dir='ltr'><strong>nostra</strong></span> <span class='ocrx_word' id='word_1_260' title='bbox 1639 2938 1728 3002; x_wconf 88' lang='lat' dir='ltr'><strong>sicut</strong></span> 
     </span>
    </p>

    <p class='ocr_par' dir='ltr' id='par_1_6' title="bbox 981 3041 1727 3122">
     <span class='ocr_line' id='line_1_24' title="bbox 981 3041 1727 3122; baseline -0.004 -18"><span class='ocrx_word' id='word_1_261' title='bbox 981 3059 1096 3122; x_wconf 86' lang='lat' dir='ltr'><strong>passer</strong></span> <span class='ocrx_word' id='word_1_262' title='bbox 1108 3045 1223 3122; x_wconf 88' lang='lat' dir='ltr'><strong>erepta</strong></span> <span class='ocrx_word' id='word_1_263' title='bbox 1235 3047 1286 3106; x_wconf 91' lang='lat' dir='ltr'>est</span> <span class='ocrx_word' id='word_1_264' title='bbox 1297 3041 1337 3106; x_wconf 92' lang='lat' dir='ltr'><strong>de</strong></span> <span class='ocrx_word' id='word_1_265' title='bbox 1351 3043 1472 3122; x_wconf 85' lang='lat' dir='ltr'><strong>laqueo</strong></span> <span class='ocrx_word' id='word_1_266' title='bbox 1486 3042 1695 3105; x_wconf 85' lang='lat' dir='ltr'><strong>venantium.</strong></span> <span class='ocrx_word' id='word_1_267' title='bbox 1709 3062 1727 3101; x_wconf 86' lang='grc' dir='ltr'>υ</span> 
     </span>
    </p>

    <p class='ocr_par' dir='ltr' id='par_1_7' title="bbox 193 3140 1730 3853">
     <span class='ocr_line' id='line_1_25' title="bbox 236 3140 1730 3228; baseline 0 -18"><span class='ocrx_word' id='word_1_268' title='bbox 236 3167 267 3211; x_wconf 88' lang='grc' dir='ltr'>ν.</span> <span class='ocrx_word' id='word_1_269' title='bbox 285 3147 351 3210; x_wconf 86' lang='grc'><strong>4-6.</strong></span> <span class='ocrx_word' id='word_1_270' title='bbox 366 3140 438 3209; x_wconf 88' lang='grc' dir='ltr'>Ὅτι</span> <span class='ocrx_word' id='word_1_271' title='bbox 454 3140 676 3227; x_wconf 74' lang='grc' dir='ltr'>δκατηρτησω</span> <span class='ocrx_word' id='word_1_272' title='bbox 688 3141 855 3209; x_wconf 76' lang='grc' dir='ltr'>καθεῖλον·</span> <span class='ocrx_word' id='word_1_273' title='bbox 870 3140 888 3207; x_wconf 87' lang='grc' dir='ltr'>ύ</span> <span class='ocrx_word' id='word_1_274' title='bbox 903 3143 939 3209; x_wconf 82' lang='grc' dir='ltr'>δέ</span> <span class='ocrx_word' id='word_1_275' title='bbox 1026 3164 1057 3209; x_wconf 89' lang='grc' dir='ltr'>ν.</span> <span class='ocrx_word' id='word_1_276' title='bbox 1072 3147 1138 3210; x_wconf 86' lang='grc'><strong>4-6.</strong></span> <span class='ocrx_word' id='word_1_277' title='bbox 1163 3147 1318 3222; x_wconf 70' lang='grc' dir='ltr'>θαυαίαικ</span> <span class='ocrx_word' id='word_1_278' title='bbox 1340 3163 1409 3228; x_wconf 76' lang='lat' dir='ltr'>quc</span> <span class='ocrx_word' id='word_1_279' title='bbox 1415 3145 1589 3228; x_wconf 77' lang='lat' dir='ltr'><strong>perfecisti</strong></span> <span class='ocrx_word' id='word_1_280' title='bbox 1606 3142 1730 3212; x_wconf 78' lang='grc' dir='ltr'>ιίασίινι·</span> 
     </span>
     <span class='ocr_line' id='line_1_26' title="bbox 194 3244 1729 3334; baseline 0.003 -20"><span class='ocrx_word' id='word_1_281' title='bbox 194 3247 313 3327; x_wconf 90' lang='grc' dir='ltr'>δίκαιος</span> <span class='ocrx_word' id='word_1_282' title='bbox 329 3247 359 3314; x_wconf 89' lang='grc' dir='ltr'>τί</span> <span class='ocrx_word' id='word_1_283' title='bbox 373 3245 520 3333; x_wconf 84' lang='grc' dir='ltr'>ἐποίησε;</span> <span class='ocrx_word' id='word_1_284' title='bbox 536 3246 653 3332; x_wconf 87' lang='grc' dir='ltr'>Κύριος</span> <span class='ocrx_word' id='word_1_285' title='bbox 665 3245 697 3310; x_wconf 89' lang='grc' dir='ltr'>ἐν</span> <span class='ocrx_word' id='word_1_286' title='bbox 710 3256 775 3332; x_wconf 85' lang='grc' dir='ltr'>ναῷ</span> <span class='ocrx_word' id='word_1_287' title='bbox 790 3244 871 3332; x_wconf 77' lang='grc' dir='ltr'>ἁγίῳ</span> <span class='ocrx_word' id='word_1_288' title='bbox 886 3248 940 3310; x_wconf 89' lang='grc' dir='ltr'>αύ-</span> <span class='ocrx_word' id='word_1_289' title='bbox 981 3254 1106 3316; x_wconf 78' lang='grc' dir='ltr'>αονααί.</span> <span class='ocrx_word' id='word_1_290' title='bbox 1122 3252 1238 3316; x_wconf 71' lang='lat' dir='ltr'><strong>lutatus</strong></span> <span class='ocrx_word' id='word_1_291' title='bbox 1248 3255 1354 3316; x_wconf 75' lang='lat' dir='ltr'><strong>cotem</strong></span> <span class='ocrx_word' id='word_1_292' title='bbox 1365 3249 1558 3334; x_wconf 75' lang='lat' dir='ltr'><strong>quidsecii?</strong></span> <span class='ocrx_word' id='word_1_293' title='bbox 1572 3253 1729 3318; x_wconf 74' lang='lat' dir='ltr'><strong>nominoe</strong></span> 
     </span>
     <span class='ocr_line' id='line_1_27' title="bbox 193 3349 1728 3439; baseline 0.003 -21"><span class='ocrx_word' id='word_1_294' title='bbox 193 3365 264 3419; x_wconf 89' lang='grc' dir='ltr'>τοῦ·</span> <span class='ocrx_word' id='word_1_295' title='bbox 280 3353 395 3439; x_wconf 90' lang='grc' dir='ltr'>Κύριος</span> <span class='ocrx_word' id='word_1_296' title='bbox 418 3351 451 3416; x_wconf 88' lang='grc' dir='ltr'>ἐν</span> <span class='ocrx_word' id='word_1_297' title='bbox 467 3353 588 3437; x_wconf 75' lang='grc' dir='ltr'>οὐρανῷ</span> <span class='ocrx_word' id='word_1_298' title='bbox 603 3352 621 3416; x_wconf 89' lang='grc' dir='ltr'>ό</span> <span class='ocrx_word' id='word_1_299' title='bbox 642 3350 757 3436; x_wconf 84' lang='grc' dir='ltr'>θρόνος</span> <span class='ocrx_word' id='word_1_300' title='bbox 773 3351 885 3414; x_wconf 80' lang='grc' dir='ltr'>αὐτοῦ·</span> <span class='ocrx_word' id='word_1_301' title='bbox 910 3349 939 3415; x_wconf 84' lang='grc' dir='ltr'>οἱ</span> <span class='ocrx_word' id='word_1_302' title='bbox 982 3354 1018 3418; x_wconf 80' lang='lat' dir='ltr'>ia</span> <span class='ocrx_word' id='word_1_303' title='bbox 1032 3354 1146 3434; x_wconf 81' lang='lat' dir='ltr'><strong>templo</strong></span> <span class='ocrx_word' id='word_1_304' title='bbox 1159 3358 1268 3418; x_wconf 80' lang='lat' dir='ltr'><strong>sancto</strong></span> <span class='ocrx_word' id='word_1_305' title='bbox 1282 3372 1349 3435; x_wconf 74' lang='lat' dir='ltr'><strong>sato,</strong></span> <span class='ocrx_word' id='word_1_306' title='bbox 1367 3356 1525 3420; x_wconf 80' lang='lat' dir='ltr'><strong>Dominus</strong></span> <span class='ocrx_word' id='word_1_307' title='bbox 1539 3357 1576 3420; x_wconf 80' lang='lat' dir='ltr'>io</span> <span class='ocrx_word' id='word_1_308' title='bbox 1594 3356 1667 3422; x_wconf 78' lang='lat' dir='ltr'>culo</span> <span class='ocrx_word' id='word_1_309' title='bbox 1681 3373 1728 3422; x_wconf 79' lang='lat' dir='ltr'><strong>se·</strong></span> 
     </span>
     <span class='ocr_line' id='line_1_28' title="bbox 193 3451 1725 3544; baseline -0.001 -21"><span class='ocrx_word' id='word_1_310' title='bbox 193 3457 349 3544; x_wconf 81' lang='grc' dir='ltr'>ὀφθαλμοί</span> <span class='ocrx_word' id='word_1_311' title='bbox 363 3454 458 3522; x_wconf 78' lang='grc' dir='ltr'>αὐτοῦ</span> <span class='ocrx_word' id='word_1_312' title='bbox 473 3459 517 3534; x_wconf 90' lang='grc' dir='ltr'>είς</span> <span class='ocrx_word' id='word_1_313' title='bbox 538 3459 592 3522; x_wconf 90' lang='grc' dir='ltr'>τόν</span> <span class='ocrx_word' id='word_1_314' title='bbox 608 3455 728 3540; x_wconf 81' lang='grc' dir='ltr'>πένητα</span> <span class='ocrx_word' id='word_1_315' title='bbox 743 3451 940 3519; x_wconf 79' lang='grc' dir='ltr'>ἀπσόλέπου-</span> <span class='ocrx_word' id='word_1_316' title='bbox 981 3457 1036 3523; x_wconf 81' lang='lat' dir='ltr'><strong>des</strong></span> <span class='ocrx_word' id='word_1_317' title='bbox 1046 3457 1125 3538; x_wconf 71' lang='grc' dir='ltr'>ον’νν.</span> <span class='ocrx_word' id='word_1_318' title='bbox 1138 3457 1230 3523; x_wconf 76' lang='lat' dir='ltr'><strong>Oculi</strong></span> <span class='ocrx_word' id='word_1_319' title='bbox 1238 3458 1310 3540; x_wconf 77' lang='lat' dir='ltr'><strong>ejus</strong></span> <span class='ocrx_word' id='word_1_320' title='bbox 1320 3459 1725 3540; x_wconf 67' lang='lat' dir='ltr'><strong>impauperemrcspiciunt.</strong></span> 
     </span>
     <span class='ocr_line' id='line_1_29' title="bbox 194 3558 1726 3648; baseline 0.001 -21"><span class='ocrx_word' id='word_1_321' title='bbox 194 3564 294 3647; x_wconf 90' lang='grc' dir='ltr'>σι,τά</span> <span class='ocrx_word' id='word_1_322' title='bbox 316 3560 459 3648; x_wconf 77' lang='grc' dir='ltr'>βλέφαρα</span> <span class='ocrx_word' id='word_1_323' title='bbox 481 3562 577 3625; x_wconf 79' lang='grc' dir='ltr'>αὐτοῦ</span> <span class='ocrx_word' id='word_1_324' title='bbox 600 3558 738 3638; x_wconf 79' lang='grc' dir='ltr'>ἐξετάζει</span> <span class='ocrx_word' id='word_1_325' title='bbox 760 3560 833 3635; x_wconf 90' lang='grc' dir='ltr'>τοὺς</span> <span class='ocrx_word' id='word_1_326' title='bbox 855 3558 940 3637; x_wconf 81' lang='grc' dir='ltr'>υἱοὺς</span> <span class='ocrx_word' id='word_1_327' title='bbox 981 3561 1144 3642; x_wconf 65' lang='lat' dir='ltr'><strong>Palpebrae</strong></span> <span class='ocrx_word' id='word_1_328' title='bbox 1156 3562 1539 3645; x_wconf 75' lang='lat' dir='ltr'><strong>ejminterropontstlios</strong></span> <span class='ocrx_word' id='word_1_329' title='bbox 1552 3564 1726 3644; x_wconf 66' lang='lat' dir='ltr'><strong>hominum</strong></span> 
     </span>
     <span class='ocr_line' id='line_1_30' title="bbox 195 3660 1671 3752; baseline -0.003 -18"><span class='ocrx_word' id='word_1_330' title='bbox 195 3677 256 3734; x_wconf 90' lang='grc' dir='ltr'>τῶν</span> <span class='ocrx_word' id='word_1_331' title='bbox 270 3665 448 3752; x_wconf 78' lang='grc' dir='ltr'>ἀνθρώπων.</span> <span class='ocrx_word' id='word_1_332' title='bbox 464 3664 582 3750; x_wconf 89' lang='grc' dir='ltr'>Κύριος</span> <span class='ocrx_word' id='word_1_333' title='bbox 597 3661 736 3744; x_wconf 75' lang='grc' dir='ltr'>ἐξετάζει</span> <span class='ocrx_word' id='word_1_334' title='bbox 750 3663 803 3727; x_wconf 88' lang='grc' dir='ltr'>τόν</span> <span class='ocrx_word' id='word_1_335' title='bbox 818 3660 938 3729; x_wconf 89' lang='grc' dir='ltr'>δίκαιον</span> <span class='ocrx_word' id='word_1_336' title='bbox 982 3667 1140 3732; x_wconf 78' lang='lat' dir='ltr'><strong>Dominus</strong></span> <span class='ocrx_word' id='word_1_337' title='bbox 1152 3665 1469 3750; x_wconf 77' lang='lat' dir='ltr'><strong>interroputjuetum</strong></span> <span class='ocrx_word' id='word_1_338' title='bbox 1483 3672 1515 3732; x_wconf 79' lang='lat' dir='ltr'><strong>et</strong></span> <span class='ocrx_word' id='word_1_339' title='bbox 1526 3667 1671 3750; x_wconf 70' lang='lat' dir='ltr'><strong>impiant.</strong></span> 
     </span>
     <span class='ocr_line' id='line_1_31' title="bbox 195 3767 1726 3853; baseline -0.001 -18"><span class='ocrx_word' id='word_1_340' title='bbox 195 3772 250 3835; x_wconf 87' lang='grc' dir='ltr'>καί</span> <span class='ocrx_word' id='word_1_341' title='bbox 264 3773 317 3836; x_wconf 90' lang='grc' dir='ltr'>τόν</span> <span class='ocrx_word' id='word_1_342' title='bbox 333 3767 444 3853; x_wconf 78' lang='grc' dir='ltr'>ἀσεδη.</span> <span class='ocrx_word' id='word_1_343' title='bbox 978 3795 980 3802; x_wconf 55' lang='grc'>’</span> <span class='ocrx_word' id='word_1_344' title='bbox 1026 3769 1125 3832; x_wconf 86' lang='lat' dir='ltr'><strong>Haud</strong></span> <span class='ocrx_word' id='word_1_345' title='bbox 1139 3771 1289 3833; x_wconf 90' lang='lat' dir='ltr'><strong>contenti</strong></span> <span class='ocrx_word' id='word_1_346' title='bbox 1304 3773 1494 3850; x_wconf 86' lang='lat' dir='ltr'><strong>peccatores</strong></span> <span class='ocrx_word' id='word_1_347' title='bbox 1515 3775 1623 3834; x_wconf 87' lang='lat' dir='ltr'><strong>semet</strong></span> <span class='ocrx_word' id='word_1_348' title='bbox 1637 3772 1726 3852; x_wconf 90' lang='lat' dir='ltr'><strong>ipsos</strong></span> 
     </span>
    </p>

    <p class='ocr_par' dir='ltr' id='par_1_8' title="bbox 182 3867 1727 4896">
     <span class='ocr_line' id='line_1_32' title="bbox 238 3867 1727 3962; baseline -0.001 -23"><span class='ocrx_word' id='word_1_349' title='bbox 238 3874 291 3962; x_wconf 74' lang='grc' dir='ltr'>Μὴ</span> <span class='ocrx_word' id='word_1_350' title='bbox 309 3874 496 3959; x_wconf 80' lang='grc' dir='ltr'>ἀρκούμενοι</span> <span class='ocrx_word' id='word_1_351' title='bbox 509 3872 548 3956; x_wconf 72' lang='grc' dir='ltr'>τῇ</span> <span class='ocrx_word' id='word_1_352' title='bbox 564 3869 683 3936; x_wconf 78' lang='grc' dir='ltr'>ἑαυτῶν</span> <span class='ocrx_word' id='word_1_353' title='bbox 703 3867 844 3954; x_wconf 81' lang='grc' dir='ltr'>ἀπωλείᾳ</span> <span class='ocrx_word' id='word_1_354' title='bbox 859 3868 888 3934; x_wconf 87' lang='grc' dir='ltr'>οἱ</span> <span class='ocrx_word' id='word_1_355' title='bbox 904 3869 939 3935; x_wconf 88' lang='grc' dir='ltr'>όι-</span> <span class='ocrx_word' id='word_1_356' title='bbox 982 3873 1130 3954; x_wconf 84' lang='lat' dir='ltr'><strong>perdere,</strong></span> <span class='ocrx_word' id='word_1_357' title='bbox 1146 3874 1229 3954; x_wconf 91' lang='lat' dir='ltr'><strong>quin</strong></span> <span class='ocrx_word' id='word_1_358' title='bbox 1245 3880 1287 3954; x_wconf 87' lang='lat' dir='ltr'><strong>et,</strong></span> <span class='ocrx_word' id='word_1_359' title='bbox 1302 3873 1502 3938; x_wconf 77' lang='lat' dir='ltr'><strong>itraheutes</strong></span> <span class='ocrx_word' id='word_1_360' title='bbox 1517 3879 1727 3956; x_wconf 85' lang='lat' dir='ltr'><strong>peccatesua</strong></span> 
     </span>
     <span class='ocr_line' id='line_1_33' title="bbox 195 3973 1726 4064; baseline 0 -22"><span class='ocrx_word' id='word_1_361' title='bbox 195 3977 362 4064; x_wconf 83' lang='grc' dir='ltr'>μαρτωλοί,</span> <span class='ocrx_word' id='word_1_362' title='bbox 385 3975 457 4042; x_wconf 85' lang='grc' dir='ltr'>ἀλλ’</span> <span class='ocrx_word' id='word_1_363' title='bbox 475 3974 685 4060; x_wconf 80' lang='grc' dir='ltr'>ἐπισπόμενοι</span> <span class='ocrx_word' id='word_1_364' title='bbox 706 3975 762 4050; x_wconf 84' lang='grc' dir='ltr'>τὰς</span> <span class='ocrx_word' id='word_1_365' title='bbox 785 3973 940 4059; x_wconf 80' lang='grc' dir='ltr'>ἁμαρτίας</span> <span class='ocrx_word' id='word_1_366' title='bbox 982 3977 1128 4040; x_wconf 82' lang='lat' dir='ltr'><strong>velutin</strong></span> <span class='ocrx_word' id='word_1_367' title='bbox 1143 3975 1223 4040; x_wconf 85' lang='lat' dir='ltr'><strong>fune</strong></span> <span class='ocrx_word' id='word_1_368' title='bbox 1246 3979 1359 4057; x_wconf 81' lang='lat' dir='ltr'><strong>longo,</strong></span> <span class='ocrx_word' id='word_1_369' title='bbox 1377 3982 1410 4040; x_wconf 87' lang='lat' dir='ltr'><strong>et</strong></span> <span class='ocrx_word' id='word_1_370' title='bbox 1428 3978 1624 4060; x_wconf 85' lang='lat' dir='ltr'><strong>iniquitates</strong></span> <span class='ocrx_word' id='word_1_371' title='bbox 1646 3996 1726 4042; x_wconf 88' lang='lat' dir='ltr'><strong>suas</strong></span> 
     </span>
     <span class='ocr_line' id='line_1_34' title="bbox 196 4076 1725 4169; baseline -0.003 -21"><span class='ocrx_word' id='word_1_372' title='bbox 196 4082 238 4160; x_wconf 87' lang='grc' dir='ltr'>ῶς</span> <span class='ocrx_word' id='word_1_373' title='bbox 253 4080 380 4169; x_wconf 88' lang='grc' dir='ltr'>σχοινίιρ</span> <span class='ocrx_word' id='word_1_374' title='bbox 392 4088 511 4167; x_wconf 81' lang='grc' dir='ltr'>μακρῷ,</span> <span class='ocrx_word' id='word_1_375' title='bbox 526 4081 581 4144; x_wconf 84' lang='grc' dir='ltr'>καί</span> <span class='ocrx_word' id='word_1_376' title='bbox 596 4077 638 4155; x_wconf 83' lang='grc' dir='ltr'>ὡς</span> <span class='ocrx_word' id='word_1_377' title='bbox 658 4078 753 4165; x_wconf 80' lang='grc' dir='ltr'>ζυγόν</span> <span class='ocrx_word' id='word_1_378' title='bbox 768 4076 872 4163; x_wconf 78' lang='grc' dir='ltr'>ἱμάντι</span> <span class='ocrx_word' id='word_1_379' title='bbox 886 4077 940 4142; x_wconf 75' lang='grc' dir='ltr'>δα</span> <span class='ocrx_word' id='word_1_380' title='bbox 982 4085 1146 4162; x_wconf 86' lang='lat' dir='ltr'><strong>tauquam</strong></span> <span class='ocrx_word' id='word_1_381' title='bbox 1164 4079 1291 4160; x_wconf 83' lang='lat' dir='ltr'><strong>jugum</strong></span> <span class='ocrx_word' id='word_1_382' title='bbox 1308 4099 1385 4144; x_wconf 90' lang='lat' dir='ltr'>oum</span> <span class='ocrx_word' id='word_1_383' title='bbox 1401 4082 1472 4145; x_wconf 89' lang='lat' dir='ltr'><strong>loro</strong></span> <span class='ocrx_word' id='word_1_384' title='bbox 1494 4081 1634 4161; x_wconf 67' lang='lat' dir='ltr'><strong>vituli»</strong></span> <span class='ocrx_word' id='word_1_385' title='bbox 1651 4100 1725 4146; x_wconf 89' lang='lat' dir='ltr'><strong>sese</strong></span> 
     </span>
     <span class='ocr_line' id='line_1_35' title="bbox 196 4181 1726 4273; baseline -0.001 -21"><span class='ocrx_word' id='word_1_386' title='bbox 196 4187 320 4273; x_wconf 84' lang='grc' dir='ltr'>μάλεως</span> <span class='ocrx_word' id='word_1_387' title='bbox 349 4187 405 4262; x_wconf 78' lang='grc' dir='ltr'>τὰς</span> <span class='ocrx_word' id='word_1_388' title='bbox 435 4181 575 4270; x_wconf 87' lang='grc' dir='ltr'>ἀνομίας,</span> <span class='ocrx_word' id='word_1_389' title='bbox 606 4181 754 4268; x_wconf 82' lang='grc' dir='ltr'>πολεμεῖν</span> <span class='ocrx_word' id='word_1_390' title='bbox 781 4183 854 4260; x_wconf 84' lang='grc' dir='ltr'>τοὺς</span> <span class='ocrx_word' id='word_1_391' title='bbox 883 4192 938 4247; x_wconf 92' lang='grc' dir='ltr'>τοῦ</span> <span class='ocrx_word' id='word_1_392' title='bbox 983 4184 1169 4262; x_wconf 78' lang='lat' dir='ltr'><strong>accingunt</strong></span> <span class='ocrx_word' id='word_1_393' title='bbox 1191 4184 1233 4247; x_wconf 89' lang='lat' dir='ltr'>ad</span> <span class='ocrx_word' id='word_1_394' title='bbox 1247 4186 1375 4249; x_wconf 89' lang='lat' dir='ltr'><strong>bellum</strong></span> <span class='ocrx_word' id='word_1_395' title='bbox 1390 4183 1551 4249; x_wconf 84' lang='lat' dir='ltr'><strong>adversus</strong></span> <span class='ocrx_word' id='word_1_396' title='bbox 1574 4185 1726 4251; x_wconf 90' lang='lat' dir='ltr'><strong>homiues</strong></span> 
     </span>
     <span class='ocr_line' id='line_1_36' title="bbox 196 4286 1726 4375; baseline 0 -19"><span class='ocrx_word' id='word_1_397' title='bbox 196 4287 279 4356; x_wconf 85' lang='grc' dir='ltr'>Θεοῦ</span> <span class='ocrx_word' id='word_1_398' title='bbox 295 4289 474 4375; x_wconf 79' lang='grc' dir='ltr'>ἀνθρώπους</span> <span class='ocrx_word' id='word_1_399' title='bbox 489 4286 793 4372; x_wconf 81' lang='grc' dir='ltr'>παρασκευάζονται,</span> <span class='ocrx_word' id='word_1_400' title='bbox 809 4288 864 4350; x_wconf 82' lang='grc' dir='ltr'>καὶ</span> <span class='ocrx_word' id='word_1_401' title='bbox 878 4306 935 4349; x_wconf 88' lang='grc' dir='ltr'>κα-</span> <span class='ocrx_word' id='word_1_402' title='bbox 983 4288 1055 4367; x_wconf 87' lang='lat' dir='ltr'><strong>Dei,</strong></span> <span class='ocrx_word' id='word_1_403' title='bbox 1072 4293 1105 4351; x_wconf 88' lang='lat' dir='ltr'><strong>et</strong></span> <span class='ocrx_word' id='word_1_404' title='bbox 1113 4307 1195 4352; x_wconf 88' lang='lat' dir='ltr'><strong>arou</strong></span> <span class='ocrx_word' id='word_1_405' title='bbox 1210 4289 1367 4352; x_wconf 89' lang='lat' dir='ltr'><strong>nituntur</strong></span> <span class='ocrx_word' id='word_1_406' title='bbox 1385 4306 1441 4353; x_wconf 90' lang='lat' dir='ltr'>eos</span> <span class='ocrx_word' id='word_1_407' title='bbox 1457 4291 1594 4354; x_wconf 78' lang='lat' dir='ltr'><strong>malitiae</strong></span> <span class='ocrx_word' id='word_1_408' title='bbox 1602 4290 1726 4371; x_wconf 85' lang='lat' dir='ltr'><strong>jaculis</strong></span> 
     </span>
     <span class='ocr_line' id='line_1_37' title="bbox 195 4387 1727 4475; baseline 0 -18"><span class='ocrx_word' id='word_1_409' title='bbox 195 4393 370 4472; x_wconf 80' lang='grc' dir='ltr'>τατοξεύειν</span> <span class='ocrx_word' id='word_1_410' title='bbox 382 4393 494 4468; x_wconf 83' lang='grc' dir='ltr'>αὐτοὺς</span> <span class='ocrx_word' id='word_1_411' title='bbox 505 4399 671 4475; x_wconf 87' lang='grc' dir='ltr'>πειρῶνται</span> <span class='ocrx_word' id='word_1_412' title='bbox 681 4399 744 4466; x_wconf 81' lang='grc' dir='ltr'>τοῖς</span> <span class='ocrx_word' id='word_1_413' title='bbox 755 4398 812 4474; x_wconf 81' lang='grc' dir='ltr'>της</span> <span class='ocrx_word' id='word_1_414' title='bbox 824 4387 939 4467; x_wconf 88' lang='grc' dir='ltr'>κακίας</span> <span class='ocrx_word' id='word_1_415' title='bbox 983 4391 1169 4456; x_wconf 86' lang='lat' dir='ltr'><strong>confodere.</strong></span> <span class='ocrx_word' id='word_1_416' title='bbox 1185 4395 1253 4456; x_wconf 86' lang='lat' dir='ltr'><strong>Alii</strong></span> <span class='ocrx_word' id='word_1_417' title='bbox 1269 4410 1348 4456; x_wconf 91' lang='lat' dir='ltr'><strong>vero</strong></span> <span class='ocrx_word' id='word_1_418' title='bbox 1363 4393 1544 4458; x_wconf 86' lang='lat' dir='ltr'><strong>calumniis</strong></span> <span class='ocrx_word' id='word_1_419' title='bbox 1565 4395 1727 4475; x_wconf 89' lang='lat' dir='ltr'><strong>impeten-</strong></span> 
     </span>
     <span class='ocr_line' id='line_1_38' title="bbox 196 4493 1727 4581; baseline 0.001 -21"><span class='ocrx_word' id='word_1_420' title='bbox 196 4497 298 4564; x_wconf 88' lang='grc' dir='ltr'>αὐτῶν</span> <span class='ocrx_word' id='word_1_421' title='bbox 321 4499 392 4574; x_wconf 81' lang='grc' dir='ltr'>ἰοῖς·</span> <span class='ocrx_word' id='word_1_422' title='bbox 418 4496 446 4561; x_wconf 90' lang='grc' dir='ltr'>σί</span> <span class='ocrx_word' id='word_1_423' title='bbox 472 4496 508 4560; x_wconf 82' lang='grc' dir='ltr'>δὲ</span> <span class='ocrx_word' id='word_1_424' title='bbox 531 4493 751 4581; x_wconf 86' lang='grc' dir='ltr'>βασκαίνοντες</span> <span class='ocrx_word' id='word_1_425' title='bbox 774 4493 876 4559; x_wconf 85' lang='grc' dir='ltr'>αὐτῶν</span> <span class='ocrx_word' id='word_1_426' title='bbox 898 4505 937 4581; x_wconf 76' lang='grc' dir='ltr'>τῇ</span> <span class='ocrx_word' id='word_1_427' title='bbox 982 4500 1032 4560; x_wconf 90' lang='lat' dir='ltr'>tes</span> <span class='ocrx_word' id='word_1_428' title='bbox 1057 4515 1176 4577; x_wconf 90' lang='lat' dir='ltr'><strong>puram</strong></span> <span class='ocrx_word' id='word_1_429' title='bbox 1196 4495 1367 4576; x_wconf 89' lang='lat' dir='ltr'><strong>justorum</strong></span> <span class='ocrx_word' id='word_1_430' title='bbox 1385 4498 1628 4577; x_wconf 85' lang='lat' dir='ltr'><strong>integritatem,</strong></span> <span class='ocrx_word' id='word_1_431' title='bbox 1651 4515 1727 4562; x_wconf 90' lang='lat' dir='ltr'><strong>con-</strong></span> 
     </span>
     <span class='ocr_line' id='line_1_39' title="bbox 194 4596 1725 4685; baseline -0.001 -20"><span class='ocrx_word' id='word_1_432' title='bbox 194 4601 332 4685; x_wconf 84' lang='grc' dir='ltr'>τοσαύτη</span> <span class='ocrx_word' id='word_1_433' title='bbox 347 4598 547 4684; x_wconf 88' lang='grc' dir='ltr'>καθαρότητι,</span> <span class='ocrx_word' id='word_1_434' title='bbox 564 4608 694 4684; x_wconf 82' lang='grc' dir='ltr'>συγχεῖν</span> <span class='ocrx_word' id='word_1_435' title='bbox 708 4596 858 4662; x_wconf 81' lang='grc' dir='ltr'>αὐτῶντὸ</span> <span class='ocrx_word' id='word_1_436' title='bbox 874 4599 939 4664; x_wconf 82' lang='grc' dir='ltr'>δια·</span> <span class='ocrx_word' id='word_1_437' title='bbox 983 4601 1123 4664; x_wconf 83' lang='lat' dir='ltr'><strong>fundere</strong></span> <span class='ocrx_word' id='word_1_438' title='bbox 1135 4602 1258 4664; x_wconf 89' lang='lat' dir='ltr'><strong>mentis</strong></span> <span class='ocrx_word' id='word_1_439' title='bbox 1270 4617 1386 4664; x_wconf 92' lang='lat' dir='ltr'><strong>eorum</strong></span> <span class='ocrx_word' id='word_1_440' title='bbox 1398 4619 1539 4664; x_wconf 86' lang='lat' dir='ltr'><strong>acumen</strong></span> <span class='ocrx_word' id='word_1_441' title='bbox 1551 4607 1725 4682; x_wconf 89' lang='lat' dir='ltr'><strong>conantur,</strong></span> 
     </span>
     <span class='ocr_line' id='line_1_40' title="bbox 182 4701 1727 4791; baseline -0.002 -20"><span class='ocrx_word' id='word_1_442' title='bbox 182 4707 339 4791; x_wconf 72' lang='grc' dir='ltr'>,νοητικὸν</span> <span class='ocrx_word' id='word_1_443' title='bbox 362 4713 537 4787; x_wconf 85' lang='grc' dir='ltr'>πειρῶνται,</span> <span class='ocrx_word' id='word_1_444' title='bbox 563 4704 618 4767; x_wconf 83' lang='grc' dir='ltr'>καί</span> <span class='ocrx_word' id='word_1_445' title='bbox 641 4705 699 4788; x_wconf 84' lang='grc' dir='ltr'>τὴν</span> <span class='ocrx_word' id='word_1_446' title='bbox 728 4701 938 4787; x_wconf 78' lang='grc' dir='ltr'>σκοτομηνην,</span> <span class='ocrx_word' id='word_1_447' title='bbox 983 4723 1023 4768; x_wconf 88' lang='lat' dir='ltr'>ac</span> <span class='ocrx_word' id='word_1_448' title='bbox 1037 4704 1143 4767; x_wconf 87' lang='lat' dir='ltr'><strong>veluti</strong></span> <span class='ocrx_word' id='word_1_449' title='bbox 1156 4705 1257 4784; x_wconf 86' lang='lat' dir='ltr'><strong>sepiae</strong></span> <span class='ocrx_word' id='word_1_450' title='bbox 1268 4708 1505 4784; x_wconf 83' lang='lat' dir='ltr'><strong>atramentum,</strong></span> <span class='ocrx_word' id='word_1_451' title='bbox 1517 4705 1566 4768; x_wconf 89' lang='lat' dir='ltr'><strong>sic</strong></span> <span class='ocrx_word' id='word_1_452' title='bbox 1583 4706 1727 4769; x_wconf 88' lang='lat' dir='ltr'><strong>tenebri-</strong></span> 
     </span>
     <span class='ocr_line' id='line_1_41' title="bbox 193 4803 1727 4896; baseline -0.002 -20"><span class='ocrx_word' id='word_1_453' title='bbox 193 4811 299 4896; x_wconf 83' lang='grc' dir='ltr'>ῶσπερ</span> <span class='ocrx_word' id='word_1_454' title='bbox 314 4809 347 4874; x_wconf 87' lang='grc' dir='ltr'>αί</span> <span class='ocrx_word' id='word_1_455' title='bbox 361 4807 473 4892; x_wconf 86' lang='grc' dir='ltr'>σηπίαι</span> <span class='ocrx_word' id='word_1_456' title='bbox 486 4810 523 4873; x_wconf 89' lang='grc' dir='ltr'>τό</span> <span class='ocrx_word' id='word_1_457' title='bbox 546 4805 645 4893; x_wconf 86' lang='grc' dir='ltr'>μέλαν</span> <span class='ocrx_word' id='word_1_458' title='bbox 665 4803 736 4870; x_wconf 86' lang='grc' dir='ltr'>κατ’</span> <span class='ocrx_word' id='word_1_459' title='bbox 748 4803 850 4870; x_wconf 83' lang='grc' dir='ltr'>αὐτῶν</span> <span class='ocrx_word' id='word_1_460' title='bbox 866 4827 939 4891; x_wconf 85' lang='grc' dir='ltr'>προ·</span> <span class='ocrx_word' id='word_1_461' title='bbox 984 4825 1095 4872; x_wconf 87' lang='lat' dir='ltr'><strong>cosam</strong></span> <span class='ocrx_word' id='word_1_462' title='bbox 1111 4806 1283 4887; x_wconf 82' lang='lat' dir='ltr'><strong>ejicientes</strong></span> <span class='ocrx_word' id='word_1_463' title='bbox 1305 4809 1498 4886; x_wconf 82' lang='lat' dir='ltr'><strong>caliginem,</strong></span> <span class='ocrx_word' id='word_1_464' title='bbox 1519 4809 1727 4873; x_wconf 88' lang='lat' dir='ltr'><strong>contendunt</strong></span> 
     </span>
    </p>
   </div>
   <div class='ocr_carea' id='block_1_5' title="bbox 196 4979 1727 5226">
    <p class='ocr_par' dir='ltr' id='par_1_9' title="bbox 196 4979 1727 5226">
     <span class='ocr_line' id='line_1_42' title="bbox 228 4979 1727 5056; baseline -0.003 -14"><span class='ocrx_word' id='word_1_465' title='bbox 228 4987 277 5042; x_wconf 89' lang='lat' dir='ltr'><strong>Ps.</strong></span> <span class='ocrx_word' id='word_1_466' title='bbox 289 5001 321 5056; x_wconf 84' lang='lat' dir='ltr'>x,</span> <span class='ocrx_word' id='word_1_467' title='bbox 341 5002 369 5043; x_wconf 85' lang='lat' dir='ltr'>v.</span> <span class='ocrx_word' id='word_1_468' title='bbox 383 4985 408 5054; x_wconf 84' lang='lat'>1,</span> <span class='ocrx_word' id='word_1_469' title='bbox 428 4983 454 5037; x_wconf 81' lang='lat'>2.</span> <span class='ocrx_word' id='word_1_470' title='bbox 468 4981 561 5038; x_wconf 82' lang='lat' dir='ltr'><strong>Votic.</strong></span> <span class='ocrx_word' id='word_1_471' title='bbox 584 4981 626 5037; x_wconf 77' lang='lat'>13.</span> <span class='ocrx_word' id='word_1_472' title='bbox 639 4980 724 5036; x_wconf 84' lang='lat' dir='ltr'><strong>Rom.</strong></span> <span class='ocrx_word' id='word_1_473' title='bbox 746 4997 812 5052; x_wconf 82' lang='lat' dir='ltr'>vm,</span> <span class='ocrx_word' id='word_1_474' title='bbox 824 4981 867 5037; x_wconf 79' lang='grc'>35.</span> <span class='ocrx_word' id='word_1_475' title='bbox 889 4982 939 5038; x_wconf 88' lang='lat' dir='ltr'><strong>Ps.</strong></span> <span class='ocrx_word' id='word_1_476' title='bbox 985 4981 1026 5037; x_wconf 88' lang='lat'>18.</span> <span class='ocrx_word' id='word_1_477' title='bbox 1040 5000 1073 5021; x_wconf 92' lang='lat'>-·</span> <span class='ocrx_word' id='word_1_478' title='bbox 1091 4979 1244 5052; x_wconf 76' lang='lat' dir='ltr'><strong>Palpebrae</strong></span> <span class='ocrx_word' id='word_1_479' title='bbox 1262 4979 1364 5036; x_wconf 82' lang='lat' dir='ltr'><strong>eodem</strong></span> <span class='ocrx_word' id='word_1_480' title='bbox 1384 4980 1471 5036; x_wconf 84' lang='lat' dir='ltr'><strong>modo</strong></span> <span class='ocrx_word' id='word_1_481' title='bbox 1493 4981 1675 5054; x_wconf 84' lang='lat' dir='ltr'><strong>explicentur</strong></span> <span class='ocrx_word' id='word_1_482' title='bbox 1696 5001 1727 5037; x_wconf 84' lang='lat' dir='ltr'>a·</span> 
     </span>
     <span class='ocr_line' id='line_1_43' title="bbox 196 5065 1726 5140; baseline -0.006 -7"><span class='ocrx_word' id='word_1_483' title='bbox 196 5089 305 5134; x_wconf 86' lang='lat' dir='ltr'><strong>cxx1u.</strong></span> <span class='ocrx_word' id='word_1_484' title='bbox 319 5073 344 5128; x_wconf 81' lang='grc'>1.</span> <span class='ocrx_word' id='word_1_485' title='bbox 357 5069 427 5127; x_wconf 76' lang='lat' dir='ltr'><strong>cod.</strong></span> <span class='ocrx_word' id='word_1_486' title='bbox 439 5069 531 5125; x_wconf 81' lang='lat' dir='ltr'><strong>habet</strong></span> <span class='ocrx_word' id='word_1_487' title='bbox 542 5073 573 5135; x_wconf 87' lang='grc' dir='ltr'>ῦς</span> <span class='ocrx_word' id='word_1_488' title='bbox 585 5073 608 5122; x_wconf 82' lang='grc' dir='ltr'>εί</span> <span class='ocrx_word' id='word_1_489' title='bbox 618 5071 694 5123; x_wconf 82' lang='grc' dir='ltr'>Θεοῦ.</span> <span class='ocrx_word' id='word_1_490' title='bbox 982 5067 1042 5140; x_wconf 85' lang='lat' dir='ltr'>pud</span> <span class='ocrx_word' id='word_1_491' title='bbox 1054 5067 1133 5139; x_wconf 79' lang='lat' dir='ltr'><strong>vulg.</strong></span> <span class='ocrx_word' id='word_1_492' title='bbox 1146 5065 1348 5138; x_wconf 79' lang='lat' dir='ltr'><strong>Athanasium,</strong></span> <span class='ocrx_word' id='word_1_493' title='bbox 1361 5067 1399 5123; x_wconf 83' lang='lat' dir='ltr'>cf.</span> <span class='ocrx_word' id='word_1_494' title='bbox 1411 5068 1542 5126; x_wconf 85' lang='lat' dir='ltr'><strong>Melitou.</strong></span> <span class='ocrx_word' id='word_1_495' title='bbox 1555 5069 1630 5126; x_wconf 79' lang='grc' dir='ltr'>θίαυ.</span> <span class='ocrx_word' id='word_1_496' title='bbox 1642 5069 1726 5128; x_wconf 79' lang='lat' dir='ltr'><strong>Auel.</strong></span> 
     </span>
     <span class='ocr_line' id='line_1_44' title="bbox 228 5153 1082 5226; baseline -0.012 -7"><span class='ocrx_word' id='word_1_497' title='bbox 228 5177 257 5219; x_wconf 85' lang='grc' dir='ltr'>ν.</span> <span class='ocrx_word' id='word_1_498' title='bbox 269 5159 295 5214; x_wconf 88' lang='grc'>4.</span> <span class='ocrx_word' id='word_1_499' title='bbox 308 5159 334 5213; x_wconf 90' lang='grc'>6.</span> <span class='ocrx_word' id='word_1_500' title='bbox 346 5156 440 5215; x_wconf 78' lang='lat' dir='ltr'><strong>Vatia.</strong></span> <span class='ocrx_word' id='word_1_501' title='bbox 455 5156 497 5225; x_wconf 84' lang='lat'>13,</span> <span class='ocrx_word' id='word_1_502' title='bbox 509 5153 541 5210; x_wconf 91' lang='lat' dir='ltr'>in</span> <span class='ocrx_word' id='word_1_503' title='bbox 558 5153 616 5212; x_wconf 84' lang='lat' dir='ltr'><strong>fine</strong></span> <span class='ocrx_word' id='word_1_504' title='bbox 629 5153 723 5215; x_wconf 78' lang='lat' dir='ltr'><strong>Vatis.</strong></span> <span class='ocrx_word' id='word_1_505' title='bbox 742 5155 785 5210; x_wconf 88' lang='lat'>16.</span> <span class='ocrx_word' id='word_1_506' title='bbox 798 5154 842 5212; x_wconf 80' lang='lat' dir='ltr'>cf.</span> <span class='ocrx_word' id='word_1_507' title='bbox 855 5157 894 5212; x_wconf 86' lang='lat' dir='ltr'><strong>Is.</strong></span> <span class='ocrx_word' id='word_1_508' title='bbox 909 5173 937 5225; x_wconf 89' lang='grc' dir='ltr'>ν,</span> <span class='ocrx_word' id='word_1_509' title='bbox 984 5171 1044 5226; x_wconf 84' lang='lat' dir='ltr'>up.</span> <span class='ocrx_word' id='word_1_510' title='bbox 1058 5155 1082 5210; x_wconf 90' lang='grc'>6.</span> 
     </span>
    </p>
   </div>
   <div class='ocr_carea' id='block_1_6' title="bbox 271 5249 550 5322">
    <p class='ocr_par' dir='ltr' id='par_1_10' title="bbox 271 5249 550 5322">
     <span class='ocr_line' id='line_1_45' title="bbox 271 5249 550 5322; baseline -0.011 -14"><span class='ocrx_word' id='word_1_511' title='bbox 271 5265 421 5311; x_wconf 77' lang='lat' dir='ltr'><strong>urrunnun</strong></span> <span class='ocrx_word' id='word_1_512' title='bbox 439 5264 481 5322; x_wconf 81' lang='lat' dir='ltr'>m,</span> <span class='ocrx_word' id='word_1_513' title='bbox 503 5249 550 5305; x_wconf 72' lang='lat'>26.</span> 
     </span>
    </p>
   </div>
   <div class='ocr_carea' id='block_1_7' title="bbox 0 0 2032 6100">
    <p class='ocr_par' dir='ltr' id='par_1_11' title="bbox 0 0 2032 6100">
     <span class='ocr_line' id='line_1_46' title="bbox 0 0 2032 6100; baseline 0 0"><span class='ocrx_word' id='word_1_514' title='bbox 0 0 2032 6100; x_wconf 95' lang='lat' dir='ltr'> </span> 
     </span>
    </p>
   </div>
  </div>
 </body>
</html>
