4044 6104
295 496 360 560 454
441 549 444 556 .
959 497 1169 562 ORIGENES

293 644 338 722 τῷ
353 634 539 722 ἁμαρτωλῷ,
551 635 635 702 άλλά
649 641 693 721 τῷ
704 641 765 700 τῶν
780 633 908 701 δικαίων
920 634 1042 720 τάγμα·
1086 655 1154 700 non
1169 635 1348 719 peccatori,
1363 635 1421 698 sed
1439 635 1610 716 iustorum
1626 641 1757 718 agmini
1784 641 1834 704 di-

293 761 322 804 τι
336 738 497 825 λελέχθαι,
513 739 552 805 ἵν’
563 738 698 826 εύχηταί
712 761 741 804 τι
755 737 852 805 πλέον
867 740 954 822 παρὰ
968 742 1041 817 τοὺς
1085 746 1140 806 ota
1163 741 1277 820 misse,
1300 747 1340 803 ut
1368 740 1499 822 aliquid
1514 741 1662 822 amplius
1685 745 1836 824 postulet

293 842 516 930 ἁμαρτωλούς·
530 846 575 908 ,τὸ
589 842 625 906 δὲ
639 840 736 910 πλέον
758 843 799 927 ἠν
813 839 834 925 ἡ
850 851 963 927 γνῶσις
985 844 1040 907 καί
1086 862 1156 926 prae
1174 844 1416 926 peccatoribus.
1433 844 1470 908 Id
1485 861 1565 908 vero
1577 845 1688 926 maius
1699 851 1772 910 erat
1782 864 1838 928 cp-

291 945 313 1030 ἡ
326 946 483 1032 ἐπιστήμη
496 955 556 1012 τῶν
567 953 625 1029 τῆς
636 954 749 1029 καινης
761 943 914 1030 διαθήκης
926 944 1040 1030 λόγων.
1087 949 1198 1026 gnitio
1215 951 1249 1010 et
1262 948 1406 1010 scientia
1418 949 1630 1028 eloquiorum
1647 950 1726 1012 novi
1737 949 1840 1014 foede-

291 1044 498 1137 Ἃμοιρτωλόν
510 1050 536 1114 δ’
546 1049 681 1116 ἐνταῦθα
692 1049 728 1114 od
741 1053 793 1116 τόν
805 1049 970 1135 ἀλλότριον
980 1059 1041 1116 τῶν
1088 1051 1144 1113 ris.
1160 1052 1373 1114 Peccatorem
1386 1056 1500 1113 autem
1514 1050 1571 1114 hic
1584 1053 1759 1116 renuntiat
1769 1070 1839 1117 non

291 1164 431 1241 γραφῶν,
455 1154 528 1219 οὐδὲ
549 1157 603 1219 τόν
625 1153 712 1234 ξένον
736 1157 791 1219 καί
811 1154 1041 1240 εἰδωλολάτρην
1088 1159 1288 1218 extraneum
1304 1156 1496 1235 scripturis,
1518 1173 1586 1220 non
1612 1156 1779 1238 hospitem
1803 1161 1840 1220 et

290 1257 420 1343 είσάγει,
436 1256 520 1321 ἀλλὰ
534 1261 588 1322 τόν
602 1257 799 1343 ἐπιστήμονα
819 1259 886 1344 μέν,
898 1257 1041 1342 παραθά-
1089 1252 1188 1322 idolis
1203 1258 1365 1338 deditum,
1395 1258 1454 1322 sed
1477 1260 1624 1340 peritum
1640 1259 1788 1340 quidem,
1803 1278 1840 1322 a·

291 1380 351 1444 την
367 1361 402 1426 δέ
424 1371 486 1427 τῶν
500 1360 596 1427 θείων
619 1361 823 1448 μαθημάτων·
838 1363 873 1428 όν
889 1364 944 1427 καί
966 1362 1042 1426 άπε-
1088 1367 1256 1443 postetam
1263 1380 1343 1426 vcro
1354 1381 1375 1426 a
1386 1363 1511 1427 divinis
1523 1363 1721 1447 disciplinis.
1731 1368 1839 1441 Quem

291 1465 411 1552 λέγχει,
435 1468 494 1552 οὐχ
517 1467 565 1530 ότι
587 1466 708 1552 άμελης
728 1465 859 1552 γέγονεν
881 1465 1040 1531 σαύόάτου
1089 1466 1274 1546 redarguit,
1291 1483 1358 1530 non
1375 1467 1450 1531 ideo
1465 1467 1555 1549 quod
1570 1470 1752 1548 negligens
1767 1470 1840 1534 iue-

292 1570 449 1657 φυλακῆς,
466 1569 532 1634 οὐδ’
544 1571 591 1635 ότι
606 1571 663 1647 τὰς
678 1570 805 1635 τοιάσδε
817 1580 872 1634 τοῦ
883 1567 1042 1646 Μωϋσέως
1086 1571 1132 1632 rit
1147 1571 1182 1632 in
1205 1570 1337 1634 sabbati
1352 1571 1514 1652 custodia,
1534 1577 1595 1636 aut
1616 1575 1707 1653 quod
1732 1579 1842 1639 trans-

290 1674 388 1761 νόμου
399 1673 758 1759 παραθέύηκενέντολάς
769 1677 969 1758 περίτροφῶν
980 1695 1041 1739 τοι·
1086 1689 1224 1751 gressus
1245 1675 1292 1737 sit
1316 1676 1388 1738 haec
1403 1677 1464 1738 aut
1478 1674 1550 1740 haec
1578 1679 1733 1742 mosaica
1747 1679 1838 1756 legis

291 1777 419 1863 ῶνδε,ἢ
440 1779 498 1856 τὰς
518 1780 589 1862 περὶ
603 1777 731 1842 θυσιῶν.
754 1775 903 1864 Ἐλέγχει
928 1778 962 1843 δέ
985 1780 1039 1844 τὸν
1085 1782 1262 1859 praecepta,
1277 1784 1361 1861 puta
1375 1780 1528 1843 ciborum
1544 1783 1599 1844 vel
1618 1782 1834 1863 mundorum,

291 1881 478 1969 ἁμαρτωλὸν
493 1884 545 1948 έπί
559 1880 737 1968 παραύάσει
754 1891 816 1946 τῶν
832 1891 970 1968 φυσικῶν
991 1883 1041 1948 νό
1084 1884 1140 1945 vel
1166 1884 1383 1964 pollutorum,
1405 1888 1467 1946 aut
1484 1883 1711 1947 victimarum.
1738 1887 1838 1949 Goar-

292 2009 368 2074 μων.
387 1987 426 2053 Τί
439 1987 501 2073 γάρ
517 2009 576 2069 σοι,
592 1988 679 2072 φησί,
695 1988 750 2051 καί
771 1995 836 2065 τοῖς
858 1989 945 2073 ἐμοῖς
965 1986 1040 2052 άνα-
1086 1987 1290 2062 guitautem
1313 1991 1526 2068 peccatorem
1542 1988 1633 2068 quod
1658 1989 1838 2052 violaverit

290 2089 450 2177 γνύμασι;
474 2088 552 2157 τίδὲ
567 2093 622 2156 καί
637 2092 689 2156 διὰ
710 2089 864 2176 στόματος
880 2088 1040 2178 ἀπαγγέλ-
1085 2094 1216 2154 natura
1230 2090 1335 2169 leges.
1353 2090 1439 2167 Quid
1454 2091 1527 2171 tibi,
1547 2092 1605 2170 ait,
1621 2095 1656 2156 et
1685 2093 1836 2156 lectioni·

290 2193 356 2274 λεις
371 2197 444 2273 τούς
459 2195 553 2281 ἐμοὺς
575 2195 699 2281 λόγους,
715 2195 819 2281 έργοις
838 2193 1039 2278 παραύαίνων
1084 2194 1148 2258 bus
1164 2196 1272 2260 meis?
1286 2198 1321 2260 et
1343 2214 1404 2260 our·
1418 2213 1479 2277 per
1504 2212 1541 2259 os
1555 2200 1654 2259 tuum
1684 2197 1835 2260 traducis

290 2298 416 2379 αὐτούς,
431 2298 544 2384 ἐχθρόν
564 2301 620 2363 καί
642 2299 777 2385 μισητην
801 2301 916 2364 σαυτὸν
938 2308 995 2386 της
1009 2298 1039 2363 ἐ·
1085 2300 1220 2380 eloquia
1235 2317 1320 2380 mea,
1336 2300 1395 2380 qui
1411 2299 1527 2363 eadem
1543 2301 1696 2365 transilis
1706 2303 1743 2364 in
1759 2317 1836 2383 ope⁴

292 2412 355 2490 μης
377 2401 520 2481 παιδείας
543 2401 674 2485 δεικνὺς,
697 2403 752 2466 καί
771 2403 827 2481 τάς
843 2401 900 2488 μέν
922 2410 1039 2467 σαυτοῦ
1085 2404 1189 2484 ribus,
1204 2404 1382 2468 inimicum
1397 2407 1431 2466 te
1447 2407 1480 2467 et
1496 2403 1666 2468 infensum
1683 2423 1767 2468 mea
1785 2404 1839 2470 di·

291 2514 450 2594 προτιμῶν
476 2505 676 2592 παρανόμους
702 2505 839 2591 πράξεις,
863 2503 978 2589 ῥίπτων
1004 2507 1040 2572 δὲ
1083 2508 1235 2588 scipiinae
1250 2507 1554 2572 ostendenst'l'uos
1568 2513 1687 2572 autem·
1701 2511 1761 2592 qui
1776 2527 1835 2574 an·

290 2612 346 2678 καί
362 2621 554 2676 καταπατῶν
577 2614 649 2688 τοὺς
664 2610 758 2697 ἐμούς
773 2609 886 2695 νόμους
908 2610 960 2676 διόι
982 2632 1039 2675 κα-
1083 2609 1185 2674 tcfers
1212 2614 1308 2674 actus
1334 2611 1480 2693 iniquos,
1507 2611 1603 2690 leges
1639 2630 1721 2677 vero
1744 2631 1838 2678 meas

274 2695 516 2800 ιταφρσνήσεως
545 2713 666 2799 αὐτῶν;
693 2712 798 2799 Νόμος
820 2723 896 2800 γοῦν
919 2713 1040 2798 φύσεως
1082 2713 1219 2795 projicis
1231 2719 1265 2777 et
1276 2715 1454 2778 conculcas
1466 2732 1544 2778 oum
1557 2719 1837 2780 eorumcontem-

290 2817 437 2884 κλέπτειν
453 2817 653 2904 ἀπαγορεύει,
668 2818 722 2881 καί
737 2816 832 2883 πάλιν
852 2815 959 2902 ἔτερος
975 2838 1039 2903 μοι·
1083 2819 1170 2900 ptu?
1196 2820 1265 2882 Lex
1280 2835 1362 2896 ergo
1378 2837 1447 2882 una
1462 2823 1592 2883 natura
1607 2819 1763 2899 prohibet
1784 2818 1836 2882 iu·

289 2922 395 3006 χεύειν
417 2920 605 3006 ἀποτρέπει,
632 2923 687 2986 καί
710 2922 770 2986 όσα
793 2921 877 2988 άλλα
901 2924 943 3010 μὴ
968 2920 1039 3008 βου
1083 2923 1161 3002 rari,
1174 2926 1208 2985 et
1222 2924 1290 2987 alia
1306 2939 1425 2987 rursus
1439 2923 1648 2987 adulterium
1666 2928 1768 2987 vetat.
1788 2925 1833 2988 Et

290 3024 410 3111 λόμεθα
431 3025 577 3113 πάσχειν,
598 3035 698 3091 ταῦτα
714 3026 787 3112 μηδ’
798 3027 912 3104 αὐτοὺς
926 3025 998 3092 καθ’
1009 3026 1038 3090 t·
1084 3025 1319 3107 quodcumque
1329 3026 1426 3090 nobis
1435 3026 1511 3089 fieri
1522 3026 1692 3105 nolumus,
1700 3044 1743 3090 nc
1756 3027 1833 3108 quis

290 3127 388 3213 τέρων
411 3129 498 3214 δρᾶν,
514 3130 532 3194 ό
554 3129 747 3215 κατὰφύσιν
769 3128 863 3216 λόγος
882 3138 1037 3215 παραινεῖ.
1083 3129 1244 3194 adversus
1259 3131 1366 3194 alium
1381 3130 1493 3211 iaciat,
1512 3130 1570 3193 lex
1586 3133 1718 3194 naturas
1728 3130 1833 3194 insita

293 3231 377 3300 Οὐδὲ
392 3232 542 3300 τάναντία
565 3235 681 3300 τούτων
696 3236 857 3320 ἔπραττες.
874 3235 989 3322 Μοιχοί
1004 3237 1039 3302 δέ
1082 3233 1305 3296 commendat.
1330 3235 1446 3314 Neque
1464 3232 1703 3318 discontraria
1718 3234 1831 3312 egisti.

291 3340 354 3405 είεν
369 3339 408 3405 άν
422 3340 499 3422 πρός
515 3347 580 3415 τοῖς
602 3337 776 3425 προχείρως
791 3339 969 3425 νοουμένοις
984 3343 1040 3407 καί
1083 3337 1212 3402 Moechi
1223 3344 1337 3402 autem
1350 3355 1422 3402 esse
1434 3343 1565 3420 queunt
1580 3339 1616 3400 in
1628 3337 1682 3401 his
1694 3356 1770 3418 qua
1784 3341 1836 3400 te·

291 3445 320 3510 οἱ
342 3444 429 3509 άθεοι
455 3445 510 3509 καί
532 3443 561 3508 οί
583 3444 826 3529 εἰδωλολάτραι·
847 3443 983 3511 ’κλέπται
1004 3444 1039 3510 δὲ
1084 3459 1175 3506 mere
1190 3444 1395 3522 cogitantur,
1418 3446 1452 3505 at
1471 3441 1563 3505 athei
1583 3445 1617 3504 et
1632 3440 1831 3520 idololatrae3

291 3547 386 3615 πάλιν
402 3547 431 3613 οἱ
445 3546 634 3626 κλέπτοντες
654 3550 712 3634 τὴν
728 3546 888 3632 ἀλήθειαν.
1084 3551 1118 3610 et
1133 3549 1235 3611 etiam
1251 3547 1352 3627 fures,
1367 3548 1425 3626 qui
1437 3547 1615 3610 veritatem
1634 3547 1836 3626 surripiunt.
1909 3599 1923 3628 ,

334 3651 420 3737 Ἤδη
435 3651 470 3716 δὲ
485 3653 540 3716 καί
554 3655 591 3718 τό
607 3651 708 3737 στόμα
716 3673 771 3716 σον
782 3650 972 3716 ἐπλεόνασεν
982 3671 1039 3716 κα-
1127 3655 1203 3717 Jcm
1216 3669 1290 3718 aare
1304 3669 1339 3718 οε
1353 3657 1444 3717 tuum
1464 3650 1642 3717 cumularit
1659 3649 1834 3730 πιαίίίιαιιι,

289 3753 373 3836 αίαν,
396 3756 451 3819 καὶ
465 3753 487 3839 ἡ
503 3755 632 3841 γλῶσσά
648 3777 704 3820 σου
720 3754 924 3840 περιέπλεκεν
940 3755 1039 3820 δολιό-
1083 3760 1114 3821 et
1127 3756 1243 3838 ίίιιριια
1259 3760 1316 3820 tua
1330 3756 1532 3821 uramara
1560 3754 1725 3820 mutum.
1741 3754 1839 3818 Modo

170 3882 182 3904 ·
289 3880 380 3944 τητα.
397 3859 482 3925 Ποτέ
505 3861 637 3946 μὲνγὰρ
661 3859 796 3938 ἀναιδῶς
817 3862 873 3924 καί
890 3859 1038 3924 άνεπικα-
1084 3863 1174 3925 enim
1196 3864 1270 3926 sine
1296 3861 1423 3943 pudore
1450 3864 1485 3924 et
1514 3859 1587 3924 sine
1615 3860 1836 3922 simulatione

290 3962 414 4040 λύπτως
436 3964 520 4049 έχρω
541 3973 580 4050 τῇ
596 3961 694 4049 κακίρι
713 3965 770 4028 σὺν
792 3961 896 4048 πολλῇ
919 3963 1040 4048 παρρη-
1084 3967 1257 4031 indulsisti
1282 3971 1351 4029 tuae
1378 3963 1587 4046 improbitati
1614 3964 1723 4026 multa
1751 3981 1831 4026 cum

290 4062 354 4149 σία,
376 4066 453 4130 ποτέ
475 4066 510 4131 δέ
538 4066 644 4152 λόγοις
670 4066 832 4153 χρῶμενυς
858 4065 973 4146 δολίοις
995 4069 1039 4145 είς
1082 4068 1243 4150 audacia3
1273 4069 1371 4132 modo
1398 4068 1631 4132 fraudulentos
1662 4069 1834 4149 usurpasti

289 4168 461 4256 έπιόουλην
483 4170 662 4255 ἀνθρώπων,
685 4173 739 4234 καί
754 4170 870 4234 άλλοτε
892 4191 1040 4254 προσποι-
1083 4189 1254 4238 sermones
1267 4174 1302 4235 in
1324 4173 1463 4237 insidias
1478 4173 1836 4251 hominum‚caeterum

289 4273 431 4359 ούρενος,
454 4274 496 4354 ὡς
518 4275 653 4363 γνησίως
676 4273 823 4359 ἀδελφοῖς
845 4274 973 4359 ὁμιλεῖν,
988 4275 1039 4340 λε-
1083 4278 1249 4341 simulans
1264 4280 1297 4340 te
1313 4278 1463 4356 ingenue
1483 4293 1560 4340 cum
1584 4275 1745 4338 iratribus
1760 4291 1838 4338 con-

289 4377 433 4463 ληθότως
458 4382 499 4444 τά
520 4387 578 4464 της
599 4378 673 4443 κατ’
691 4377 794 4442 αὐτῶν
819 4376 988 4462 ἒπιόουλης
1011 4381 1040 4444 t·
1083 4381 1228 4459 versari,
1259 4381 1452 4444 clanculum
1492 4379 1697 4445 insidiarum
1722 4379 1838 4442 texisti

289 4479 424 4568 νηργεις,
443 4481 619 4548 διαύάλλων
635 4483 747 4559 αὐτοὺς
763 4484 817 4547 καί
836 4481 1035 4548 καταλαλῶν.
1083 4485 1234 4564 consilia,
1260 4486 1448 4548 calumnias
1480 4484 1516 4547 in
1550 4499 1606 4546 eos
1638 4486 1673 4546 et
1697 4483 1838 4547 dicteria

292 4584 377 4670 Πρός
393 4585 428 4650 δέ
439 4585 559 4664 τούτοις
570 4586 625 4650 καί
636 4583 868 4670 προσκόμματα
879 4586 933 4649 καί
945 4585 1039 4652 σκάν-
1082 4605 1280 4666 congerens.
1297 4591 1344 4652 Ac
1358 4606 1460 4669 super
1475 4587 1556 4666 haec,
1581 4592 1615 4651 et
1629 4587 1834 4651 offendicula

291 4688 375 4754 δαλα
396 4699 463 4768 τοῖς
484 4691 574 4757 ποσίν
597 4687 752 4767 ύπέθοιλες
774 4697 835 4755 τῶν
853 4688 892 4753 ἐκ
905 4697 963 4773 της
980 4710 1038 4775 μη-
1083 4697 1117 4756 et
1138 4693 1297 4757 scandala
1318 4693 1461 4775 posuisti
1487 4696 1565 4754 ante
1590 4693 1691 4774 pedes
1707 4710 1834 4772 eorum,

289 4795 372 4878 πρὸς,
388 4796 459 4880 drot
475 4794 696 4879 συναγωγηςη
717 4793 771 4856 καί
793 4789 965 4876 ἐκκλησίας
987 4812 1039 4878 γε·
1070 4775 1142 4878 'qui
1165 4814 1206 4860 ex
1221 4801 1338 4877 matre,
1364 4797 1436 4859 sive
1455 4812 1496 4859 ex
1518 4813 1698 4879 synagoga
1711 4800 1773 4858 aut
1788 4796 1830 4860 ab

289 4895 497 4984 γεννημένων.
520 4897 565 4965 Σύ
582 4898 638 4983 μέν
654 4899 708 4964 σύν
726 4896 886 4974 τοσούτοις
909 4897 1038 4982 συνεφύ-
1083 4902 1225 4965 ecclesia
1239 4902 1311 4964 nati
1325 4906 1415 4964 sunt.
1432 4902 1483 4963 Tu
1499 4915 1582 4978 ergo
1604 4903 1655 4962 tot
1670 4903 1704 4963 et
1727 4900 1831 4964 tantis

289 5023 347 5088 ρης
366 5011 496 5083 κακοῖς,
524 5002 790 5089 προσποιούμενος
819 5003 873 5066 τόν
894 5002 970 5086 ἐμόν
986 5023 1039 5086 με·
1082 5005 1182 5068 malis
1210 5005 1414 5069 commixtus
1447 5019 1494 5082 es,
1524 5003 1691 5066 simulans
1720 5021 1830 5066 meam

289 5105 459 5192 τίρχεσθαι
479 5105 584 5192 νόμον.
608 5105 693 5191 Ἐγὼ
715 5105 750 5170 δέ
770 5103 868 5170 πάλαι
884 5106 941 5190 μέν
963 5115 1037 5170 ταῶ·
1082 5097 1205 5173 οόοίοτί
1228 5108 1354 5186 legem.
1373 5107 1448 5186 Ego
1466 5112 1580 5171 autem
1600 5107 1728 5170 dudum
1751 5109 1833 5172 talia

292 5230 334 5274 τα
355 5208 490 5296 θεωρῶν,
508 5211 561 5276 ὅτε
575 5212 634 5296 τὴν
655 5209 782 5294 πρύτην
805 5210 971 5297 ἐποιοῦμεν
992 5210 1036 5287 εἰς
1082 5212 1308 5293 considerans,
1336 5209 1475 5292 quando
1497 5211 1646 5293 primum
1665 5210 1729 5274 ieci
1746 5211 1835 5275 inter
