4036 6090
949 410 1159 474 ORIGENES

833 654 1002 731 Ροαίνκαο
1026 652 1260 732 LXXXIV.

320 942 352 984 ν.
373 923 400 992 l.
417 921 472 999 Εἰς
488 924 522 987 τὸ
537 922 637 1005 τέλος,
653 932 717 1001 τοῖς
733 921 810 1001 υίοῐς
828 921 915 1006 Κορὲ
941 919 1021 1006 ψαλ-
1102 941 1139 992 ,ν.
1158 924 1186 984 1.
1202 922 1364 1004 Irtfirwm,
1371 921 1466 1003 filiis
1485 921 1560 986 Coro
1568 921 1729 1002 psalmus.

161 1084 165 1092 .
276 1025 342 1111 μος.
368 1030 434 1094 να.
452 1029 526 1109 ers,
544 1029 574 1091 2.

317 1127 356 1193 Oi
372 1130 428 1216 μὲν
450 1129 509 1194 υίοὶ
531 1129 618 1214 Κορὲ
634 1133 669 1195 τὸ
692 1132 768 1194 αὐτὸ
791 1130 902 1215 ἔλεγον
925 1130 980 1195 δύο
996 1131 1018 1216 ὴ
1108 1134 1200 1196 Inter
1214 1129 1302 1194 filios
1314 1133 1395 1194 Gore
1409 1129 1497 1193 idem
1513 1129 1702 1194 recitabant
1713 1127 1814 1191 modo

274 1241 370 1318 τρεῖς·
386 1234 419 1298 ἓν
436 1235 492 1320 μὲν
507 1234 542 1298 δὲ
557 1233 694 1320 λέγεται,
711 1237 763 1299 ίνα
778 1237 813 1299 τὸ
829 1235 906 1298 αὐτὸ
921 1234 1034 1320 λέγω,
1062 1235 1139 1316 duo,
1156 1235 1253 1299 modo
1279 1239 1358 1298 tres.
1387 1236 1499 1298 Unum
1522 1251 1602 1297 vero
1618 1232 1753 1313 dicitur,
1777 1235 1816 1295 ut

275 1357 331 1422 μεν
351 1336 475 1415 πάντες.
499 1337 668 1416 Ἐπινίκιος
693 1329 747 1404 καί
773 1341 863 1418 οὗτος
883 1348 944 1404 τῶν
966 1341 1019 1404 ἐπ·
1062 1340 1152 1403 idem
1165 1344 1567 1419 omnesnosrepetamus.
1583 1337 1814 1418 Triumphalis

274 1440 465 1507 ανελθόντων
488 1444 526 1508 ἐκ
555 1441 762 1520 Βα6υλῶνος·
789 1444 1020 1530 ἐσχημάτισται
1063 1462 1198 1527 quoque
1213 1449 1264 1508 est
1278 1445 1426 1526 hymnus
1439 1445 1502 1508 iste
1514 1444 1759 1507 revertentium
1770 1462 1812 1507 ex

274 1544 325 1630 δὴ,
343 1544 384 1623 ὡς
398 1556 454 1612 τοῦ
470 1546 553 1613 Θεοῦ
568 1558 830 1632 στρατηγοῦντος,
842 1548 896 1613 καί
911 1547 1021 1614 λαὸόν-
1062 1548 1243 1630 Babylone.
1270 1548 1449 1628 Expolitus
1479 1565 1571 1626 sane,
1599 1565 1638 1610 ac
1665 1547 1694 1611 si
1726 1548 1817 1610 Deus

273 1670 326 1728 τος
341 1653 400 1736 riv
415 1651 643 1737 αἰχμαλωσίαν,
659 1655 714 1716 καὶ
737 1653 789 1718 διὰ
804 1652 919 1737 χρόνον
942 1654 1020 1718 ἐπα·
1063 1669 1188 1731 agmen
1203 1652 1351 1731 duceret,
1375 1653 1593 1733 captivosque
1615 1651 1812 1732 susciperet,

274 1753 465 1841 νερχομένου
488 1757 532 1834 εἰς
547 1755 766 1842 Ἰερουσαλὴμ,
788 1757 843 1820 καί
866 1766 920 1820 τοο
939 1755 1020 1820 λαοῦ
1049 1748 1104 1819 ὀυ
1117 1773 1178 1837 pro
1193 1755 1339 1820 decursu
1353 1757 1526 1837 temporis,
1543 1757 1578 1820 in
1601 1757 1814 1819 Hierusalem

271 1859 513 1937 ’καταδιελόντος
527 1859 639 1926 ἑαυτὸν
653 1857 738 1946 δίχα,
754 1869 809 1924 τοῦ
824 1857 1021 1945 προηγουμὲ·
1064 1864 1300 1939 reverteretur,
1323 1862 1534 1942 populusque
1557 1858 1713 1922 bifariam
1730 1859 1814 1922 divi·

273 1983 328 2027 νου
343 1984 377 2028 τε
400 1966 454 2027 καὶ
469 1962 633 2048 ἑπομένου,
657 1967 712 2028 καί
727 1963 769 2041 ὡς
784 1965 916 2048 νικητὴν
932 1961 1020 2028 doleo
1064 1985 1122 2030 sus
1147 1969 1283 2046 propter
1319 1965 1440 2045 ipsum,
1466 1963 1671 2045 praecederet
1692 1980 1811 2044 seque

272 2077 451 2152 φημοῠντος
466 2068 519 2132 τίν
533 2075 595 2133 τῶν
610 2067 691 2132 ὅλων
707 2066 797 2135 Θεόν.
811 2065 1019 2152 Προθεσπίζει
1064 2078 1246 2153 retorque,
1282 2088 1323 2133 ac
1352 2071 1472 2134 ducem
1509 2067 1617 2134 veluti
1646 2071 1808 2132 victorem

272 2172 307 2236 δὲ
330 2173 466 2238 ἐνταῦθα
488 2174 569 2258 μετὰ
590 2182 647 2258 της
671 2183 761 2250 σκιᾶς
783 2174 838 2236 καὶ
860 2173 919 2257 τὴν
941 2171 1019 2258 ἀλή-
1061 2176 1170 2238 Deum
1194 2177 1429 2238 universorum
1452 2175 1572 2238 faustis
1595 2175 1806 2238 acclamatio-

273 2276 448 2362 θειαν,ὴτοι
462 2265 541 2363 μετὰ
551 2279 610 2361 τὴν
622 2284 683 2342 τῶν
695 2273 856 2341 Ἰουδαίων
868 2276 906 2340 ἐκ
917 2273 1019 2342 Baio·
1062 2279 1163 2342 nibus
1178 2280 1373 2343 celebraret.
1397 2279 1436 2341 ln
1459 2277 1522 2341 hoc
1545 2282 1660 2341 autem
1684 2278 1810 2359 hymno

273 2380 372 2459 λῶνος
386 2382 540 2448 ἐπάνοδον
555 2384 610 2447 καί
625 2391 682 2446 τοῦ
695 2384 812 2460 παντὸς
826 2381 945 2470 κόσμου
961 2385 1019 2469 τὴν
1062 2384 1268 2446 vaticinatur
1282 2386 1358 2463 post
1372 2381 1528 2444 umbram
1544 2381 1614 2444 fore
1634 2381 1737 2444 etiam
1754 2398 1809 2443 ve·

272 2485 438 2571 σωτμμίαν.
1063 2489 1208 2566 ritatem,
1235 2488 1306 2550 sive
1333 2491 1408 2567 post
1434 2485 1631 2549 Judaeorum
1661 2503 1682 2546 a
1704 2484 1811 2567 Baby·

1063 2591 1139 2654 lone
1165 2591 1329 2669 reditum,
1352 2591 1455 2652 etiam
1478 2591 1583 2654 totius
1610 2590 1701 2653 orbis
1722 2591 1812 2653 salu·

1061 2702 1140 2760 tem.

317 2821 347 2866 v.
364 2803 395 2882 2,
413 2805 443 2866 3.
459 2801 657 2886 Εὐδόκησας,
676 2799 784 2885 Κύριε,
800 2801 859 2884 τὴν
873 2808 934 2884 γῆν
950 2819 1017 2876 σου,
1106 2820 1137 2863 ν.
1161 2801 1191 2879 2,
1216 2799 1246 2862 3.
1273 2798 1484 2878 Bclwdicisti,
1510 2798 1658 2878 Domine,
1689 2801 1810 2861 renam

272 2906 471 2992 ἀπέστρεψας
494 2910 552 2993 τὴν
575 2905 795 2993 αἰχμαλωσίαν
816 2904 941 2970 Ἰακώ6.
964 2901 1020 2972 Ἃ·
1062 2909 1161 2982 tuom,
1180 2903 1332 2968 avertisti
1350 2903 1570 2983 captivitatem
1583 2901 1688 2967 Jacob.
1705 2901 1812 2967 mati

272 3021 378 3096 μηκας
394 3014 450 3090 τὰς
473 3011 605 3098 ἀνομίας
620 3021 664 3097 τῷ
686 3011 754 3096 λαῷ
769 3033 836 3093 σου,
855 3010 1019 3095 ἐκάλυψας
1061 3011 1139 3074 sisti
1152 3009 1358 3088 iniquitatem
1372 3007 1463 3088 plebi
1477 3012 1548 3087 ινα,
1567 3008 1724 3088 operasti
1736 3024 1810 3089 pec·

271 3117 334 3192 τᾰς.
345 3115 499 3201 ἁμαρτίας
516 3118 627 3181 αὐτῶν.
1062 3119 1134 3180 coto
1148 3131 1267 3178 eoram.

314 3221 451 3286 Εὐδοκεῖ
463 3219 579 3305 Κύριος
594 3221 652 3306 τὴν
668 3219 792 3306 ἀγαθὴν
804 3221 858 3284 καί
870 3217 1017 3284 σπουδαί·
1105 3219 1279 3283 Benedicit
1294 3219 1458 3281 Dominus
1470 3224 1605 3296 terram,
1622 3215 1809 3298 quaebona

272 3345 310 3390 αν
327 3332 388 3409 γῆν
403 3324 633 3410 τυγχάνουσαν,
650 3324 701 3388 διὰ
724 3334 779 3389 τοῦ
795 3323 942 3410 δέχεσθαι
964 3327 1017 3390 τὸν
1062 3331 1112 3389 est
1140 3325 1391 3404 diligenterque
1423 3321 1526 3401 ferax,
1555 3321 1645 3402 quod
1671 3321 1713 3384 ab
1741 3322 1814 3402 ipso

269 3429 344 3513 παρ’
355 3431 451 3494 αὐτοῦ
467 3431 593 3514 σπορὸν,
608 3431 663 3494 καί
675 3429 716 3506 ὡς
729 3429 843 3494 ἕκατον
854 3450 1015 3514 καρποφο-
1061 3447 1176 3492 semen
1199 3429 1328 3508 recipit,
1345 3429 1379 3489 et
1401 3425 1550 3488 fructum
1574 3427 1673 3504 quasi
1696 3429 1812 3488 centu-

269 3541 333 3617 ρεῖ·
360 3535 414 3597 καί
436 3531 548 3618 ἀφίησι
570 3534 626 3618 μὲν
648 3535 705 3610 τὰς
728 3531 859 3618 ἀνομίας
881 3533 933 3597 διὰ
958 3543 1014 3598 τοῦ
1058 3535 1153 3615 plum
1175 3532 1249 3611 ‹lat3
1272 3530 1443 3610 nequitias
1474 3545 1554 3592 vero
1584 3529 1728 3592 remittit
1750 3546 1811 3609 per

270 3635 499 3722 βαπτίσματος·
522 3637 726 3702 ἐπικαλύπτει
742 3638 776 3702 δὲ
787 3639 843 3714 τὰς
859 3637 1015 3722 ἁμαρτίας
1058 3639 1274 3718 baptismum,
1290 3635 1348 3698 sed
1364 3635 1472 3715 operit
1492 3639 1629 3714 peccata
1647 3652 1706 3715 per
1721 3641 1811 3697 acer-

269 3740 321 3804 διὰ
335 3751 393 3827 τῆς
407 3751 520 3825 πικρᾶς
537 3741 712 3826 μετανοίας.
729 3739 794 3806 Νῦν
810 3742 866 3826 μὲν
882 3743 940 3827 τὴν
955 3750 1016 3826 γῆν
1059 3741 1137 3806 ουτω
1163 3741 1408 3822 poenitentiam.
1439 3741 1535 3802 Nunc
1561 3739 1698 3820 quidem
1727 3739 1810 3802 dicit

269 3865 336 3927 σου,
351 3844 520 3931 κατωτέρω
536 3846 570 3910 δὲ
586 3855 641 3910 τοῦ
656 3855 898 3910 κατασκενῶσαι
924 3845 1016 3924 δόξαν
1060 3851 1183 3911 terram
1208 3849 1316 3922 tuom5
1340 3843 1482 3906 inferius
1505 3849 1618 3906 autern
1643 3841 1684 3926 (ν.
1704 3841 1754 3925 10)
1776 3847 1815 3906 eet

268 3952 302 4016 ἐν
319 3961 356 4036 τῇ
372 3961 413 4036 γῇ
429 3950 529 4037 ἡμῶν,
552 3973 607 4016 και
621 3949 788 4034 κατωτέρω
809 3949 844 4013 δὲ
859 3947 950 4033 καὶὴ
973 3959 1014 4036 ll
1058 3951 1217 4018 inhabitet
1233 3949 1343 4034 μίονία
1356 3950 1393 4012 in
1415 3952 1505 4013 terro
1526 3953 1647 4012 rwstro.
1665 3947 1812 4011 inferius

270 4057 361 4143 ἡμῶν
372 4057 465 4121 δώσει
476 4059 529 4121 τὸν
540 4057 662 4140 καρπὸν
674 4055 836 4140 αὐτῆςέν
848 4065 887 4140 τῇ
900 4055 943 4131 εἰς
957 4057 1016 4140 τὴν
1059 4073 1138 4119 vero
1162 4054 1204 4138 (r.
1230 4053 1285 4136 13}
1314 4055 1359 4118 m
1380 4057 1470 4116 terra
1491 4055 1604 4116 πυοίνα
1626 4051 1716 4115 dabit
1728 4049 1811 4132 sru-

269 4171 330 4247 γῆν
342 4161 467 4245 καθόδῳ
480 4170 535 4226 τοῦ
547 4159 688 4244 σωτῆρος
700 4159 799 4245 ἡμῶν,
816 4159 1017 4244 εὐδόκησενδ
1059 4167 1144 4226 ctam
1157 4177 1272 4237 οααπις
1296 4160 1331 4222 in
1347 4163 1472 4221 terram
1488 4157 1623 4238 delapso
1640 4159 1813 4220 salvatore

270 4264 350 4342 Θεὸς
361 4265 419 4348 τὴν
431 4271 492 4348 γῆν
504 4262 627 4328 ἑαυτοῦ.
641 4256 686 4326 Ἠ
698 4271 759 4348 γῆν
771 4283 839 4345 σου,
852 4262 919 4328 ἀντί
931 4264 1017 4328 διασ-
1060 4271 1184 4343 nostr0,
1196 4269 1270 4327 tum
1277 4262 1451 4327 benedixit
1463 4265 1552 4326 Deus
1563 4267 1690 4325 terram
1702 4279 1809 4325 suam.

267 4368 363 4454 τολῆς
374 4365 542 4452 ἀλλοτρίας
558 4365 643 4451 λέγει
658 4369 716 4452 τὴν
726 4365 893 4448 Ἰουδαίαν,
910 4377 954 4452 τῷ
966 4367 1017 4431 διὰ
1060 4371 1122 4432 Vel
1148 4370 1382 4431 terramillam
1405 4367 1455 4428 ait
1481 4385 1541 4448 per
1567 4367 1811 4446 oppositionem

267 4485 324 4560 της
339 4473 472 4550 πίστεως
486 4468 644 4556 γενομένῳ
660 4471 755 4534 αυτοῦ
776 4470 854 4556 λαῷ.
872 4469 967 4556 Λέγει
982 4471 1017 4535 δὲ
1062 4473 1150 4536 inter
1165 4475 1186 4537 J
1189 4471 1320 4535 udaeam
1343 4475 1377 4534 et
1395 4471 1560 4551 populum
1583 4471 1644 4551 qui
1667 4468 1741 4548 eJus
1764 4469 1812 4532 fa·

303 4695 352 4750 Pa
366 4710 494 4763 txxxrr,
506 4711 533 4750 ν.
548 4691 718 4749 avarica.
732 4691 822 4746 Plura
840 4689 1021 4746 detraximus
1064 4709 1108 4764 ps.
1122 4707 1241 4750 nxxxrr
1253 4706 1320 4746 cum
1332 4688 1460 4760 Origene
1471 4689 1658 4746 conveniunt.
1673 4686 1758 4745 Unde
1770 4705 1817 4743 su·

270 4780 439 4854 eprooemio
455 4779 561 4853 psalmi
580 4777 657 4850 quod
675 4778 802 4834 ocem-rit
819 4777 897 4851 apud
915 4777 1021 4834 Corde-
1066 4778 1157 4851 spicio
1175 4777 1285 4833 arridet
1301 4777 1394 4831 latere
1407 4774 1485 4847 apud
1497 4774 1574 4830 hunc
1586 4773 1817 4847 anepigraphum

268 4867 465 4939 riumt.11‚p.
480 4867 531 4923 739
546 4867 578 4921 in
590 4864 716 4936 quodam
735 4882 888 4938 anonymo,
906 4865 1021 4920 caeteris
1065 4864 1197 4920 libellum
1209 4862 1346 4933 Origenis
1357 4861 1505 4916 intitules
1517 4861 1704 4933 psalmorum,
1717 4860 1816 4916 haete-

267 4954 478 5027 interpretihus
491 4959 660 5008 constanter
677 4952 806 5025 praefixo,
824 4953 959 5022 quamvis
977 4951 1021 5006 in·
1065 4971 1121 5010 nus
1139 4950 1341 5022 detegendum,
1363 4950 1412 5005 hic
1436 4948 1542 5004 saltem
1567 4948 1683 5004 laciniis
1709 4947 1817 5004 discor·

267 5043 347 5100 suisa
364 5029 480 5098 tantum
495 5040 628 5114 proferat
645 5041 787 5096 scholiola
803 5047 910 5115 praeter
926 5057 1018 5113 proae·
1062 5046 1153 5114 ptum.
1160 5035 1467 5110 SequentiaDidymos
1474 5035 1668 5109 apudMaium
1674 5035 1816 5093 imitatur.

267 5129 326 5186 mia
347 5136 393 5186 sat
411 5129 548 5200 insignia,
563 5145 628 5201 qnae
647 5145 707 5184 non
725 5129 822 5198 semel,
841 5133 874 5183 ut
891 5127 970 5184 irrt'ra
988 5128 1019 5184 in
1099 5145 1126 5186 ν.
1139 5127 1166 5196 2,
1178 5125 1206 5196 3,
1217 5124 1283 5180 Vct.
1296 5125 1322 5194 2,
1336 5122 1378 5178 15.
1391 5121 1516 5178 Zaohnr.
1530 5138 1596 5190 rur,
1608 5123 1653 5177 22.
