4036 6090
303 409 364 472 122
973 411 1182 476 ORIGENES

345 546 445 626 Οὗτος
460 547 477 614 δ
492 548 569 626 λαὸς
590 558 653 627 τοῖς
675 547 795 635 χείλεσί
810 571 847 636 με
870 557 954 635 τιμᾷ,
970 549 991 634 ἡ
1008 550 1042 615 δὲ
1134 555 1227 616 «Hic
1244 556 1389 636 populus
1414 556 1512 619 labiis
1527 573 1580 620 me
1604 557 1754 638 honoret,
1777 553 1834 622 o‘or
1882 549 1884 556 ’

300 651 414 737 καρδία
429 654 524 717 αὐτοῦ
539 651 644 737 πόρρω
659 652 773 740 ἀπέχει
787 654 841 719 ἀπ’
852 654 940 740 ἐμοῦ.
1088 662 1203 720 eutem
1220 657 1293 736 ejus
1309 660 1411 738 longe
1426 665 1476 724 est
1491 680 1511 723 ιι
1527 679 1621 724 ωε.»

343 778 375 821 ν.
392 759 445 822 37.
465 753 505 822 Ἡ
528 758 563 822 δὲ
584 756 699 842 καρδία
724 761 826 825 αῶτῶν
851 760 910 823 οὐκ
939 757 1043 825 sidric
1102 837 1110 852 ·
1131 779 1161 824 v.
1178 762 1230 824 37.
1246 763 1421 828 Coroctcm
1435 770 1696 830 οοτωωιιοκοναί
1709 770 1830 832 rectem

301 861 367 948 μετ’
378 862 484 927 αὐτοῦ.
1087 881 1216 929 cumen.

344 966 434 1031 Μετὰ
449 964 532 1033 Θεοῦ
546 965 661 1051 οὖσαὴ
681 965 805 1052 καρδία,
829 963 933 1032 εθθείοι
948 968 1041 1034 ἐστιν.
1132 969 1196 1032 Ubi
1212 987 1269 1034 cor
1286 977 1400 1036 menet
1421 990 1500 1036 cum
1515 975 1594 1054 Deo,
1618 980 1748 1039 rectum
1771 981 1831 1039 est.

299 1071 388 1148 εὐθὺς
403 1070 464 1156 γόιρ
479 1069 545 1136 ἐστι
558 1069 674 1156 Κύριος
689 1071 706 1135 δ
721 1071 800 1149 Θεὸς
813 1069 913 1157 ἡμῶν.
1090 1075 1243 1136 «Rectus
1258 1076 1349 1138 enim
1367 1082 1419 1139 est
1428 1077 1592 1140 Dominus
1604 1079 1694 1141 Deus
1710 1084 1831 1142 noster.

344 1196 375 1240 ν.
403 1177 456 1240 38.
483 1174 585 1253 Αὐτὸς
611 1174 647 1239 δέ
672 1176 756 1241 ἐστιν
787 1175 961 1263 οἰκτίρμων,
988 1180 1043 1243 καί
1136 1195 1166 1240 ν.
1186 1178 1237 1240 38.
1251 1181 1442 1259 Ιριοοοιενι
1453 1185 1500 1245 cst
1510 1181 1703 1260 misericor,
1718 1186 1833 1262 etpro-

299 1278 443 1343 ίλάσετοιι
458 1287 526 1355 ταῖς
542 1277 706 1363 ἁμαρτίαις
723 1281 835 1362 αὐτῶν,
849 1283 905 1345 καί
923 1283 960 1346 οὐ
977 1281 1042 1346 δια·
1082 1281 1409 1364 piticrfictpeccctt'e
1422 1301 1540 1365 ccccm,
1552 1289 1584 1348 et
1596 1302 1659 1348 oco
1669 1285 1831 1366 dtmcrdct

300 1381 415 1468 epilepsi,
439 1382 493 1445 καί
515 1380 667 1466 πληθυνεῖ
693 1393 749 1448 τοῦ
771 1383 968 1470 ἀποστρέψαι
989 1388 1049 1451 τὸν
1087 1403 1148 1450 ecs.
1161 1386 1207 1450 ct
1215 1385 1399 1466 accederit,
1414 1394 1452 1453 ut
1461 1393 1619 1454 coerceret
1628 1389 1715 1452 iram
1724 1406 1827 1468 scam,

299 1485 395 1572 θυμόν
409 1487 515 1568 αὐτοῦ,
531 1487 585 1549 καί
600 1487 671 1574 οὐχί
693 1486 843 1556 ἐκκαθσει
864 1498 969 1555 πᾶσαν
983 1493 1042 1577 τὴν
1088 1495 1121 1554 et
1135 1507 1200 1554 ποτε
1213 1507 1334 1555 cccrum
1348 1493 1434 1556 iram
1447 1509 1550 1558 scant

302 1591 401 1676 δργὴν
416 1591 522 1654 αὐτοῦ.

342 1692 432 1761 Ἀλλ’
442 1696 525 1780 ὅμως
540 1698 632 1773 αὐτὸς
654 1706 693 1782 τῇ
709 1697 810 1784 οἰκείᾳ
831 1698 992 1785 χρῶμενος
1007 1699 1042 1765 ἀ-
1132 1698 1239 1760 Immo
1253 1716 1344 1780 vero,
1356 1718 1419 1764 sue
1436 1719 1519 1764 usus
1536 1701 1754 1781 benignitate,
1766 1718 1832 1764 non

298 1798 457 1884 γαθότιγτι,
470 1801 528 1864 οὐκ
538 1800 692 1886 ἠνέσχετο
700 1803 812 1880 αὐτοὺς
824 1804 974 1870 παντελεῖ
981 1825 1041 1870 πα·
1090 1801 1253 1865 sustinuit
1265 1818 1321 1866 eos
1333 1803 1532 1867 omnimode
1544 1804 1630 1866 tredi
1644 1805 1832 1885 perditioni.

299 1905 447 1989 ραδοῶναι
468 1903 578 1990 φθορᾷ.
595 1943 636 1954 -
654 1905 727 1982 Τοῖς
745 1907 847 1992 ἔργοις
862 1908 897 1972 δὲ
921 1907 1042 1994 μᾶλλον
1092 1906 1201 1983 Magis
1217 1924 1297 1970 vero
1313 1908 1469 1988 operibus
1485 1927 1588 1990 quem
1603 1909 1715 1972 verbis
1726 1914 1834 1972 osten-

299 2011 320 2095 ἢ
336 2018 400 2087 τοῖς
413 2008 519 2095 λόγοις
534 2007 678 2094 φαίνεται
691 2010 738 2074 ότι
752 2011 835 2075 ἐστίν
850 2012 867 2076 ὁ
883 2010 963 2090 Θεὸς
978 2014 1042 2078 οἰκ·
1088 2009 1188 2089 ditur,
1205 2011 1312 2074 Deum
1326 2029 1398 2075 esse
1413 2013 1671 2076 misericordem.
1685 2015 1832 2078 Nullete·

298 2111 430 2199 τίρμων·
452 2113 601 2179 οὐδέποτε
626 2115 688 2199 γὰρ
718 2112 870 2200 κρατίστῃ
893 2125 932 2202 τῇ
962 2118 1041 2203 δργῇ
1087 2131 1153 2176 nus
1169 2115 1259 2177 enim
1275 2117 1544 2196 potentissimam
1569 2119 1654 2180 iram
1670 2118 1706 2181 in
1728 2117 1833 2180 homi·

298 2219 382 2281 κατὰ
404 2227 465 2283 τῶν
488 2217 657 2302 ἀνθρώπων
679 2217 849 2304 ἐχρήσατο,
872 2222 938 2286 οίον
965 2222 1043 2308 [ὅτε]
1088 2236 1147 2282 nes
1163 2220 1329 2282 exercuit:
1343 2223 1488 2302 exempli
1501 2223 1623 2304 gretie,
1639 2222 1833 2303 quendodi·

298 2309 1043 2408 κατακλυσμὸνέόουλέυσατοποιῆσαιπεντακο-
1088 2323 1220 2387 luvium
1228 2323 1337 2386 facere
1346 2327 1474 2405 statuit,
1484 2328 1766 2408 quinquagesimo
1774 2343 1832 2388 en·

299 2434 412 2512 σιοστῷ
435 2427 498 2490 ἔτει
518 2425 636 2511 ἠρξατο
657 2426 824 2511 κηρύσσειν
847 2428 894 2492 ὅτι
915 2430 1004 2494 ἔσται
1025 2431 1044 2496 ὁ
1087 2431 1120 2490 te
1132 2443 1220 2490 enno
1232 2428 1366 2511 incaepit
1374 2432 1530 2493 nuntiare
1539 2431 1691 2494 futurum
1700 2448 1772 2494 esse
1781 2448 1834 2492 ca-

298 2529 531 2614 κατακλυσμὸς,
555 2532 609 2594 καί
630 2528 760 2614 ἐποίησε
782 2541 825 2617 τῷ
848 2530 919 2598 Νῶε
945 2555 1044 2600 κατα·
1091 2532 1304 2613 teclysmum,
1325 2532 1495 2614 jussitque
1514 2536 1583 2598 Noe
1598 2534 1762 2598 fabricare
1784 2551 1835 2596 er·

300 2633 465 2711 σκευίιζειν
477 2635 535 2718 τὴν
545 2633 676 2699 κιθωτδν
688 2635 788 2701 ἔτεσιν
800 2634 922 2701 ἑκατόν.
936 2635 974 2702 Τί
988 2639 1043 2703 οὖν
1088 2653 1160 2698 cem
1170 2653 1231 2716 per
1238 2641 1375 2700 centum
1386 2653 1501 2702 annos.
1515 2639 1558 2701 Ut
1570 2637 1651 2719 quid
1658 2642 1771 2701 eutem
1779 2653 1835 2700 vo-

299 2737 384 2803 ἀλλὰ
398 2737 543 2824 βούλεται
558 2738 610 2804 διδι
621 2747 681 2804 τῶν
695 2738 811 2805 ἑκατόν
825 2738 904 2805 ἐτῶν
914 2749 971 2826 τῆς
986 2763 1043 2807 κοι-
1087 2742 1153 2805 luit
1170 2759 1242 2822 per
1253 2746 1392 2805 centum
1409 2759 1514 2805 annos
1533 2758 1645 2804 arcem
1665 2740 1833 2818 edificari,

298 2852 456 2928 τασκεῠης
479 2852 536 2928 τῆς
559 2841 691 2928 κιβωτοῦ
713 2845 735 2929 ἠ
757 2843 942 2930 ἐπιπρέψαι
969 2850 1042 2924 τοὺς
1087 2844 1154 2907 nisi
1168 2850 1206 2909 ut
1214 2848 1425 2908 converteret
1436 2844 1599 2924 homines,
1611 2863 1653 2906 ne
1665 2844 1833 2908 ullomodo

297 2946 487 3030 ἀνθρώπους,
504 2950 554 3013 ίνα
570 2950 612 3034 μὴ
629 2947 723 3034 χρεία
737 2948 861 3034 γίνηται
875 2959 932 3034 τῆς
947 2950 1040 3016 κιθω-
1086 2966 1164 3011 erce
1177 2965 1260 3030 opus
1273 2949 1377 3012 esset?
1389 2952 1516 3012 Rursus
1528 2951 1568 3010 ut
1577 2949 1746 3030 AEgyptiis
1758 2964 1831 3027 per-

297 3062 371 3136 τοῦ;
386 3051 487 3117 Πάλιν
502 3052 682 3137 φειδόμενος
705 3062 766 3118 τῶν
781 3052 968 3138 Αἰγυπτίων,
985 3056 1041 3120 ἄκ-
1086 3058 1186 3131 ceret‚
1203 3070 1259 3116 eos
1274 3070 1334 3132 per
1348 3052 1493 3116 locustas
1506 3059 1539 3116 et
1550 3053 1720 3116 musculos
1733 3055 1767 3114 et
1777 3069 1833 3112 cu-

299 3176 360 3239 ρισι
373 3157 428 3220 καί
445 3157 546 3241 μυίαις
557 3158 611 3221 καί
626 3157 747 3240 σκνιψίν
762 3157 928 3237 ἐκόλαζεν·
941 3158 993 3224 ὅτε
1006 3159 1041 3224 δὲ
1085 3159 1167 3221 lices
1175 3157 1384 3238 corripiebat.
1394 3157 1456 3220 Ubi
1464 3175 1543 3221 vero
1554 3161 1690 3238 peccato
1702 3155 1831 3219 instite-

298 3258 463 3343 ἐπέμειναν
489 3269 528 3345 τῇ
556 3259 703 3346 ἁμαρτίᾳ,
734 3265 788 3326 τόν
813 3260 954 3326 θάνατον
979 3269 1041 3328 τῶν
1086 3265 1175 3340 runt,
1192 3267 1333 3324 mortem
1348 3262 1651 3341 primogenitorum
1665 3260 1715 3322 uti
1727 3263 1833 3322 extre

297 3363 504 3447 πρωτοτόκων
526 3366 583 3450 τὴν
603 3363 783 3430 τελευταίαν
801 3365 943 3451 ἐπήγαγε
960 3365 1039 3451 μόσ-
1093 3380 1186 3426 mum
1213 3361 1388 3440 flagellum
1415 3366 1578 3442 erogavit.
1602 3367 1766 3428 Praeteree
1787 3361 1834 3424 fa-

297 3469 460 3554 τιγα.”Ετι
471 3468 560 3555 λιμὸν
571 3470 672 3553 ἔκρινε
684 3478 748 3546 τοῖς
759 3468 939 3555 Αἰγυπτίοις
951 3479 1041 3554 ποιῆ-
1092 3483 1180 3530 mem
1193 3468 1325 3530 censuit
1340 3469 1375 3530 in
1390 3469 1564 3550 AEgyptios
1576 3469 1744 3531 inducere.
1757 3467 1832 3542 Fac,

297 3595 359 3638 σαι.
377 3572 527 3657 Ποίησον,
542 3573 567 3637 dr
583 3573 655 3657 Θεὲ,
667 3575 722 3638 τὸν
737 3573 835 3659 λιμόν.
857 3573 960 3653 Ἀξιοῖ
978 3577 1040 3660 γὰρ
1088 3587 1108 3633 c
1123 3573 1224 3649 Deus,
1239 3570 1378 3652 femem3
1403 3588 1537 3651 aequum
1553 3573 1644 3634 enim
1667 3575 1718 3634 est
1732 3573 1833 3650 AEgy-

295 3676 484 3764 Αίγυπτίους
510 3678 590 3764 λιμῷ
622 3677 846 3763 διαφθαρῆναι.
883 3676 974 3744 Ἀλλ’
1004 3679 1041 3745 οὐ
1085 3675 1173 3754 ptios
1191 3677 1302 3739 esurie
1318 3676 1539 3756 pessumdari.
1555 3679 1597 3738 At
1611 3676 1698 3753 nuic,
1712 3675 1832 3755 inquit,

297 3783 459 3870 βούλομαι,
473 3785 578 3868 φησὶν,
594 3783 706 3860 αὐτοὺς
722 3782 883 3860 παντελῶς
894 3782 1038 3848 κολάσαι.
1086 3795 1142 3841 eos
1171 3779 1399 3844 internecione
1426 3781 1605 3858 castigare.
1637 3778 1724 3854 Quid
1749 3793 1832 3855 ergo

297 3889 336 3955 Τί
350 3891 405 3955 οὖν
419 3899 512 3973 ποιῶ;
528 3889 682 3972 οἰκονομῶ
696 3889 749 3953 τδν
762 3885 882 3973 Ἰωσὴφ
897 3886 1037 3973 καταθῆ-
1086 3883 1172 3959 egoi
1194 3885 1268 3946 Mee
1294 3883 1479 3986 oeoonomie
1509 3881 1634 3963 Joseph
1661 3880 1833 3944 descendit

296 4016 346 4060 ναι
361 3995 423 4058 ἀπὸ
437 4003 496 4078 τῆς
518 3992 610 4079 διγίιις
631 4002 702 4078 γῆς,
723 3993 778 4056 καί
792 4001 977 4078 συγχρῶμαι
998 4001 1038 4077 τῇ
1086 4003 1214 4050 escere
1235 3991 1335 4066 terre,
1356 3992 1390 4049 et
1411 3986 1568 4068 provideo
1591 3987 1733 4050 fratrum
1758 3984 1831 4066 ejus

297 4097 434 4184 ἁμαρτίᾳ
448 4107 509 4163 τῶν
524 4097 667 4182 ἀδελφῶν
690 4098 795 4179 αὐτοῦ,
815 4097 870 4159 καί
884 4095 1040 4180 προφάσει
1085 4095 1231 4171 peccato,
1247 4095 1281 4154 et
1294 4092 1467 4154 occasione
1486 4092 1694 4154 somniorum
1716 4109 1834 4172 procu-

296 4203 422 4289 ὸνείρωμ
437 4213 516 4268 ποιῶ
538 4205 632 4266 αὺτὸν
647 4203 681 4267 ἐν
695 4211 734 4287 τῇ
753 4201 880 4286 (φυλακῇ
897 4201 1040 4286 γνωσθῇ.
1089 4211 1126 4258 1⁸0
1139 4213 1216 4258 eum
1229 4197 1264 4259 in
1277 4211 1410 4258 Οθιΐθθΐθ
1422 4195 1684 4273 agnoscendum.
1697 4196 1833 4258 COssSUi·

297 4331 357 4374 ναι.
374 4308 538 4394 Οίκονομῶ
560 4316 662 4391 κρίναι
678 4309 717 4371 τδι
739 4305 895 4391 ὀνείρατα,
918 4327 1041 4372 πιστευ-
1085 4305 1120 4363 io
1135 4319 1196 4381 per
1210 4317 1263 4363 me
1279 4300 1318 4363 fit
1334 4305 1372 4363 ut
1386 4301 1517 4363 somnia
1539 4300 1772 4379 dicernuntur,
1797 4305 1836 4364 ut

297 4416 389 4500 θῆναι
404 4415 457 4478 τδν
472 4422 557 4477 σῖτον
579 4419 778 4495 συναγαγεῖν,
793 4412 845 4477 ίνα
862 4411 904 4496 μὴ
929 4430 1041 4476 παντε-
1090 4405 1273 4471 suadeatur
1287 4406 1448 4482 colligere
1464 4405 1686 4483 frumentum,
1705 4422 1748 4468 ne
1763 4405 1837 4469 iun·

298 4518 360 4595 λῶς
390 4515 549 4601 Αῐγυπτος
574 4513 653 4600 λιμῷ
678 4513 844 4600 διαφθαρῇ.
871 4513 936 4579 Καί
964 4514 1042 4598 ὑπὲρ
1087 4511 1178 4574 ditus
1193 4509 1282 4573 ieme
1305 4514 1419 4590 pereat
1440 4511 1622 4590 AEgyptus.
1638 4511 1747 4588 Atque
1762 4525 1835 4589 pro-

298 4621 388 4709 ίγμῶν
402 4622 436 4688 δὲ
451 4619 485 4700 ἐξ
497 4621 634 4703 οὐρανῶν
646 4619 767 4704 ἔπεμψε
778 4621 832 4684 τὸν
843 4621 932 4703 ἅγιον
944 4619 1040 4684 αὐτοῦ
1087 4621 1161 4697 pter
1176 4631 1236 4678 nos
1251 4613 1344 4675 misit
1358 4611 1399 4675 de
1411 4613 1505 4676 coelis
1519 4617 1673 4676 sanctum
1689 4627 1831 4692 puerum

298 4724 405 4806 παῖδα,
422 4724 499 4807 ὑπὲρ
514 4721 718 4809 ἁμαρτωλῶν,
734 4724 811 4808 ὑπὲρ
830 4723 950 4809 κόσμου
966 4723 1042 4788 ἀπο-
1086 4737 1187 4784 suum
1203 4735 1262 4800 pro
1276 4717 1518 4798 peccatoribus,
1530 4735 1590 4798 pro
1605 4715 1731 4780 mundo
1746 4731 1832 4778 mor-

332 4904 360 4942 v.
373 4885 416 4940 87.
429 4887 496 4943 Vct
508 4887 534 4957 2,
547 4886 572 4940 5.
584 4885 670 4941 Leur.
684 4885 849 4957 Plut.v1,3.
862 4888 911 4942 Ρε.
921 4905 1007 4958 xxiv,
1016 4889 1042 4943 8.
1087 4885 1121 4936 τὰ
1132 4883 1180 4950 τὴν
1194 4884 1343 4949 ἀντιλογίαν
1353 4885 1405 4934 τῶν
1416 4883 1484 4948 tues
1497 4882 1587 4949 ξύλων,
1601 4878 1647 4935 vir
1655 4877 1758 4932 doctus
1771 4892 1834 4930 sus-

332 4990 359 5029 v.
373 4972 416 5026 θθ.
430 4973 496 5030 Vct.
508 4974 534 5042 2,
547 4973 572 5027 5.
582 4971 664 5028 Idem
676 4973 762 5028 Leur.
775 4973 853 5028 Plut.
865 4990 905 5042 νι,
915 4973 933 5027 3
942 4978 972 5029 et
981 4971 1043 5044 qui·
1087 4968 1202 5042 picetur
1213 4970 1285 5022 κατίι
1301 4969 1349 5034 τὴν
1368 4969 1513 5034 ἀναλογίαν
1530 4971 1582 5019 τῶν
1602 4970 1692 5033 αίμῶν,
1710 4967 1834 5032 respectu

299 5060 366 5116 dem
378 5059 458 5114 solus
475 5063 544 5116 ente
564 5059 699 5116 ultimum
718 5059 899 5114 scholiolnm.
921 5057 965 5114 (θ’.
988 5057 1044 5114 Ge·
1087 5055 1127 5108 ad
1144 5053 1260 5109 domoc?
1273 5052 1363 5108 Ludit
1374 5051 1509 5108 lubenter
1527 5049 1669 5122 Origenes
1680 5065 1746 5106 cunr
1757 5047 1833 5117 igne,

299 5163 360 5203 nes.
374 5163 427 5218 νιι,
439 5163 501 5206 xu.
514 5147 550 5204 In
561 5146 628 5216 linc,
640 5145 692 5202 ubi
703 5145 841 5218 ambigue
850 5145 987 5217 leguntur
995 5163 1044 5203 κα·
1088 5142 1178 5214 ligno,
1192 5140 1300 5214 stipula
1311 5145 1343 5197 et
1355 5139 1505 5198 nundine.
