4036 6090
996 466 1205 530 ORIGENES

870 688 1037 763 Petimus
1061 687 1278 766 LXXVII.

347 937 379 981 v.
414 921 441 982 1.
473 917 633 997 Συνέσεως
660 928 703 984 τῶ
729 917 845 1002 Ἀσόιφ.
1135 921 1323 986 Itttetteettts
1336 921 1403 1002 ipsi
1417 921 1538 1008 Asopi.

347 1019 526 1108 Προσέχετε
542 1023 619 1101 λαὸς
635 1044 694 1108 μου
710 1024 763 1088 τόν
786 1020 881 1106 νόμον
897 1041 966 1106 μου,
982 1018 1047 1084 αλί-
1135 1043 1167 1087 ν.
1200 1027 1228 1087 l.
1257 1025 1430 1105 taedet,
1457 1027 1574 1108 popule
1599 1043 1699 1104 meus,
1737 1026 1836 1107 tepent

304 1143 380 1188 νατε
404 1127 441 1188 τό
467 1127 520 1203 οὓς
536 1127 621 1211 ὑμῶν
637 1127 681 1204 εἰς
696 1129 735 1191 τό
757 1123 885 1211 ρημιιτα
905 1134 960 1189 τοῦ
976 1123 1049 1189 στό-
1092 1147 1205 1209 meam,
1225 1129 1382 1196 trutinate
1399 1149 1511 1197 aurem
1524 1136 1665 1200 vertam
1686 1131 1723 1194 οἰι
1744 1129 1839 1195 terta

304 1226 401 1311 ματός
418 1250 486 1314 μου.
512 1234 579 1297 Viti.
596 1233 670 1311 672,
690 1233 718 1294 1.
1096 1233 1165 1297 orie
1179 1235 1251 1297 etei.

345 1331 471 1418 Ταύτης
486 1336 548 1419 γὰρ
571 1333 705 1420 δεόμεθα
720 1335 763 1412 εἰς
786 1332 886 1419 θήραν
901 1343 957 1420 τῆς
975 1353 1050 1417 αρσ-
1138 1339 1209 1412 Quo
1226 1339 1401 1403 intellectu
1424 1339 1521 1402 uobis
1536 1356 1620 1421 opus
1640 1343 1701 1418 est,
1720 1337 1762 1404 ad
1785 1355 1840 1400 ex-

241 1522 244 1536 ·
301 1435 446 1522 κειμένης
461 1436 609 1522 διανοίας,
627 1439 707 1503 ὥστε
722 1447 838 1524 γνῶναι
851 1435 897 1515 τίς
912 1437 929 1501 ό
945 1434 1048 1520 λόγος,
1093 1440 1290 1523 plorandam
1302 1449 1450 1507 mentem
1462 1444 1518 1506 hic
1537 1441 1733 1530 subjectam,
1750 1441 1839 1506 uude

301 1542 356 1604 καὶ
366 1538 411 1616 τίς
423 1539 440 1604 ὁ
451 1540 528 1618 λαός
544 1542 650 1622 αὐτοῦ,
666 1542 727 1605 καλ,
738 1541 782 1619 τίς
798 1540 931 1626 όνόμος,
944 1539 1050 1623 ἕτερος
1094 1563 1272 1611 noscamus
1284 1549 1360 1629 quis
1372 1563 1482 1611 sermo
1497 1548 1551 1625 sit,
1564 1551 1597 1610 et
1608 1547 1685 1627 quis
1696 1547 1842 1627 populus

301 1644 344 1710 ὢν
360 1646 446 1729 παρὰ
461 1648 513 1710 τόν
529 1645 744 1723 τσῦΠωσέιις.
760 1644 927 1729 Δαυλδγθιρ
940 1643 1050 1726 obiit
1094 1649 1177 1730 ejus,
1204 1655 1239 1714 et
1261 1668 1415 1732 quaenam
1436 1653 1500 1730 lex,
1524 1652 1591 1714 alia
1613 1667 1712 1730 porro
1736 1667 1840 1730 quam

302 1747 482 1834 νομοθέτης,
505 1750 556 1816 ἵνα
577 1749 672 1835 λέγη·
695 1748 877 1836 Προσέχετε
900 1758 943 1834 τῷ
965 1746 1050 1833 νόμῳ
1094 1755 1247 1817 Mosuiea.
1264 1755 1348 1818 Nam
1364 1755 1470 1816 David
1486 1772 1553 1817 non
1566 1759 1639 1817 erat
1653 1753 1840 1831 legislator,

304 1873 374 1938 μου,
391 1854 463 1917 οὐδὲ
478 1854 632 1939 ἥρμοττεν
649 1855 733 1940 αὐτῷ
748 1853 867 1939 λέγειν·
884 1852 934 1918 ta
950 1851 1049 1938 ρημα-
1096 1863 1134 1921 ut
1159 1857 1265 1920 dieat:
1292 1857 1455 1920 Attendite
1470 1857 1570 1939 ῐορεοο
1591 1873 1704 1933 ewam,
1732 1849 1842 1934 neque

302 1979 343 2022 τα
358 1967 413 2021 τοῦ
429 1956 583 2042 στόματός
599 1979 668 2043 μου.
693 1957 741 2023 ot
755 1960 817 2042 γὰρ
831 1958 943 2039 οἰκεῖα,
959 1959 1000 2022 τόι
1014 1957 1050 2021 δὲ
1093 1961 1252 2042 competit
1267 1962 1298 2023 ei
1314 1959 1452 2024 addere:
1468 1959 1562 2024 οενόο
1573 1961 1640 2025 eris
1651 1960 1723 2037 mei,
1739 1958 1838 2020 mini-

302 2063 378 2146 πρός
397 2070 453 2125 τοῦ
476 2060 658 2147 Πνεόματος
681 2061 835 2147 προέφερε
851 2059 988 2146 ῥήματα.
1011 2058 1049 2124 Ὁ
1095 2083 1149 2128 me
1165 2066 1290 2146 quippe
1306 2081 1377 2144 sue,
1390 2064 1449 2128 sed
1465 2064 1578 2127 afflata
1590 2081 1610 2126 a
1622 2065 1750 2144 Spiritu
1765 2078 1841 2124 sau·

302 2166 359 2249 μέν
374 2166 428 2229 οὖν
443 2163 544 2250 λέγων
567 2165 673 2250 σωτηρ
687 2167 763 2246 ἐστι,
787 2165 880 2251 νόμος
896 2165 931 2229 δέ
954 2166 1050 2230 αὐτοῦ
1093 2173 1147 2231 cto
1158 2169 1262 2231 verba
1276 2167 1474 2249 proferebat.
1491 2169 1603 2246 Igitur
1615 2169 1643 2230 is
1660 2167 1719 2249 qui
1730 2165 1838 2246 loqui-

303 2271 338 2333 τό
355 2266 549 2354 εὐαγγέλιον,
565 2273 620 2334 καὶ
639 2269 715 2348 λαός
731 2270 761 2334 οἱ
782 2269 966 2356 χριστιανοί.
990 2268 1054 2334 Τόι-
1096 2277 1163 2351 tur,
1179 2274 1331 2335 Salvator
1347 2277 1410 2350 est;
1427 2270 1501 2351 ejus
1516 2288 1597 2334 vero
1613 2272 1668 2333 lex
1686 2271 1841 2346 Evange-

303 2393 348 2458 χοι
364 2373 399 2436 δέ
414 2374 442 2438 εἰ
458 2375 501 2458 μὴ
526 2373 687 2451 Πατθαῐος
710 2375 857 2440 sinesin
878 2373 1052 2459 exspueb-
1097 2377 1192 2454 lium,
1216 2380 1249 2438 et
1275 2377 1420 2457 populus
1444 2375 1636 2440 Christiani,
1664 2377 1750 2438 Sane
1775 2374 1841 2437 nisi

303 2497 363 2541 που
386 2487 441 2542 τοῦ
464 2477 612 2563 Σωτῆρος
633 2479 716 2543 ἐστιν
737 2477 754 2542 ό
775 2477 909 2564 ψαλμός,
932 2479 991 2542 οὐκ
1013 2477 1052 2542 ἂν
1096 2481 1274 2543 Matthaeus
1312 2478 1473 2566 edixisset
1505 2479 1596 2542 hune
1624 2481 1733 2542 inesse
1759 2480 1845 2559 psal-

303 2580 474 2667 ἐτόλμησα,
490 2585 543 2648 διόι
564 2582 616 2647 τό·
633 2578 718 2647 Ὅσα
732 2582 925 2668 ἠκούσαμεν,
941 2583 996 2645 καὶ
1011 2581 1052 2644 τόι
1096 2603 1190 2647 mum
1207 2585 1242 2647 in
1258 2599 1402 2665 persona
1417 2583 1609 2661 Salvatoris,
1633 2598 1697 2660 ego
1721 2580 1762 2644 ob
1785 2582 1845 2643 illa

304 2685 385 2772 ἑξῆς,
402 2688 454 2752 ἐπὶ
464 2690 518 2752 τὸν
530 2687 666 2772 Σωτηρα
681 2686 853 2772 ἀναγαγεῖν
864 2687 905 2751 τό
916 2706 1052 2772 γεγραμ-
1096 2689 1215 2752 verba:
1246 2689 1372 2763 Quanta
1388 2685 1583 2764 aeditimis,
1609 2691 1642 2750 et
1656 2690 1772 2766 patret
1793 2703 1846 2748 τοο

307 2789 394 2875 μένα.
411 2788 476 2856 Νῦν
498 2792 533 2856 δὲ
549 2790 649 2874 σώζω,
673 2793 728 2855 καὶ
748 2791 795 2854 ότι
810 2791 827 2855 ό
842 2791 954 2875 Σωτὴρ
972 2789 989 2853 ό
1004 2788 1054 2853 λέ·
1098 2793 1163 2856 atri
1184 2796 1405 2856 αοτεαοοειιιιο
1430 2794 1492 2852 etc.
1517 2807 1583 2852 nou
1607 2791 1845 2852 sustinuissem

304 2916 370 2980 γιον
392 2896 469 2978 ἐστὶ,
493 2897 548 2960 καὶ
571 2895 618 2960 ότι
641 2896 677 2959 οὐ
700 2894 739 2960 δι’
750 2895 825 2960 ὅλου
847 2904 903 2958 τσῦ
926 2893 1054 2979 ψαλμοῦ
1100 2896 1189 2959 dieta
1203 2895 1275 2957 haee
1292 2895 1458 2957 Salvatori
1473 2893 1649 2956 ascribere.
1673 2894 1737 2956 Sed
1752 2910 1844 2955 nune

306 2995 424 3083 λέγειό
441 2997 563 3082 Σωτήρ.
1100 3017 1240 3063 securus
1255 3016 1341 3076 sum,
1359 2999 1565 3060 salvatorem
1590 3013 1661 3059 esse
1684 3014 1762 3059 eum
1785 2995 1845 3076 qui

352 3101 461 3167 Ταῦτα
472 3102 529 3186 μέν
550 3102 595 3179 εἰς
613 3104 647 3166 τό
666 3101 849 3185 ααθόιραιτο
865 3099 968 3185 λέγειν
982 3099 1055 3184 πρό·
1100 3105 1260 3186 loquitur,
1290 3119 1358 3166 non
1389 3107 1504 3166 tamen
1534 3102 1629 3182 loqui
1653 3119 1714 3183 per
1735 3106 1844 3163 tetum

305 3225 423 3286 σωτσν,
436 3207 519 3270 κατὰ
536 3204 618 3285 λέξιν
630 3207 664 3270 δέ
681 3205 875 3291 ἀκούσωμεν.
1099 3209 1278 3290 psalmum.
1806 3217 1808 3228 '

268 3305 269 3308 '
1141 3316 1311 3375 Hactenus
1319 3312 1402 3390 haee,
1414 3312 1456 3374 ad
1465 3310 1698 3374 declarandum
1706 3311 1845 3389 loquen-

1097 3418 1141 3481 tis
1153 3415 1427 3498 personam;jam
1437 3415 1643 3478 verbotenus
1652 3414 1845 3476 audiamus:

349 3517 529 3605 Προσέχετε
555 3518 624 3583 κτλ.
649 3517 756 3604 Νόμου
779 3521 867 3598 όντος
890 3529 945 3584 τοῦ
968 3520 1052 3584 κατὰ
1141 3519 1304 3585 Attendite
1319 3525 1380 3583 ete.
1393 3522 1462 3583 Lex
1474 3537 1579 3601 quum
1587 3519 1633 3581 sit
1644 3518 1846 3600 Moysidata,

305 3622 433 3702 Μωσέα,
450 3625 578 3710 εὔχεται
600 3625 635 3687 τό
651 3624 683 3688 ἐν
699 3632 742 3708 τῷ
762 3623 908 3708 προφητη
925 3624 1054 3709 Πνεῦμα
1098 3625 1247 3706 postulat
1269 3625 1326 3687 ille
1350 3625 1506 3705 Spiritus,
1523 3625 1582 3703 qui
1598 3622 1689 3703 apud
1704 3621 1843 3702 prophe-

302 3729 390 3812 ἐντῷ
406 3726 443 3794 Θ’
456 3727 581 3812 ψαλμῷ,
599 3728 683 3804 ὅπως
698 3726 861 3812 ἀναστήσῃ
875 3737 940 3806 τοῖς
953 3727 1053 3793 ἔθνεσι
1099 3735 1167 3793 tam
1185 3733 1257 3792 erat
1273 3730 1308 3793 in
1323 3731 1453 3811 psalmo
1477 3745 1524 3805 rx,
1542 3731 1580 3789 ut
1594 3727 1780 3789 constituat
1800 3726 1846 3788 le·

302 3830 483 3915 νομοθέτην,
500 3833 554 3895 καὶ
567 3830 749 3916 διαθησεται
760 3831 915 3917 διαθήκην
927 3834 1050 3917 καινὴν,
1098 3835 1296 3914 gislatorem
1312 3852 1413 3914 super
1428 3835 1558 3911 gentes
1574 3834 1609 3892 et
1623 3831 1780 3911 disponat
1800 3833 1847 3892 te·

302 3937 386 4000 κατὰ
401 3933 565 4020 Ἱερεμίαν,
588 3937 643 4000 ιιαλ
658 3935 820 4022 ἀλλαχόσε
835 3935 938 4021 λέγει·
955 3935 1051 4001 Δώσω
1097 3945 1303 4004 stamentum
1315 3956 1451 4016 novum,
1460 3936 1562 4016 juxta
1573 3937 1796 4014 Hieremiam3
1813 3941 1847 3997 et

306 4041 411 4115 αὐτοῖς
437 4037 568 4122 καρδίαν
599 4037 708 4122 ἑτέραν
736 4049 790 4103 τοῦ
813 4038 976 4124 ρσόεῖσθαί
1002 4060 1050 4125 με,
1097 4042 1222 4107 alicubi
1238 4043 1334 4106 dicit:
1354 4042 1476 4104 «Dabo
1492 4041 1561 4103 illis
1578 4043 1616 4102 ut
1631 4041 1775 4102 timeant
1793 4057 1847 4100 me

303 4145 357 4206 καὶ
372 4142 443 4207 όδόν
466 4141 585 4225 έτέραν.
601 4141 718 4208 Ἦλθεν
741 4143 828 4208 οὖνὸ
850 4143 972 4230 Σιοιηρ,
995 4145 1050 4207 καὶ
1094 4165 1151 4210 eor
1173 4149 1328 4225 alterum,
1352 4152 1385 4210 et
1408 4146 1510 4208 aliam
1532 4145 1633 4206 viam.
1651 4165 1668 4202 ›>
1694 4144 1843 4206 Accessit

328 4387 377 4441 Ps.
385 4402 501 4445 uxxrn.
509 4386 632 4440 Praeter
639 4383 780 4456 majorem
786 4384 930 4456 psalmum
941 4402 1052 4455 exirm,
1096 4384 1253 4455 Gadandii,
1264 4384 1379 4454 integer
1397 4382 1459 4438 fere
1472 4379 1697 4436 commentarius
1709 4379 1846 4436 restitue·

302 4471 399 4527 nullus
416 4470 492 4526 alius
509 4474 556 4526 est
579 4487 666 4541 quem
683 4469 890 4527 abundantiori
918 4471 1053 4543 Origenis
1097 4480 1187 4530 retur.

302 4557 510 4613 commentario
520 4562 638 4612 auctum
649 4557 820 4629 reperimus,
830 4575 890 4613 non
899 4559 1054 4614 solummo-
1132 4579 1160 4616 v.
1174 4560 1198 4613 1.
1211 4558 1341 4612 Laurent
1358 4556 1429 4611 Plut
1440 4573 1468 4624 v,
1482 4554 1523 4609 14.
1536 4553 1573 4610 ef.
1592 4552 1697 4608 Mattlu
1711 4569 1779 4622 χιιι,
1801 4551 1845 4620 35,

303 4643 339 4699 do
352 4643 384 4698 in
397 4641 549 4698 Vaticanis
561 4642 644 4713 codd,
662 4659 784 4714 quornm
797 4643 929 4716 plerique
941 4644 1053 4717 parcio-
1097 4644 1148 4700 ubi
1160 4643 1257 4701 David
1275 4643 1384 4698 diserte
1401 4641 1566 4714 appellatur
1579 4641 1632 4695 sub
1651 4639 1767 4695 nomine
1780 4655 1847 4711 pro·

302 4746 349 4784 res
360 4734 437 4799 sunt,
450 4727 503 4783 sed
515 4728 641 4783 maxime
653 4729 685 4784 in
698 4729 817 4803 optimis
829 4729 912 4786 codd.
926 4729 1054 4786 Lauren-
1098 4729 1203 4802 phetae,
1217 4729 1307 4784 etiam
1315 4728 1411 4797 isaia,
1421 4726 1452 4782 in
1461 4727 1610 4782 nonnullis
1623 4724 1846 4798 exemplaribus,

303 4814 400 4884 tianis,
411 4813 562 4888 inscriptis
574 4814 629 4870 sub
641 4816 721 4871 Plut.
735 4833 762 4872 v.
777 4817 818 4872 lt
835 4822 866 4872 et
878 4819 956 4873 Plut.
969 4832 1008 4886 vr,
1027 4817 1053 4886 3,
1098 4823 1175 4872 teste
1187 4814 1322 4884 Eusebio,
1336 4814 1404 4870 fort.
1424 4820 1492 4887 post
1504 4814 1668 4886 origenem,
1686 4829 1773 4883 quem
1785 4811 1847 4866 Cae-

304 4917 376 4972 quos
384 4901 529 4974 locuplete
536 4901 669 4975 symbolo
678 4901 851 4959 continuant
858 4903 941 4959 codd.
947 4904 1054 4962 Veneti
1098 4901 1238 4958 sariensis
1250 4902 1286 4957 de
1298 4918 1379 4957 more
1391 4918 1444 4958 suo
1458 4901 1590 4974 sequitur
1607 4901 1639 4954 in
1656 4899 1711 4955 hoe
1724 4897 1845 4970 psalmo,

304 4983 381 5056 apud
388 4985 582 5043 Gadandium
597 4987 709 5056 Quibus
720 4987 745 5043 si
755 4987 892 5045 instituto
905 4995 1006 5047 nostro
1020 4991 1054 5047 li·
1098 4990 1224 5046 maxime
1237 4988 1273 5044 ab
1286 4988 1380 5058 initio,
1391 4989 1452 5045 sive
1466 5005 1518 5061 per
1533 4984 1710 5059 compendia,
1721 4983 1784 5039 sive
1796 4999 1845 5035 τα-

304 5069 413 5127 ouisset
423 5070 539 5142 addere,
547 5074 735 5146 quantumvis
744 5074 841 5144 exilia,
850 5093 955 5134 novem
965 5082 996 5133 et
1005 5076 1054 5134 de·
1098 5074 1390 5144 patientissimum
1409 5072 1552 5145 magistri,
1563 5077 1595 5127 ut
1614 5070 1692 5126 idem
1709 5066 1845 5134 ostendit,

305 5173 368 5212 esm
385 5155 526 5214 seholiola
544 5177 562 5214 a
580 5160 723 5218 Maurinis
741 5162 879 5232 collecta,
896 5169 926 5219 et
943 5163 1054 5222 fusiora
1099 5179 1247 5234 nunquam
1261 5161 1405 5217 deserens.
