4036 6090
279 403 341 466 126
951 405 1160 470 ORIGENES

275 543 509 631 ἀκολουθούσης
520 545 724 631 πίτρας·καί
736 545 764 611 οί
776 547 832 631 μὲν
844 544 1023 610 κατεσθίον-
1063 547 1229 628 quomodo
1244 552 1396 632 AEgyptii
1415 551 1456 614 ed
1479 551 1631 616 fluminis
1655 554 1744 634 ripas
1767 555 1809 618 si-

274 670 326 714 ται
349 651 404 714 καί
429 648 658 735 διαφθείρονται
686 651 746 715 ὑπὸ
768 646 937 734 κυνομυίας
965 649 1020 714 καί
1064 651 1307 730 tieut,Hebraei
1322 656 1449 717 veroin
1467 654 1814 736 desertcaquacbun·

276 753 454 840 βατράχων,
484 753 572 833 ζόιων
608 753 856 820 εὐτελεστάτων·
885 754 958 830 τοὺς
988 751 1024 816 δέ
1064 753 1154 818 dent.
1171 756 1334 820 Bibebent
1348 760 1439 822 enim
1463 759 1503 822 de
1526 759 1695 840 spirituali
1719 766 1813 840 petra

275 857 359 935 υίοὺς
388 867 444 922 τοῦ
470 857 553 925 Θεοῠ
582 859 655 923 οὐδὲ
684 857 813 922 ίοὸόλων
840 855 1019 941 δρακόντων
1064 865 1290 940 consequente
1320 878 1386 924 eos.
1414 863 1458 924 Et
1480 863 1531 925 illi
1554 862 1758 926 devorentur
1781 871 1814 928 et

276 961 427 1048 ἐνίκησαν
439 961 577 1040 δδόντες·
589 963 618 1028 οἱ
628 964 690 1048 γάρ
702 961 858 1046 ἀλλότριοι
871 970 926 1025 τοῦ
939 960 1023 1028 Θεοῦ
1064 969 1311 1026 consumuntur
1322 983 1343 1026 c
1354 966 1533 1046 cynomyia
1541 972 1574 1028 et
1581 968 1683 1045 renis,
1695 967 1812 1031 bestiis

275 1069 331 1132 καί
345 1068 433 1151 παρὰ
447 1076 511 1144 τοῖς
530 1065 742 1152 νομιζομένοις
765 1063 878 1150 ἄποροί
892 1065 949 1130 εἰσι
967 1065 1023 1128 καί
1064 1066 1249 1147 vilissime,
1281 1067 1368 1132 illios
1398 1074 1511 1132 autem
1540 1071 1601 1133 Dei
1637 1089 1678 1134 ne
1713 1089 1813 1134 vene·

276 1171 337 1234 ίιπό
359 1177 421 1236 τῶν
442 1169 604 1255 τυχόντων
627 1167 865 1255 δαφθείρονται.
889 1167 967 1234 Ἐάν
990 1167 1025 1232 δέ
1064 1187 1223 1234 ncsorum
1238 1172 1375 1252 quidem
1388 1173 1571 1237 draconum
1583 1174 1699 1237 dentes
1715 1192 1812 1256 supe-

279 1274 450 1359 τιςῄόγιος
460 1275 516 1340 καί
524 1273 557 1340 ἐν
565 1273 704 1358 ἀπόροις,
712 1272 891 1356 οὐκάπορεῖ
899 1271 1025 1337 nattes
1065 1280 1240 1356 reverunt3
1256 1277 1307 1340 illi
1326 1278 1450 1358 quippe
1473 1277 1657 1342 adversarii
1675 1280 1736 1342 Dei
1756 1281 1811 1344 vel

276 1386 337 1444 τῶν
352 1378 578 1464 χαλεποτάτων
599 1379 654 1442 καί
669 1375 850 1462 βλάπτεται,
873 1374 979 1440 λαόὼν
994 1374 1025 1439 ἐ·
1065 1379 1286 1460 inexpectatis
1298 1384 1415 1460 patent
1430 1381 1693 1462 discriminibus,
1710 1388 1744 1446 et
1758 1384 1813 1446 ola

276 1481 402 1562 ξουσίαν
416 1491 526 1546 πατεῖν
541 1481 646 1546 ἐπάνω
670 1481 772 1565 όφεων
786 1481 842 1545 καί
857 1477 1024 1563 σκορπίων.
1064 1484 1131 1546 viis
1146 1483 1245 1547 rebus
1262 1483 1480 1566 dissipantur.
1496 1488 1530 1550 si
1545 1488 1622 1567 quis
1636 1503 1716 1549 vero
1738 1504 1814 1549 san-

281 1587 400 1669 Ταῦτα,
416 1585 484 1650 ἐπεί
499 1585 542 1662 είς
557 1585 598 1669 ἠν
613 1582 693 1661 Θεὸς
710 1580 894 1668 εὐαγγελίου
910 1583 965 1646 καί
975 1580 1024 1646 νό-
1065 1592 1140 1650 ctus
1154 1588 1209 1667 sit,
1231 1594 1452 1671 verseturque
1479 1592 1515 1654 in
1541 1592 1721 1671 angustiis,
1746 1607 1812 1654 non

278 1713 348 1776 μου,
363 1687 541 1775 γεγένηται,
553 1689 608 1752 καί
618 1687 689 1752 τότε
701 1690 756 1752 καί
768 1685 936 1771 δράκοντες
948 1685 1024 1749 ἐπα-
1065 1693 1206 1769 angitur
1220 1695 1275 1755 vel
1289 1693 1354 1756 sub
1369 1696 1563 1776 asperrimis
1580 1697 1680 1776 curis,
1701 1712 1812 1776 neque

276 1793 446 1871 ναστάντες
460 1801 504 1877 τῷ
519 1790 597 1876 λαῷ,
612 1799 677 1867 τοῖς
695 1789 922 1876 ἡμαρτηκόσιν,
939 1788 1023 1874 οίςὴ
1065 1795 1241 1875 affligitur,
1270 1797 1398 1862 habens
1432 1803 1631 1880 potestatem
1660 1799 1812 1863 calcandi

278 1894 521 1981 ἀνδραποδώδης
551 1902 613 1959 τῶν
643 1892 802 1979 ἐδωδίμων
834 1892 935 1978 ἐδωδὴ
966 1893 1024 1977 την
1065 1917 1166 1981 super
1180 1905 1352 1980 serpentes
1368 1907 1402 1965 et
1416 1905 1616 1983 scorpiones.
1630 1905 1709 1966 Haec
1724 1902 1813 1966 facts

275 1998 437 2086 ἐπιθυμίαν
452 2008 509 2084 τῆς
523 1997 772 2084 γαστριμαργίας
794 1995 953 2082 ἐπήγειρε,
969 1997 1024 2060 καί
1065 2007 1155 2084 sunt,
1175 2022 1281 2085 quum
1305 2023 1396 2069 uuus
1418 2013 1507 2070 esset
1527 1989 1618 2070 Deus
1634 2009 1816 2086 Evangelii

275 2105 328 2168 τόν
340 2102 505 2188 Αίγόππον
515 2101 609 2186 κόρον
622 2099 832 2186 ὠνειροπόλει,
844 2100 949 2166 καίτοι
960 2109 1023 2165 τῶν
1066 2114 1101 2170 et
1114 2109 1226 2188 Legis,
1242 2111 1412 2190 etiamque
1428 2114 1510 2174 tunc
1524 2110 1685 2174 dracones
1705 2112 1816 2174 insur-

277 2206 456 2293 ἀναγκαίων
479 2206 604 2283 οὐδενός
623 2206 871 2292 όστερούμενοις)
896 2207 948 2270 ότε
972 2225 1025 2289 με·
1066 2217 1186 2292 gentes
1194 2215 1229 2275 in
1237 2215 1411 2293 populum,
1423 2214 1553 2277 scilicet
1564 2214 1599 2276 in
1609 2231 1665 2277 eos
1674 2215 1816 2294 quipec-

278 2311 447 2398 τανόησαν,
468 2311 558 2376 οὐδὲν
573 2312 686 2388 αὐτοὺς
702 2309 822 2396 βλάψαι
832 2309 1023 2395 δεδύνηνται.
1065 2320 1235 2395 caverent,
1247 2317 1283 2379 in
1296 2317 1420 2397 quibus
1428 2317 1656 2380 inverecunda
1664 2317 1815 2380 ciborum

1065 2421 1224 2484 comestio
1235 2422 1381 2499 ingessit
1391 2423 1482 2500 gulae
1494 2423 1813 2503 concupiscentiam,

1065 2545 1105 2590 ac
1130 2528 1253 2590 somnii
1283 2528 1391 2590 instar
1420 2527 1590 2590 revocavit
1615 2528 1743 2590 lautam
1775 2527 1810 2588 in

1066 2632 1210 2711 AEgyptc
1223 2631 1422 2709 satietatem,
1438 2630 1533 2692 nulla
1547 2630 1627 2693 licet
1649 2647 1685 2692 re
1701 2646 1813 2691 neces·

1065 2734 1154 2798 scria
1170 2737 1327 2812 egerent3
1344 2732 1403 2795 ubi
1419 2747 1475 2794 ecs
1492 2731 1661 2811 poenituit,
1684 2747 1817 2811 serpen·

1065 2841 1116 2902 tes
1131 2837 1180 2900 eis
1194 2853 1313 2899 nocere
1329 2833 1522 2915 nequibant.

321 2961 352 3004 v.
377 2944 429 3007 46.
447 2939 512 3006 Καί
525 2939 624 3006 ἐδωκε
639 2948 678 3025 τῇ
690 2935 817 3023 ἐρυσίόη
836 2940 890 3004 τόν
901 2939 1024 3023 καρπόν
1109 2959 1140 3004 v.
1155 2943 1208 3004 46.
1223 2941 1267 3004 lit
1279 2938 1365 3004 dedit
1375 2935 1639 3025 prrccesractcs
1653 2952 1770 3001 εοιτιπ.

281 3048 394 3110 αὐτῶν.

320 3148 385 3213 Καί
399 3152 453 3214 τόν
471 3149 528 3234 μὲν
546 3147 717 3234 Αἰγύπτιον
739 3149 861 3232 καρπόν
887 3143 1023 3213 δέδωκεν
1108 3147 1274 3230 Equidem
1301 3147 1392 3210 Deus
1415 3161 1523 3209 erucae
1550 3142 1643 3206 dedit
1664 3143 1812 3206 fructum

275 3253 387 3330 όΘεός
409 3262 448 3339 τῇ
472 3250 617 3337 ἐρυσίὸη·
633 3253 649 3317 ό
665 3253 700 3316 δὲ
723 3251 842 3328 δίκαιος
866 3253 954 3316 ἐσται
976 3249 1020 3328 ὡς
1065 3253 1219 3333 AEgypti3
1228 3250 1342 3330 justus
1350 3255 1464 3312 autern
1476 3250 1541 3312 erit
1554 3250 1668 3312 «sicut
1679 3249 1812 3327 lignum

274 3355 366 3435 ξόλον
379 3360 415 3422 τό
431 3355 660 3442 πεφυτευμένον
682 3357 770 3440 παρά
784 3357 841 3432 τάς
864 3353 1022 3434 διεξόδους
1064 3357 1254 3437 plantatum
1269 3371 1367 3418 secus
1382 3354 1544 3417 decursus
1559 3369 1725 3433 aquarum
1738 3373 1767 3414 υ.

274 3472 336 3528 τῶν
351 3462 482 3528 ὑδάτων.

318 3587 350 3632 v.
367 3569 475 3632 48-51.
491 3565 556 3631 Καὶ
578 3563 760 3650 παρόδωκεν
775 3566 809 3630 ἐν
831 3563 960 3651 χαλάζῃ
979 3567 1021 3630 τά
1106 3583 1138 3628 v.
1154 3565 1275 3627 48-51.
1293 3563 1339 3626 Et
1350 3561 1491 3628 tradidit
1501 3561 1658 3645 praruiini
1665 3562 1815 3642 jtrrttentc

274 3669 375 3755 κτήνη
399 3671 510 3753 αὐτῶν,
533 3671 588 3734 καί
609 3672 667 3755 τίγν
694 3668 823 3754 ὕπαρξιν
846 3671 949 3737 αὐτῶν
977 3678 1022 3754 τῷ
1062 3685 1180 3748 eorvis,
1199 3668 1471 3748 etposscssiorwm
1485 3682 1593 3729 cortus
1614 3667 1694 3748 iqui.
1718 3667 1816 3730 Misit

273 3772 355 3858 πυρί.
370 3773 789 3854 Ἐξαπόστειλενείςαῦτοὺς
801 3775 899 3859 όργην
916 3773 1021 3860 θυμοῦ
1062 3774 1100 3837 irs
1120 3789 1171 3836 cos
1192 3774 1279 3836 iram
1299 3769 1534 3852 iudipnctiortis
1555 3785 1632 3847 suc,
1665 3769 1814 3851 indipisc-

276 3879 383 3960 αὐτοῦ,
398 3878 501 3966 θυμὸν
512 3881 567 3944 καί
578 3880 676 3964 οργην
688 3880 742 3942 καί
752 3876 871 3962 θλίψιν,
887 3876 1021 3941 άποστο-
1063 3877 1178 3942 tionem
1200 3879 1232 3939 et
1252 3875 1338 3938 iram
1360 3876 1392 3937 ct
1412 3872 1666 3951 tribulationem,
1692 3874 1814 3937 immis-

274 3980 334 4066 λὴν
346 3980 383 4046 δι’
394 3981 536 4068 αγγέλων
550 3991 705 4066 πονηρῶν·
720 3980 897 4066 ὡδοποίησε
910 3977 1015 4064 τρίβον
1062 3982 1183 4046 τίουσαι
1204 3996 1267 4060 par
1295 3977 1424 4062 attactos
1458 3976 1569 4040 raros.
1609 3979 1700 4042 Viam
1727 3977 1817 4059 fecit

273 4095 312 4171 τῇ
328 4087 406 4171 όργη
430 4087 535 4169 αὐτοῦ,
551 4088 611 4150 οὐκ
632 4083 778 4171 ἐφείσατο
798 4083 861 4149 ἀπό
876 4082 1019 4148 θανάτου
1062 4086 1181 4152 semite
1194 4086 1253 4148 irc
1266 4099 1341 4162 sce,
1360 4081 1578 4162 rcapepereit
1595 4086 1728 4146 cmortc
1742 4082 1814 4145 ουτ·-

273 4199 334 4257 των
350 4179 458 4277 ψυχῶν
474 4193 586 4275 αὐτῶν,
601 4193 655 4255 καί
677 4192 718 4256 τά
740 4189 841 4274 κτήνη
858 4191 960 4254 αὐτῶν
975 4189 1020 4266 εἰς
1062 4191 1173 4255 ricmis
1186 4203 1304 4266 ιοινιιιι,
1322 4190 1353 4250 et
1363 4186 1513 4266 ρἰιπιιπίο
1534 4201 1642 4248 eoram
1663 4185 1700 4248 ιἰι
1715 4190 1815 4250 morte

273 4294 415 4360 θάνατον
430 4292 686 4360 ουνόιιλεισε.Κοιί
700 4293 837 4372 ἐπάταξε
856 4301 919 4358 πᾶν
937 4313 1019 4376 πρω-
1063 4294 1226 4360 οοιιοίατίί.
1255 4293 1299 4358 lit
1317 4291 1484 4372 percussit
1504 4307 1592 4354 οοιπε
1618 4291 1815 4373 ρπίπιοροιιί-

273 4400 405 4465 τότοκον
426 4399 461 4464 ἐν
482 4398 642 4483 Αἰγύπτῳ,
672 4398 823 4484 ἀπαρχὴν
844 4396 946 4462 πόνων
969 4397 1023 4461 αὐ-
1064 4403 1132 4464 tam
1153 4400 1191 4462 ιἰι
1204 4399 1352 4480 AEpypto,
1371 4395 1544 4477 primitias
1567 4395 1669 4458 omnis
1691 4394 1811 4459 tatoris

279 4512 351 4585 τόν,
372 4503 406 4570 ἐν
428 4513 493 4581 τοῖς
507 4502 692 4590 σκηνώμασι
707 4503 795 4588 Χάμ.
1066 4521 1184 4584 πόντοιο,
1203 4505 1240 4567 in
1254 4499 1470 4566 iciamtccviis
1488 4499 1594 4564 Ciam.
1752 4504 1754 4514 ¹

317 4607 412 4674 Κατά
426 4608 461 4673 δὲ
475 4607 693 4694 τροπολογίαν,
708 4607 832 4691 άναιρτῖ
847 4608 904 4684 τάς
921 4607 1021 4694 ἁμαρ·
1108 4609 1213 4670 Juxta
1246 4605 1437 4683 figurarum
1467 4602 1690 4683 disciplinam,
1721 4603 1811 4665 Deus

274 4713 377 4792 τωλόις
392 4714 497 4800 ψυχάς
512 4714 529 4778 δ
545 4713 635 4796 Θιδς,
658 4712 831 4797 ἐπαγαγὼν
847 4713 955 4790 αὐτοῖς
971 4714 1024 4779 τόν
1066 4711 1156 4774 tollit
1184 4708 1388 4792 peccatrices
1413 4706 1554 4786 animas,
1577 4704 1659 4768 dum
1681 4704 1813 4768 inducit

308 4907 336 4944 v.
349 4888 393 4944 46.
406 4887 472 4946 Vct.
483 4879 511 4944 B.
524 4887 573 4944 Ps.
588 4889 612 4958 l,
625 4887 650 4944 3.
1066 4881 1151 4940 detur
1161 4880 1323 4938 memorari.
1337 4911 1369 4920 —
1382 4877 1475 4934 Panlo
1487 4883 1554 4952 post
1562 4881 1667 4934 notatu
1677 4875 1813 4948 dignissi-

307 4995 335 5032 v.
347 4977 437 5032 4851.
451 4977 519 5033 Vct.
537 4975 619 5044 5,16.
638 4975 724 5030 Laus.
737 4973 816 5029 Plnt
836 4989 864 5043 v,
884 4972 925 5028 lt
944 4971 1023 5028 Plnt
1065 4987 1114 5026 ma
1126 4973 1173 5024 est
1182 4985 1241 5024 vox
1253 4983 1330 5022 nova
1342 4969 1480 5035 παταγμός
1489 4966 1577 5038 juxte.
1588 4964 1738 5020 classicam
1747 4981 1813 5019 ncr-

276 5079 317 5130 vr,
328 5063 354 5116 3.
372 5063 418 5118 Dc
429 5061 579 5118 Marcione
587 5059 745 5134 Polycarpi
753 5063 825 5115 ποτε
833 5059 1025 5129 vcx,cJoan·
1066 5073 1143 5114 mam
1161 5061 1227 5110 crta
1247 5072 1266 5109 τι
1283 5058 1417 5123 πατόσσω,
1435 5069 1500 5123 quae
1517 5058 1616 5110 temen
1634 5049 1768 5108 omnibus
1780 5049 1812 5106 in

275 5149 322 5206 nis
338 5148 417 5206 dicto
428 5155 531 5208 centra
541 5145 713 5206 Corinthum
725 5145 855 5218 oriunda,
868 5145 900 5204 in
912 5145 969 5204 ilua
981 5145 1025 5204 vi·
1068 5141 1171 5201 lexicis
1183 5141 1324 5198 hactenus
1336 5138 1526 5197 desideratur.
