4006 6090
835 429 877 490 IN
900 429 1086 494 Pshnuos

774 685 942 762 Psolmus
967 684 1154 764 OXXIX.

233 937 264 982 v.
282 920 347 982 3-5.
365 916 442 982 Ἐὰν
464 913 594 1002 ἀνομίας
615 914 856 1002 παρατηρησης,
872 916 935 981 Κύ-
1023 937 1054 982 ν.
1072 921 1138 982 3-5.
1157 921 1196 983 Si
1219 920 1409 1001 iniquitates
1424 919 1650 1002 observaveris,
1666 926 1730 988 Do·

190 1040 247 1102 ριε,
264 1018 371 1105 Κύριε,
387 1018 433 1096 τίς
448 1017 677 1104 ὑποστύσεταις
692 1015 770 1085 Ὅτε
785 1023 872 1106 παρὸι
887 1023 936 1085 σοί
980 1025 1074 1102 utine,
1098 1025 1245 1103 Domine,
1264 1024 1340 1104 quis
1353 1023 1549 1088 sustinebit?
1575 1028 1729 1102 unnim

188 1123 358 1210 όίλασμός
380 1125 473 1205 ἐστιν,
497 1123 605 1188 ἕνεκεν
625 1133 682 1188 τοῦ
704 1123 856 1210 όνόματός
879 1146 935 1191 σου
980 1127 1066 1207 optent
1094 1131 1124 1192 te
1147 1127 1343 1208 prontinus
1372 1133 1429 1208 est,
1455 1133 1591 1210 propter
1619 1147 1732 1195 uouoen

188 1227 340 1315 ὑπόμεινά
354 1250 401 1312 σε,
417 1227 524 1313 Κύριε.
543 1228 625 1295 Ἀπὸ
639 1227 785 1315 φυλακῆς
800 1226 869 1295 κτλ
981 1235 1072 1296 tuum
1086 1233 1233 1298 suestiuui
1247 1237 1287 1312 te,
1306 1236 1450 1298 Domine.
1472 1233 1500 1299 A
1516 1235 1660 1302 cortone
1674 1241 1731 1303 etc.

232 1331 270 1398 Ὁ
287 1334 322 1398 δὲ
344 1343 400 1398 τοῦ
425 1332 523 1416 Κύριε
545 1331 783 1418 διπλασιασμὸς,
806 1333 932 1420 θαῦμά·
1025 1337 1102 1399 Haeo
1121 1337 1481 1417 gemiuut10,I)omine,
1500 1341 1644 1420 Domine,
1665 1359 1731 1404 vox

188 1437 297 1516 ζοντός
312 1438 380 1503 ἔστι
393 1446 451 1522 τῆς
466 1447 521 1502 τοῦ
537 1435 619 1503 Θεοῦ
634 1436 867 1524 φιλανθρωπίας
882 1441 937 1504 τὸν
982 1443 1034 1502 est
1066 1439 1265 1505 admirantis
1293 1443 1422 1521 ingens
1450 1444 1638 1507 clementias
1668 1446 1729 1508 Dei

188 1545 295 1627 όγκον,
310 1541 384 1627 παρ’
393 1543 434 1627 ης
448 1543 503 1606 καί
517 1543 571 1609 τὸν
587 1542 720 1628 ἱλασμὸν
736 1543 816 1610 είναί
830 1565 935 1629 φησιν,
981 1544 1121 1624 pondus,
1138 1562 1179 1607 ex
1200 1562 1268 1626 qua
1291 1545 1435 1626 pendere
1451 1548 1499 1609 eit
1521 1549 1729 1628 propitiatio-

187 1645 259 1711 ἀλλ’
273 1648 332 1711 οὑκ
354 1647 387 1711 ἐν
409 1655 473 1722 τοῖς
495 1644 659 1731 ἡμετέροις
669 1645 931 1734 ’κατορθώμασιν
979 1665 1066 1726 uem,
1079 1665 1149 1711 non
1172 1665 1252 1711 vero
1275 1649 1317 1712 ab
1337 1651 1489 1729 egregiis
1512 1651 1645 1714 actibus
1669 1670 1728 1714 no-

186 1746 329 1834 Ἐνεκεν,
345 1749 419 1814 ὡσεί
441 1749 561 1836 ἔλεγεν,
584 1761 641 1838 της
662 1750 809 1836 γνώσεώς
830 1749 887 1816 σου
902 1753 934 1816 ὑ-
977 1753 1067 1815 sirie.
1085 1785 1123 1798 —-
1141 1755 1188 1816 Ac
1209 1753 1239 1816 si
1262 1752 1403 1816 dixerit:
1428 1754 1581 1819 Sustinui
1604 1759 1643 1834 to,
1670 1759 1734 1820 Do·

187 1853 320 1940 πέμεινά
335 1875 381 1938 σε,
397 1853 505 1939 Κύριε,
528 1855 550 1941 η
567 1854 619 1920 ὸιὸι
640 1858 676 1921 τὸ
698 1865 754 1921 τοῦ
769 1855 853 1923 Θεοῦ
868 1858 936 1922 όνσ·
978 1855 1073 1934 utine,
1092 1861 1228 1936 propter
1249 1857 1425 1921 scientiam
1449 1854 1489 1920 de
1506 1863 1552 1938 te,
1567 1861 1622 1922 vel
1639 1860 1730 1941 quod

188 1980 234 2046 μα
255 1959 396 2045 ὑπομονὴ
420 1957 569 2043 κρείττων
591 1967 648 2044 τῆς
672 1960 711 2024 δι’
726 1960 806 2026 ἀλλο
829 1982 868 2025 τι.
894 1999 934 2008 -
980 1965 1116 2042 propter
1132 1961 1193 2024 Dei
1214 1979 1346 2042 nomen,
1364 1963 1483 2025 melior
1499 1969 1550 2027 est
1565 1963 1730 2044 patientie

188 2063 301 2128 Ταῦτα
314 2071 376 2129 τῶν
392 2064 435 2148 μὴ
452 2063 504 2128 διὸι
519 2061 629 2148 χρείαν
653 2061 937 2151 §inuenientium
981 2084 1084 2148 quam
1111 2066 1154 2130 ob
1180 2067 1316 2147 quidvis
1344 2067 1446 2130 aliud.
1467 2103 1504 2114 -
1527 2069 1606 2132 Haec
1629 2070 1731 2133 verbu

188 2169 224 2232 τὸ
247 2167 283 2232 δὲ
303 2169 339 2232 τὸ
366 2169 480 2232 σεπτὸν
507 2167 606 2252 ὄνομα
631 2165 832 2250 προσιόντων,
856 2170 937 2232 οὑτω
964 2169 1119 2250 ,quidem
1136 2187 1204 2233 nou
1220 2188 1337 2234 eorum
1353 2175 1434 2235 sunt
1449 2173 1508 2254 qui
1523 2173 1601 2235 vitae
1618 2191 1730 2237 neces-

187 2273 243 2336 κοιί
257 2270 291 2336 ἐν
306 2271 448 2356 ὑπομονῇ
470 2269 646 2356 τρεχόντων
661 2274 715 2336 τὸν
730 2270 937 2357 προκείμενον
982 2275 1117 2338 sitetem
1125 2275 1345 2356 prospiciunt,
1352 2275 1409 2339 sed
1418 2277 1477 2356 qui
1485 2277 1597 2358 ipsum
1605 2294 1729 2340 nomen

188 2373 307 2459 ἀγῶνα,
322 2376 377 2440 καί
391 2377 477 2440 κατὸι
497 2373 618 2460 μηδένα
632 2378 743 2461 καιρὸν
766 2373 938 2464 ἀφισταμέ-
984 2378 1215 2442 venerandum
1230 2379 1421 2460 attendunt,
1433 2380 1549 2462 sicque
1566 2382 1734 2462 patienter

189 2498 252 2543 νων
278 2477 362 2546 Θεοῦ
387 2479 443 2544 καί
468 2485 530 2545 τῶν
553 2477 758 2564 ἀρεσκόντων
778 2482 872 2565 αὐτῷ.
896 2519 937 2530 -
977 2485 1127 2546 currunt
1143 2483 1184 2546 ad
1199 2484 1409 2566 propositum
1424 2490 1605 2566 certamen,
1621 2504 1732 2569 neque

71 2617 79 2628 .
188 2582 276 2649 Ἀντί
301 2583 336 2648 δὲ
365 2590 421 2649 τοῦ
448 2581 601 2670 ὀνόματος
625 2583 766 2663 Ἀκύλας
797 2585 855 2670 μὲν
882 2585 939 2650 καί
983 2591 1054 2652 ullo
1077 2589 1112 2652 in
1132 2594 1282 2670 tempore
1302 2607 1322 2651 a
1341 2590 1410 2653 Deo
1430 2590 1600 2670 recedunt,
1616 2593 1731 2654 autch

188 2685 363 2755 Θεοὸοτίων
388 2685 486 2773 μόθον
515 2686 736 2774 ἡρμηνευσαν·
762 2687 935 2776 Σύμμαχος
983 2693 1090 2773 ipsius
1104 2693 1336 2776 beneplacitis.
1351 2728 1389 2738 —-
1404 2694 1467 2758 Ubi
1474 2700 1608 2776 propter
1619 2713 1731 2761 runnu

187 2793 224 2857 δὲ
239 2794 344 2879 νόμον.
361 2790 409 2858 Οὐ
430 2794 493 2878 γὰρ
509 2791 706 2878 ἀπαγορεύω,
723 2793 828 2878 φησίν,
849 2791 938 2870 εἰδὼς
982 2801 1083 2877 tuum,
1103 2798 1227 2878 Aquila
1241 2802 1275 2861 et
1293 2798 1500 2861 Theodotion
1516 2799 1729 2880 interpretati

186 2900 234 2962 ὅτι
249 2897 395 2982 καθάπερ
409 2895 504 2982 νόμον
520 2897 603 2984 ἔχεις
619 2898 673 2962 τὸν
689 2896 788 2978 ἔλεον,
802 2895 886 2961 ἀλλύι
903 2898 938 2963 ἀ·
982 2905 1063 2966 suut
1085 2901 1251 2980 timorem
1273 2901 1495 2984 Symmachus
1519 2919 1598 2966 vero
1620 2903 1730 2986 leoena.

186 3000 309 3087 ναμένω
325 3009 386 3068 τῶν
402 2999 529 3085 ἀγαθῶν
540 3003 599 3086 τὴν
610 3001 791 3086 ὑπόσχεσιν.
809 3001 937 3086 Ταύτην
982 3005 1081 3069 Haud
1104 3005 1195 3069 enim
1210 3005 1362 3087 despero,
1379 3005 1500 3087 inquit,
1516 3007 1626 3070 sciens
1642 3007 1733 3088 quod

185 3108 248 3192 χάρ
264 3107 281 3171 ὸ
297 3105 392 3192 λόγος
414 3105 515 3190 δηλοῖ,
531 3105 608 3172 διότι
623 3103 859 3190 φιλανθρωπίαν
873 3114 938 3182 τοῖς
982 3109 1089 3174 veluti
1115 3110 1228 3188 legem
1255 3110 1358 3174 habes
1387 3111 1648 3192 miserationem,
1672 3113 1731 3178 sed

62 3297 63 3302 μ
186 3221 390 3297 μετανοοῦσιν
404 3209 570 3297 ὑπέσχετο.
588 3208 633 3276 Τὸ
647 3213 709 3296 γὰρ
724 3207 825 3296 τίμιον
840 3212 937 3276 αὑτοῦ
982 3218 1139 3296 exspecto
1161 3214 1327 3278 bonorum
1349 3215 1616 3296 promissionem.
1636 3219 1731 3281 Hanc

185 3316 299 3401 λύτρον
315 3317 392 3401 ὑπὲρ
406 3315 497 3403 ἡμῶν
513 3315 649 3381 δέδωκεν
665 3319 753 3402 αίμα,
769 3316 937 3403 γενόμενος
982 3319 1073 3382 enim
1092 3334 1203 3383 sermo
1221 3319 1380 3399 declarat,
1393 3321 1554 3401 quonium
1567 3323 1731 3403 poeniten-

185 3421 283 3507 ἀμνὸς
304 3431 360 3486 τοῦ
382 3421 485 3489 Θεοῦ·
501 3423 593 3499 οὑτος
614 3423 677 3506 γὸιρ
700 3422 756 3497 τὸις
779 3419 933 3506 ἁμαρτίας
978 3420 1070 3513 tihus
1094 3422 1362 3485 misericordiam
1383 3423 1547 3503 promisit.
1579 3427 1642 3488 Pro
1672 3445 1730 3490 no-

184 3526 274 3613 ἡμύν
296 3524 393 3611 φόρει,
415 3527 471 3590 καί
492 3527 562 3610 περί
583 3525 673 3612 ἡμῶν
695 3527 854 3592 ὑδννᾶται.
881 3525 932 3590 ’u
977 3525 1030 3589 bis
1058 3526 1148 3589 enim
1175 3525 1339 3588 eximium
1363 3526 1512 3608 pretium
1542 3527 1635 3592 dedit
1656 3547 1731 3592 san-

183 3630 297 3715 ποίησε
312 3631 347 3695 it
362 3631 416 3694 καί
431 3629 582 3714 λύτρωσιν
604 3638 648 3716 τῷ
663 3629 731 3716 λαῷ
750 3630 857 3711 αὐτοῦ,
873 3649 931 3693 κα·
976 3630 1118 3708 guinem
1134 3646 1246 3709 suum,
1263 3632 1383 3708 Agnus
1400 3630 1460 3693 Dei
1476 3630 1596 3695 factus.
1610 3635 1685 3714 Ipse
1698 3651 1730 3695 c-

183 3737 224 3800 τὸι
237 3738 291 3801 τὸν
307 3730 482 3820 Ζαχαρίαν,
498 3737 553 3798 καί
567 3736 652 3799 κατὸι
667 3736 725 3819 την
737 3731 831 3818 ἀγίαν
844 3732 930 3817 Παρ-
977 3734 1049 3796 nim
1061 3737 1176 3822 nostra
1190 3732 1256 3796 fert
1270 3737 1417 3814 peccate,
1432 3739 1465 3798 et
1476 3752 1537 3816 pro
1548 3735 1645 3799 uobis
1658 3735 1732 3798 dira

183 3840 291 3905 θένον·
312 3837 523 3905 Ἀντελόιόετο
538 3837 670 3926 Ἰσραὴλ
694 3838 802 3915 παιδὸς
825 3838 932 3920 αὑτοῦ,
977 3855 1096 3919 passus
1113 3839 1173 3899 est.
1198 3837 1336 3900 «Etiam
1360 3837 1440 3901 iecit
1462 3839 1728 3920 redemptionem

184 3943 362 4030 μνησθῆναι
376 3941 494 4020 ἐλέους.
510 3942 568 4008 Δεῖ
586 3945 648 4028 γὰρ
668 3943 702 4008 ἐν
720 3952 784 4020 τοῦς
796 3940 934 4027 σκυθρω-
977 3942 1068 4024 plebi
1083 3959 1191 4022 suae,›>
1211 3941 1312 4022 juxte
1330 3943 1538 4024 Zachariam,
1554 3950 1588 4008 et
1608 3962 1727 4008 seeun-

184 4059 255 4126 ποῦς
277 4049 458 4133 προσδοκᾶν
480 4049 532 4114 ἐπί
553 4049 685 4133 Κύριον·
709 4049 821 4132 οὐγὰρ
840 4045 934 4133 μόνον
979 4045 1060 4108 dum
1075 4062 1206 4109 suoram
1218 4046 1411 4123 Virginem:
1430 4049 1728 4130 «SuscepitIsrael

185 4155 239 4218 ότε
254 4152 382 4239 φυλακὴ
406 4155 525 4239 πρωινὴ
545 4154 599 4217 καί
619 4153 750 4238 λαμπρὸι
765 4153 805 4216 τὸι
819 4149 933 4234 παρόν
978 4167 1123 4231 puerum
1150 4163 1262 4230 suum,
1291 4149 1459 4214 reeordari
1488 4152 1728 4217 misericordie

184 4277 235 4338 τα,
258 4257 342 4322 ἀλλά
365 4260 421 4322 καί
437 4255 531 4343 μέχρι
544 4264 607 4321 τῶν
628 4256 770 4342 ζορεριῖιν
787 4253 933 4340 περιστόι-
978 4269 1087 4315 suae.»
1116 4253 1253 4332 Oportet
1279 4254 1380 4333 enim,
1404 4255 1507 4318 etiem
1524 4256 1560 4318 in
1576 4258 1727 4320 molestis

162 4347 164 4350 ¹
185 4381 286 4426 σεων·
302 4359 386 4427 ἀλλά
400 4363 454 4427 καί
469 4359 688 4438 ἀνατείλοντος
710 4370 766 4425 τοῦ
782 4359 932 4444 ἀληθινοῦ
979 4358 1091 4453 rebuS,
1106 4364 1301 4439 exspectare
1324 4359 1517 4439 Dominum,
1534 4377 1602 4424 non
1616 4361 1726 4424 solum

186 4465 307 4548 φωτός,
331 4465 348 4530 ὸ
370 4464 566 4550 θεωρητικός
589 4475 660 4543 νοῦς
687 4463 873 4550 προσθήκην
896 4464 934 4528 ἐκ
978 4461 1113 4543 quaudo
1125 4463 1341 4525 custodisset
1354 4463 1727 4546 matutinaacpraesen-

184 4568 269 4636 Θεοῦ
291 4579 352 4635 τῶν
375 4570 513 4655 ραιδριῖιν
528 4570 582 4634 καί
605 4579 667 4634 τῶν
690 4567 881 4654 σκυθρωπῶν
897 4567 932 4631 ἀ·
978 4567 1027 4629 tie
1038 4571 1118 4630 suut
1129 4567 1381 4646 luculente,sed
1394 4585 1501 4648 usque
1515 4567 1557 4632 ed
1570 4569 1726 4632 tenebras

185 4673 356 4761 παλλαγην
379 4673 557 4762 ηλπίσατο·
575 4672 735 4759 παραιτὲω
758 4675 819 4757 γὰρ
835 4670 877 4749 ὡς
900 4671 933 4735 ἐν
978 4672 1221 4735 calamitatum.
1239 4671 1303 4734 Sed
1326 4676 1361 4734 et
1383 4674 1555 4736 exoriente
1578 4689 1659 4737 vero
1674 4655 1741 4738 lu-x

220 4882 269 4938 Pu
284 4897 390 4942 cxxxx.
402 4900 430 4940 v.
443 4881 469 4954 4,
483 4882 508 4937 5.
522 4881 591 4938 Vnt.
600 4882 627 4936 ὑ.
639 4879 730 4952 Hebr,
743 4896 799 4950 111,
813 4881 837 4935 1.
847 4879 933 4936 Joen.
979 4873 1057 4948 opud
1077 4873 1278 4930 Antiochenses
1302 4876 1378 4931 mule
1403 4875 1539 4950 audierit,
1564 4877 1728 4950 sepissime

186 4988 206 5042 r,
219 4970 263 5026 29.
276 4968 345 5024 Luc.
362 4971 386 5039 1,
405 4969 449 5039 et,
462 4969 506 5024 68.
519 4968 566 5024 Ab
578 4966 665 5024 initio
682 4965 823 5023 nonnullo.
834 4981 895 5039 pres
906 4983 936 5020 c·
979 4961 1117 5018 convenit
1137 4959 1374 5035 Chrysostomm,
1392 4963 1443 5035 qui
1464 4971 1581 5022 tautum
1597 4965 1630 5021 iu
1647 4965 1729 5021 hisce

185 5055 260 5114 culis
278 5055 384 5112 hebuit
400 5053 636 5128 chrysostomus,
649 5053 745 5125 quatis
762 5058 846 5109 extet
857 5051 936 5126 apud
979 5048 1092 5105 ultimis
1109 5049 1231 5123 psalmis
1248 5050 1386 5120 frequens
1405 5052 1540 5108 occurrit.
1558 5051 1617 5108 Hic
1634 5058 1665 5109 et
1682 5069 1730 5109 su·

185 5141 365 5215 Gordsrinm,
377 5141 429 5199 ubi
446 5159 513 5200 cum
531 5142 666 5214 Origene,
679 5139 867 5212 quantumvis
885 5141 934 5196 iile
980 5155 1034 5211 pra
1045 5135 1082 5193 ci.
1095 5136 1188 5193 hield.
1199 5149 1233 5194 11.
1243 5134 1293 5192 ιι.
1303 5135 1341 5192 cf.
1352 5137 1515 5215 sternenda
1527 5138 1660 5198 Athenas
1670 5139 1700 5212 h
1710 5141 1731 5202 1,
