4036 6090
825 422 867 486 IN
891 422 1077 485 PSALMOS
1671 420 1732 482 167

190 561 371 650 τόλλαγμα,
386 573 507 631 παῦσον
525 564 601 650 ἤδη,
624 561 779 644 δέσπωτα,
794 563 836 627 τὸι
858 558 936 626 ὸνεί-
979 563 1094 626 dotion
1107 564 1319 643 interpretati
1336 569 1427 646 suni,
1444 583 1565 646 nempe
1580 565 1730 644 vestigio

190 668 243 754 δη,
260 668 478 754 ἀντάλλαγμα,
496 668 591 754 [ἢτοι]
614 669 673 754 την
689 664 867 753 μεταόολην
880 674 937 731 τοῦ
979 667 1180 731 Christi-tui
1202 667 1291 731 fiunt
1313 685 1413 747 reges
1437 671 1496 750 qni
1518 687 1610 734 nuno
1637 676 1727 733 sunt.

191 772 330 859 Χριστοῦ
346 794 413 856 σου,
426 775 448 860 η
463 783 519 837 τοῦ
532 772 637 856 Δαυίδ,
653 771 733 836 καθὸ
747 767 769 854 ἡ
782 769 867 856 ἀρχὴ
885 791 937 856 με·
979 772 1023 834 m
1037 772 1198 863 quoniam
1214 774 1416 838 commutatio
1432 775 1489 852 cot,
1513 772 1567 836 iao
1582 775 1731 853 tandem,

189 875 326 962 τεθλήθη
339 878 384 955 είς
394 876 518 943 δοῦλον·
530 886 621 941 τοῦτο
632 874 708 962 ἡμῖν
720 873 878 952 ὠνειδίζον
890 875 935 950 εἰς
980 875 1133 954 Domine,
1157 880 1289 939 cessent
1311 876 1499 958 opprobrio,
1516 879 1570 941 vel
1586 880 1730 941 mutatio

188 978 226 1042 σὲ
241 981 296 1043 καί
311 981 365 1044 τὸν
379 978 653 1065 ἐπαγγελλόμενον
668 987 768 1042 ταῦτα
778 975 880 1044 τείνει.
894 1015 935 1026 -
981 978 1117 1058 Christi,
1126 980 1197 1044 sive
1206 979 1355 1059 Doridis,
1364 996 1403 1042 eo
1415 997 1525 1061 nsque
1534 985 1573 1043 ui
1584 986 1733 1063 potestas

189 1081 937 1171 Είηδ’δνόιντόιλλαγμαΧριστοόὸκυριακὸςἄν·
981 1083 1157 1146 transierit
1168 1083 1463 1159 inservum.Quod
1475 1085 1505 1148 si
1517 1085 1615 1148 nobis
1629 1085 1663 1149 id
1675 1101 1732 1166 op

189 1185 311 1271 θρωπος
326 1189 381 1251 καί
396 1189 432 1251 τὸ
448 1187 537 1252 δοθὲν
552 1188 648 1251 αὐτοῦ
663 1187 743 1271 αίμα
757 1181 938 1268 ἀντίλυτρον
981 1186 1116 1267 probrio
1126 1189 1280 1267 vertitur,
1290 1187 1406 1251 eodem
1418 1188 1461 1251 od
1473 1193 1506 1251 te
1518 1190 1731 1270 pertingunt,

189 1297 247 1372 τῆς
259 1298 314 1354 τοῦ
322 1287 442 1375 κόσμου
451 1287 617 1374 σωτηρίας.
626 1287 687 1373 Είη
701 1288 729 1352 δ’
736 1288 775 1354 ἂν
785 1297 886 1352 ταῦτα
897 1288 937 1353 εί·
982 1294 1017 1352 et
1027 1290 1070 1353 ad
1083 1308 1161 1354 eum
1171 1291 1231 1370 qni
1240 1291 1364 1354 missus
1376 1294 1437 1354 est.
1448 1323 1487 1336 -
1499 1291 1609 1356 Possit
1616 1295 1732 1354 autem

189 1391 310 1476 πόντες,
324 1393 403 1479 εὐχῇ
412 1395 470 1479 την
478 1391 585 1477 δέησιν
596 1390 864 1477 έπισρραγίζουσι,
876 1391 937 1455 δει-
982 1410 1054 1456 esse
1066 1394 1267 1460 conmutatio
1282 1395 1407 1460 Oiristi
1422 1396 1619 1459 Dominious
1632 1395 1732 1459 homo

188 1497 316 1574 κνόντες
335 1496 376 1574 ὡς
390 1498 446 1562 καί
460 1497 494 1562 ἐν
509 1504 692 1581 πειρασμοῖς
711 1493 852 1574 δοξάζειν
867 1494 931 1579 χρη
979 1501 1013 1560 et
1024 1500 1167 1577 sanguis
1179 1497 1263 1579 ejuS,
1280 1500 1340 1581 qui
1355 1500 1390 1564 in
1403 1491 1552 1579 pretium
1563 1516 1624 1579 pro
1639 1500 1733 1563 solu·

188 1603 242 1667 τὸν
258 1602 348 1683 Θεὸν,
361 1603 398 1665 οὐ
409 1598 633 1686 δυσχεραίνειν,
646 1597 932 1684 ἀλλἐόχαριστεῖν.
978 1607 1012 1667 ie
1028 1603 1148 1667 mundi
1163 1603 1262 1667 dotus
1279 1608 1338 1666 est.
1356 1605 1407 1666 Ito
1423 1607 1462 1666 ut
1478 1621 1584 1685 quum
1598 1602 1670 1665 haec
1686 1603 1745 1666 di-'

185 1705 369 1792 Εὐλογητὸς
392 1705 508 1789 Κόριος
524 1706 567 1781 είς
590 1705 644 1769 τὸν
663 1704 771 1769 αἰῶνα.
796 1701 931 1784 Γένοιτο,
979 1709 1101 1787 xerini,
1128 1712 1206 1770 voto
1233 1705 1442 1770 concludunt
1470 1724 1596 1789 preoeS,
1624 1710 1735 1770 osten-

183 1809 324 1897 γένοιτοί
342 1849 383 1859 -
399 1804 445 1875 Ἢ
463 1812 580 1886 οὕτως·
602 1808 636 1872 έν
652 1817 717 1884 τοῖς
738 1807 868 1884 κόλποις
892 1807 933 1872 τὸι
980 1813 1098 1876 dentes
1114 1815 1268 1892 oportere
1288 1812 1342 1874 vel
1366 1811 1455 1874 inter
1477 1828 1646 1874 {erumnas
1662 1813 1735 1890 glo-

186 1919 282 2001 δωρα,
298 1916 374 1981 όταν
395 1911 573 2000 προρέρωσί
593 1933 673 1996 τινα,
698 1911 874 1998 μνησθῆναι
894 1911 934 1997 δη
980 1916 1066 1979 riom
1093 1916 1154 1978 Dei
1180 1933 1319 1996 sonere,
1348 1931 1416 1978 non
1442 1915 1646 1994 contristari,
1674 1915 1734 1978 sed

186 2019 409 2105 παρακαλοῦσι
422 2018 504 2088 Θεὸν
519 2026 577 2102 τῆς
590 2016 802 2104 ὑποσχέσεως,
815 2026 872 2102 τῆς
885 2017 936 2081 δο-
980 2021 1110 2098 gratias
1126 2036 1239 2097 ogere.
1263 2019 1456 2085 Benedictus
1469 2020 1628 2084 Domiuus
1642 2020 1680 2082 iu
1695 2036 1734 2084 u·
1772 2017 1774 2024 '

188 2124 295 2209 θείσης
317 2126 351 2190 ἐν
376 2133 440 2202 τοῖς
464 2121 595 2199 κόλποις
622 2131 683 2187 τῶν
709 2120 814 2186 ἐθνῶν.
832 2159 873 2170 -
889 2115 936 2186 Ἢ
980 2129 1116 2203 toruum,
1124 2125 1204 2206 Jict,
1216 2124 1294 2208 Jiot.
1310 2126 1501 2192 -Vel.sio:
1517 2141 1624 2206 quum
1637 2126 1673 2188 in
1689 2124 1734 2188 si·

188 2228 308 2294 κόλπον
322 2225 458 2293 ἐνταῦθα
472 2228 531 2313 την
542 2227 649 2312 ψυχὴν
663 2224 760 2310 λέγει,
773 2224 825 2290 διόι
835 2245 870 2289 τε
881 2225 937 2289 καί
979 2229 1080 2292 nibus
1088 2233 1259 2309 ponantur
1266 2227 1363 2306 dono,
1373 2229 1507 2308 quondo
1520 2227 1675 2310 quaedsm
1689 2227 1735 2290 oi-

189 2334 249 2420 την
263 2333 377 2418 γνῶσιν
392 2333 450 2416 τὴν
472 2341 527 2396 τοῦ
542 2329 625 2398 Θεοῦ
645 2329 751 2416 ἀγαθὸι
765 2330 936 2416 ὸνομόιζεσ-
981 2335 1143 2414 ferentur,
1159 2333 1385 2414 deprecantur
1400 2333 1519 2411 Deum,
1533 2337 1572 2395 ut
1582 2331 1733 2395 recordo

188 2437 255 2504 θαι·
272 2436 378 2522 ἀγαθὸι
400 2436 435 2500 δὲ
455 2436 546 2501 τὸέν
568 2434 697 2512 κόλποις
717 2433 839 2520 πέφυκε
863 2433 938 2520 βόλ-
983 2443 1041 2502 tur
1057 2438 1144 2501 θείω
1159 2437 1393 2517 promissionis
1408 2436 1589 2500 reconditae
1601 2437 1638 2499 in
1652 2436 1735 2499 sini-

185 2539 310 2608 λεσθαι·
325 2539 460 2605 πιστεύω
474 2540 547 2624 γὸιρ,
563 2539 651 2623 φησί,
673 2547 729 2604 τοῦ
751 2538 827 2604 ίδιῖν
847 2539 888 2604 τὸι
903 2537 939 2604 ἀ·
982 2541 1047 2606 bus
1063 2542 1230 2621 gentium.
1248 2577 1289 2608 -,-
1305 2541 1368 2604 Vel
1390 2542 1504 2604 sinum
1521 2541 1568 2603 ibi
1585 2541 1737 2604 animam

186 2645 272 2732 γαθὸι
286 2642 405 2729 Κυρίου
419 2644 453 2710 έν
467 2644 510 2729 γῇ
525 2641 661 2722 ζώντων.
983 2651 1091 2726 vocat,
1101 2646 1182 2727 quin
1193 2647 1296 2708 etism
1307 2644 1473 2708 bonorum
1482 2644 1618 2707 nomine
1626 2645 1734 2707 soien-

381 2783 385 2790 ¹
982 2751 1033 2813 iia
1046 2751 1108 2814 Dei
1123 2750 1324 2831 appellatur.
1336 2749 1428 2810 Bono
1439 2751 1555 2810 autern
1568 2747 1603 2809 in
1615 2748 1730 2810 sinum

982 2853 1102 2936 projici
1114 2854 1233 2917 solent.
1248 2852 1380 2916 «Credo
1393 2852 1494 2931 enirn,
1508 2852 1629 2933 inquit,
1641 2852 1731 2914 bono

983 2957 1120 3022 Domini
1134 2956 1250 3021 videre
1265 2957 1302 3019 in
1317 2959 1408 3020 terro
1422 2956 1654 3018 viventium.»

745 3291 914 3371 Poolmuo
938 3284 1174 3366 LXXXIX.

233 3641 265 3686 v.
282 3621 313 3685 3.
329 3617 383 3705 Μὴ
408 3615 609 3704 ἀποστρέψης
632 3613 795 3702 ἄνθρωπον
818 3615 862 3692 είς
885 3633 938 3677 τα·
1026 3630 1058 3674 v.
1075 3612 1105 3674 3.
1121 3611 1171 3676 Nc
1185 3613 1315 3674 oocotuc
1336 3608 1494 3674 iomiucou
1508 3609 1546 3675 iu
1567 3608 1735 3674 humilitu-

189 3724 344 3791 πείνωσιν.
368 3729 435 3792 Vct.
454 3725 528 3804 683,
547 3725 576 3787 l.
984 3717 1056 3778 tout.

234 3827 315 3894 Τότε
331 3825 585 3912 ἀποστρέφεσθαι
607 3824 769 3911 ἄνθρωπόν
785 3843 881 3908 φησιν
897 3815 940 3899 είς
1030 3817 1163 3880 Avertit
1185 3817 1286 3895 Deus,
1303 3815 1598 3898 inquisicionem
1619 3818 1657 3881 iu
1675 3817 1733 3881 icu-

188 3931 384 4014 ταπείνωσιν,
402 3932 479 3996 όταν
496 3931 547 3996 διὸι
561 3939 619 4016 της
641 3927 796 4015 ἁμαρτίας
811 3927 942 4013 έγκατε-
985 3922 1168 4000 uoiiiiotcuo,
1192 3920 1326 4002 quondo
1349 3920 1391 3984 ob
1413 3925 1590 4002 peccatum
1614 3920 1733 3986 dereli-

187 4033 264 4120 λίπη
280 4034 387 4101 αὐτόν.
986 4027 1062 4107 quii
1076 4043 1164 4088 eum.

232 4159 264 4203 v.
279 4143 311 4204 4.
326 4133 399 4203 Ὅτι
413 4135 503 4223 χίλια
517 4138 572 4222 ἔτη
589 4138 622 4202 έν
638 4135 809 4223 ὀφθαλμοῖς
822 4157 879 4201 σου
898 4133 940 4213 ὡς
1027 4147 1060 4193 v.
1076 4129 1107 4191 4.
1127 4128 1282 4204 θυννίδων
1296 4129 1388 4193 ouiiic
1402 4129 1483 4194 ouui
1496 4129 1534 4193 iu
1548 4129 1652 4196 oculis·
1671 4131 1740 4194 tuio

186 4241 294 4329 ἡμέρα
307 4241 329 4327 ἡ
345 4240 447 4328 ἐχθὲς,
463 4243 532 4327 ητις
547 4239 683 4326 διηλθεν.
985 4236 1148 4314 tomouom
1162 4232 1231 4296 dico
1245 4233 1395 4298 icrtcouo
1406 4250 1475 4315 quo
1482 4234 1656 4314 prctcoiit.

232 4346 279 4414 Οὐ
294 4348 365 4432 περί
379 4347 437 4432 την
459 4354 582 4432 γνῶσιν,
598 4347 670 4411 οὔτε
692 4345 763 4430 περί
778 4346 813 4410 τὸ
829 4344 939 4429 poiso-
1027 4341 1174 4419 Tempus
1194 4355 1262 4402 non
1284 4337 1518 4402 consideratur
1533 4339 1569 4401 in
1592 4338 1737 4402 scientie

182 4447 255 4518 Ιιιειν
268 4451 436 4535 θεωρεῖται
450 4451 467 4514 ὸ
482 4448 613 4535 χρόνος·
628 4450 737 4533 καιρὸς
752 4449 814 4533 γὸιρ
832 4450 886 4513 καί
900 4446 937 4532 ἡ·
982 4444 1054 4506 sive
1077 4443 1254 4523 acquisito,
1270 4444 1341 4506 sive
1357 4441 1580 4523 acquirendo:
1603 4447 1738 4523 tempus

189 4552 271 4639 μέρα
290 4556 346 4618 καὶ
368 4551 482 4640 χρόνος
503 4559 562 4636 της
587 4559 769 4638 σωματικῆς
793 4553 860 4617 έστι
883 4552 939 4637 ρό-
984 4548 1076 4610 enim
1093 4552 1127 4610 et
1141 4546 1213 4609 dies
1229 4537 1264 4609 ei
1277 4545 1412 4609 duratio
1428 4545 1471 4608 od
1492 4548 1649 4608 naturam
1666 4563 1739 4627 spe-

91 4661 95 4668 '
187 4678 285 4736 σεως·
304 4655 459 4743 σωμάτων
482 4656 516 4721 δέ
533 4655 721 4742 δημιουργός
743 4658 828 4723 ἐστιν
842 4659 860 4722 ὸ
876 4655 941 4722 Ko-
984 4655 1079 4714 ciant
1092 4666 1304 4730 corpoream:
1319 4665 1499 4730 corporum
1511 4653 1626 4712 autem
1642 4666 1734 4712 creo-

189 4785 254 4850 ριος
267 4760 358 4848 ἡμῶν
373 4760 499 4845 Ἰησοῦς
513 4760 659 4846 Χριστός.
986 4760 1040 4818 tor
1056 4759 1108 4818 est
1123 4754 1288 4817 Dominus
1308 4757 1422 4817 noster
1437 4754 1591 4818 christus
1607 4756 1629 4817 J
1631 4733 1719 4818 esus.

234 4888 266 4934 v.
284 4870 314 4933 θ.
331 4867 377 4933 Τὸ
392 4867 476 4951 πρωί
488 4865 562 4932 ὡσεί
577 4865 660 4953 χλόη
676 4864 838 4951 παρέλθοι.
1030 4878 1062 4921 v·
1080 4860 1109 4922 6·
1125 4860 1223 4921 Mittit
1237 4857 1324 4922 sicut
1337 4855 1604 4924 tertationem.

235 4971 395 5057 Πθίθίθίν
417 4973 471 5038 τὸν
490 4974 600 5056 καιρὸν
622 4980 680 5057 της
701 4969 873 5058 γενομένης
889 4972 943 5038 αὐ-
1031 4965 1128 5028 Μοιιο
1150 4961 1324 5041 significat
1346 4965 1481 5043 tempus
1501 4962 1620 5042 inquo
1643 4961 1737 5026 Chri·
1799 4911 1806 4926 '

228 5149 278 5207 Po.
292 5165 422 5211 uxxxrx·
434 5167 463 5209 ν.
475 5149 501 5222 θ,
513 5151 540 5207 4.
553 5150 621 5208 Vct.
634 5150 659 5208 5.
