4006 6090
926 435 1136 500 ORIGENES

844 732 1013 812 raama
1039 732 1223 813 exarz.
1283 707 1285 712 ’

302 1002 333 1045 v.
352 979 380 1045 1.
394 981 517 1046 Αἰνεῖτε
528 985 582 1053 τὸν
594 976 720 1066 Κύριον,
734 979 782 1044 ὅτι
793 979 912 1065 ἀγαθὸν
924 979 1005 1066 ψαλ-
1094 1003 1125 1048 ν.
1144 986 1173 1048 1.
1190 983 1333 1050 audate
1346 983 1531 1064 namium,
1547 985 1698 1068 ραοκιαικ
1708 983 1808 1048 bonus

259 1085 324 1171 μάς.
350 1086 449 1152 Vntic.
466 1088 541 1165 712,
564 1089 591 1150 l.
836 1112 842 1121 ·
1055 1088 1276 1168 οιίριαίκιιιι.

301 1184 434 1273 Ἕτερος
461 1189 497 1276 δέ
518 1191 589 1273 περὶ
614 1197 671 1273 τῆς
694 1186 847 1254 έιοανάδου
874 1191 926 1254 τὸν
949 1211 1009 1254 ποι-
1099 1194 1162 1256 Est
1186 1193 1274 1255 alius
1291 1192 1350 1273 qui
1376 1190 1501 1255 referat
1516 1191 1607 1256 huno
1633 1193 1802 1274 psalmum

258 1295 353 1378 ρόντα
380 1291 465 1377 λέγει
492 1293 627 1379 ψαλμὸν,
651 1293 699 1358 διδ
725 1291 855 1379 έπάγει·
886 1291 1010 1359 Αἰνεῖτε
1053 1295 1095 1359 ad
1118 1297 1343 1359 reversionem
1359 1297 1586 1377 captivorum3
1611 1295 1700 1359 unde
1723 1296 1800 1358 snb·

144 1383 148 1390 ⁴
257 1400 311 1463 τδν
326 1397 453 1484 Κύριον,
471 1399 519 1463 δτι
534 1397 654 1483 ἀγαθὸς
668 1396 801 1483 ψαλμός.
861 1417 863 1420 ·
998 1439 1000 1447 ·
1054 1400 1279 1467 uiolandam
1292 1401 1467 1464 Dominum
1482 1399 1632 1482 quoniam
1643 1397 1742 1462 δσκιισ
1755 1403 1804 1464 est

1044 1505 1213 1586 psalmia.

299 1627 331 1671 ν.
348 1609 379 1672 4.
393 1605 431 1672 Ὁ
448 1605 584 1691 ἀριθμῶν
599 1603 706 1689 πλήθη
728 1606 860 1690 ἄστρων,
880 1603 935 1670 καὶ
949 1614 1008 1669 πᾶ-
1095 1627 1127 1671 ν.
1150 1609 1182 1670 4.
1202 1607 1266 1684 oui
1287 1609 1438 1670 κακιοναῖ
1456 1605 1799 1680 οιυίῖίῖυάίκονιείάο-

257 1730 304 1774 σιν
321 1710 427 1786 αὐτοῖς
442 1709 582 1796 ὀνόματα
596 1708 712 1774 καλῶν.
1052 1710 1348 1791 nomenclatione
1363 1709 1550 1776 cummim
1563 1715 1662 1774 cocae

302 1812 412 1880 Ταῦτα
427 1813 555 1900 νομίζει,
578 1813 646 1877 ἐπεὶ
661 1814 716 1877 καί
739 1811 884 1898 ἀλλαχοῦ
898 1810 1003 1897 λέγει·
1099 1817 1193 1881 Talia
1204 1819 1367 1894 recenset,
1379 1815 1468 1878 sicut
1479 1813 1560 1878 alibi
1572 1813 1669 1877 dicit:
1685 1814 1797 1878 Omnes
1840 1828 1843 1836 ·

258 1917 386 1994 Πάντας
402 1919 515 1995 αὐτοὺς
530 1920 601 1981 κατ’
615 1917 713 2002 ὄνομα
725 1915 864 1997 καλέσει,
879 1915 1004 1981 τουτέσ-
1048 1919 1172 1984 occubit
1182 1919 1308 1983 nomiae
1318 1935 1388 1995 suo,
1398 1917 1557 1981 videlicet
1569 1933 1667 1980 nemo
1680 1931 1795 1982 eorum

254 2042 301 2087 τιν
316 2023 417 2099 οὐδεὶς
439 2023 541 2087 αὐτῶν
565 2020 738 2103 ἀπολεῖται,
761 2020 832 2086 ἀλλ’
845 2021 950 2105 ῶσπερ
973 2021 1006 2084 ol
1046 2024 1179 2106 peribit,
1199 2025 1258 2088 sed
1278 2025 1368 2087 siout
1386 2023 1411 2086 ii
1427 2021 1487 2104 qui
1507 2022 1643 2084 nomine
1658 2039 1721 2084 suo
1739 2003 1794 2083 vo

254 2126 326 2192 κατ’
336 2128 435 2211 δνομα
457 2125 636 2206 καλοῦνται,
661 2125 727 2211 μετ’
743 2123 902 2210 ἀκριδείοις
927 2125 1003 2190 πάν-
1046 2133 1177 2207 cantur,
1197 2146 1274 2192 oum
1290 2127 1449 2205 diligenti
1472 2144 1556 2190 cura
1581 2142 1698 2190 omnes
1719 2143 1799 2194 eon·v

254 2251 312 2309 τας
323 2229 456 2310 συνάξει.
471 2267 512 2278 -
525 2231 655 2317 Ἐπειδὴ
674 2229 756 2316 μέγα
767 2232 803 2295 τδ
815 2229 1002 2316 ἐπάγγελμα
1048 2233 1218 2312 gregabit.
1237 2267 1275 2276 -
1293 2231 1457 2307 Quoniam
1475 2229 1615 2310 grandis
1634 2235 1707 2294 erat
1720 2247 1794 2311 pro·

255 2343 312 2400 τοῦ
324 2343 488 2419 πανταχοῖ
496 2343 552 2420 της
561 2332 746 2420 οἰκουμένης
758 2332 1002 2419 διεσπαρμένους
1047 2337 1164 2400 missio
1187 2333 1372 2414 colligendi
1398 2333 1624 2415 undequaque
1648 2350 1689 2396 ex
1716 2333 1795 2401 orbe

255 2447 453 2522 συναγαγεῖν,
469 2441 546 2522 πρὸς
561 2438 615 2503 τδν
637 2436 838 2520 ἀπιστοῦντα,
855 2439 910 2502 τδν
924 2436 1002 2504 Ἰοο-
1046 2439 1193 2517 Judaeos,
1202 2438 1299 2501 ailad
1312 2436 1578 2516 infidelem,sive
1587 2436 1794 2517 adjndaenm:

257 2541 467 2630 δαῖάνρνγσιν.
483 2541 537 2630 Μὴ
553 2543 643 2629 ζήτει
657 2551 723 2619 πῶς
737 2544 793 2607 καί
807 2539 863 2608 τίνι
879 2541 1002 2627 τρόπῳ·
1047 2543 1122 2608 Noli
1144 2559 1296 2624 quaerere
1311 2541 1477 2626 quomodo
1492 2543 1548 2605 vel
1564 2559 1633 2623 qua
1646 2525 1790 2606 ratione:

254 2648 385 2725 δυνατὸς
399 2647 461 2732 γάρ
474 2646 540 2712 ἐστι
554 2649 610 2712 καί
621 2650 747 2724 συνετὸς
759 2649 813 2711 καί
828 2645 1000 2733 ριλάνθρω-
1047 2652 1166 2729 potens
1193 2647 1289 2738 enim
1301 2651 1353 2710 est
1378 2651 1412 2710 et
1427 2663 1536 2726 sagax
1560 2649 1595 2708 et
1617 2645 1792 2710 hominnm

256 2772 323 2830 πος.
1047 2757 1186 2815 amator.

297 2875 329 2921 ν.
347 2857 377 2922 9.
390 2854 456 2921 Καὶ
466 2855 580 2922 διδόντι
594 2864 658 2933 τοῖς
670 2853 799 2940 κτήνεσι
809 2857 930 2941 τροφὴν
946 2857 1004 2920 αδ-
1091 2875 1122 2920 ν.
1140 2859 1170 2920 9.
1190 2857 1253 2932 ona·
1272 2856 1330 2920 dot
1342 2855 1502 2937 γ’κοιοαίιζν
1520 2859 1670 2920 canumet
1685 2853 1794 2936 pollo

254 2969 325 3043 τῶν,
347 2961 488 3038 καὶτοῖς
511 2969 653 3036 νεοσσοῖς
679 2967 740 3024 τῶν
762 2959 909 3045 κοράκων
939 2967 1006 3036 τοῖς
1048 2977 1213 3025 canoram
1227 2959 1452 3026 invocantibus
1466 2976 1547 3023 οιιωι.

254 3064 513 3150 ἐπικαλουμένοις
528 3062 634 3129 αὐτάν.

265 3236 267 3240 ,
297 3168 452 3255 Ζητήσεις
468 3169 589 3256 μήποτε
612 3170 844 3255 συνεκδοχικῶς
864 3169 916 3234 διὰ
937 3175 999 3234 τῶν
1090 3169 1401 3250 Quaeresnumquid
1409 3168 1618 3252 synecdoche
1630 3187 1724 3249 usus,
1732 3185 1803 3250 per.

253 3274 400 3360 κοράκων
414 3284 520 3341 πᾶσαν
541 3283 603 3339 τῶν
618 3282 743 3358 πτηνῶν
758 3275 816 3359 τὴν
836 3274 928 3359 φύσιν
944 3294 1000 3358 σιγ-
1046 3290 1163 3338 corvos
1188 3273 1360 3352 significet
1386 3278 1496 3337 totum
1521 3273 1713 3337 volatilium
1740 3289 1798 3352 ge·

254 3376 354 3464 μαίνει
370 3377 411 3456 ὡς
423 3377 676 3462 δπικαλουμένην
690 3376 782 3445 Θεόν.
801 3371 847 3442 Ἢ
858 3377 1001 3461 κόρακας
1045 3397 1110 3443 nus
1125 3384 1299 3460 tamquam
1312 3380 1540 3443 clamantium
1552 3377 1594 3440 ad
1605 3378 1724 3440 Deum.
1736 3376 1804 3448 Vel,

255 3491 309 3548 νῦν
331 3480 417 3568 λέγει
444 3481 551 3566 φύσεις
577 3480 707 3566 λογικὰς
733 3491 852 3566 νοητῶς
878 3480 1002 3566 τρέφειν
1047 3500 1091 3547 an
1106 3499 1223 3546 corvos
1246 3501 1337 3546 nunc
1360 3486 1458 3546 vocet
1481 3482 1676 3562 spirituales
1699 3486 1797 3544 natu-

254 3584 396 3664 δικαίους
419 3584 665 3671 πεπιστευμένας
686 3587 741 3649 καί
763 3584 911 3664 κολάζειν
937 3584 1003 3650 ἀδί-
1047 3605 1112 3666 ras,
1131 3605 1208 3669 quae
1234 3586 1396 3650 docentur
1419 3591 1459 3649 ut
1480 3584 1567 3666 justi
1588 3585 1712 3667 spiritu
1735 3602 1795 3647 nu·

196 3713 200 3720 ’
255 3710 331 3768 κους
347 3689 636 3777 προστασσομένας,
653 3689 739 3774 είπερ
761 3700 818 3754 τοῦ
834 3690 890 3774 μέν
905 3709 1002 3754 κατα·
1046 3691 1203 3771 triantur,
1220 3695 1254 3754 et
1267 3689 1432 3769 jubentur
1454 3689 1600 3769 injustos
1614 3689 1795 3767 castigare,

252 3795 407 3883 γελῶντος
432 3798 551 3879 πατρὸς
576 3795 631 3860 καί
663 3793 870 3880 ἀτιμάζοντας
899 3801 1001 3878 γῆρας
1045 3797 1179 3875 quando
1195 3794 1366 3876 quidem«
1390 3792 1463 3872 ejus
1487 3795 1546 3875 qui
1576 3799 1706 3874 patrem
1721 3793 1797 3855 irri-

253 3902 380 3986 μγτρδς,
406 3899 596 3966 ἐκκόπτουσι
621 3898 757 3983 κόρακες
787 3901 859 3975 τοὺς
886 3895 1001 3982 δφθαλ-
1045 3897 1110 3978 det,
1141 3901 1175 3962 et
1199 3899 1370 3979 vituperat
1399 3898 1517 3960 matris
1545 3896 1690 3976 senium,
1718 3893 1796 3959 effo-

253 4005 330 4090 μοὺς
349 4003 388 4068 έκ
402 4011 463 4069 τῶν
480 4002 661 4090 φαράγγων.
678 4001 731 4086 Τῷ
747 3999 781 4064 δὲ
795 3998 890 4086 Ἠλίᾳ
905 4001 1000 4084 ἀρτον
1043 4001 1139 4065 dient
1162 4003 1277 4067 oculos
1294 4004 1388 4066 corvi
1408 4019 1450 4065 ex
1475 4000 1695 4064 convallibus.
1713 4021 1730 4060 ν
1756 4001 1797 4064 Ε·

117 4162 118 4166 ,
253 4105 418 4194 κομίζουσι
432 4109 467 4172 τὸ
482 4107 631 4192 πρωίκαῖ
645 4102 726 4190 κρέα
740 4106 776 4168 τδ
791 4102 928 4188 δείλης...
1043 4107 1098 4169 liae
1113 4123 1193 4170 vero
1215 4107 1308 4170 corvi
1331 4107 1529 4168 ministrant
1552 4121 1674 4200 panem
1697 4121 1796 4168 mane

1044 4216 1078 4274 et
1092 4228 1228 4274 carnem
1245 4212 1281 4274 in
1296 4227 1445 4292 vespere.

297 4333 328 4378 v.
347 4317 396 4379 10.
423 4311 493 4379 Οὐκ
517 4315 552 4378 έν
574 4322 613 4398 τῇ
636 4309 802 4396 δυναστείᾳ
825 4320 881 4376 τοῦ
903 4313 999 4377 ίππου
1087 4333 1118 4377 v.
1144 4316 1194 4378 10.
1217 4317 1291 4382 Non
1316 4312 1569 4395 infortitudine
1592 4313 1668 4394 eqoi
1687 4310 1798 4382 οοίιιιο

252 4417 395 4502 θελήσει,
418 4417 492 4484 οὐδὲ
514 4417 548 4484 έν
571 4426 639 4494 ταῖς
659 4414 794 4503 κνήμαις
816 4425 872 4480 τοῶ
890 4415 1000 4500 ἀνδρὸς
1044 4422 1142 4482 tatem
1163 4419 1296 4499 άπδιδίί,
1319 4436 1375 4484 occ
1399 4419 1436 4483 io
1458 4416 1552 4484 tiolo
1572 4417 1641 4481 ον’νί
1662 4415 1797 4496 complc-

253 4522 388 4590 εὐδοκεῖ
1047 4521 1135 4588 colit.

288 4760 337 4816 Pa.
352 4776 452 4821 oxnu.
466 4778 494 4818 v.
508 4762 532 4816 1.
548 4761 613 4816 Vat.
626 4761 652 4816 5.
1047 4757 1097 4827 qui
1108 4757 1212 4814 volunt
1224 4757 1321 4814 sidere
1338 4773 1403 4812 esse
1415 4754 1519 4812 incolis
1531 4761 1562 4813 et
1577 4755 1731 4812 animabus
1744 4773 1793 4830 op·

288 4866 315 4904 v.
328 4849 353 4903 4.
367 4849 434 4904 Vnt.
447 4836 471 4903 ὃ.
484 4847 534 4903 Ρο.
548 4864 597 4918 xn,
609 4847 653 4902 26.
667 4845 843 4902 Heracleote
854 4849 923 4918 post
938 4843 1002 4901 Ori·
1046 4844 1137 4917 plata,
1149 4862 1243 4917 neque
1257 4844 1398 4901 omittant
1410 4842 1488 4899 infra
1499 4861 1542 4917 ps.
1557 4859 1674 4902 cxnvm
1685 4861 1713 4900 ν.
1726 4844 1753 4913 4,
1766 4859 1798 4898 υ-

256 4933 340 5006 genia
352 4933 450 5004 verba,
463 4939 498 4989 ut
515 4933 593 5008 apud
610 4933 670 5002 BB,
683 4935 809 5001 ἀπίθησεν
828 4935 947 5001 ὀνόματα
958 4934 1004 4986 αδ-
1047 4930 1264 5004 biangelorum,
1271 4948 1330 4989 non
1340 4947 1411 4988 vero
1420 4929 1798 4999 animarummemorantnr

120 5051 125 5061 ι
252 5026 319 5084 τοῖς,
331 5023 471 5087 διαφόρους
492 5025 540 5074 καί
559 5023 736 5088 πνευματικὰς
756 5023 865 5088 γνῶοεις
887 5025 1005 5087 σημαίνει
1048 5023 1170 5087 διάφοροι
1179 5023 1283 5086 κόπτοι.

255 5107 305 5178 (ex
317 5105 384 5163 Vnt.
397 5107 426 5179 5)
444 5107 528 5163 addit
544 5106 671 5162 fortasse
684 5124 722 5163 ex
740 5106 842 5164 eodem
861 5107 1003 5177 Origene:
1083 5124 1110 5162 v.
1123 5107 1148 5162 9.
1162 5107 1228 5162 Vnt
1241 5105 1266 5161 5.
1279 5101 1759 5175 Prov·n1,17.u1.Reg.xvn,4,
1779 5103 1797 5155 6

253 5187 360 5263 *Δψυχα
373 5197 425 5264 γὰρ
438 5201 484 5250 καί
496 5198 713 5263 ἀκατανδμαστα.
728 5193 812 5262 Quod
824 5193 1003 5250 meditentur
1083 5211 1110 5248 ν.
1124 5194 1167 5248 10.
1179 5193 1246 5252 Vnt
1259 5191 1284 5246 ὅ.
