3966 6108
283 437 347 499 550
955 440 1166 504 oriundus

281 579 337 644 καί
359 577 524 666 μετέωρος.
541 619 582 630 -
604 577 725 667 Πέρσαι
747 580 783 646 δὲ
809 577 1032 665 ίρμηνείιονται
1077 599 1131 646 me
1144 584 1292 670 evectus
1307 615 1345 628 -
1359 582 1469 646 Persae
1480 585 1594 646 autem
1611 599 1653 646 ax
1665 583 1829 665 interpre-

280 681 412 770 βάθυμοι
427 687 482 750 καί
502 685 782 765 διασκεδάζονττς·
805 683 891 750 οὗτοί
901 685 981 750 εἰσιν
1003 685 1033 750 οἰ
1076 683 1450 751 tationeauntooatt'nuti
1462 687 1495 748 et
1502 684 1708 770 dissipantes.
1718 687 1827 754 iidem

281 785 434 875 ῥαθυμίαν
460 787 671 875 ἐμβάλλοντες
692 791 748 854 καί
770 788 1030 867 διασκεδάζοντες
1075 793 1157 850 sunt
1171 789 1230 870 qui
1242 788 1490 851 contumaciam
1508 789 1687 870 invehunt,
1706 797 1741 856 et
1760 790 1831 858 dis·

279 893 352 968 τοὺς
368 891 611 978 οἰκοδομοῦντας
625 894 679 958 τδν
693 895 769 958 ναὸν
784 901 839 957 τοῦ
857 891 959 959 Θεοῦ·
974 894 1029 957 καί
1072 893 1188 974 sipont
1198 891 1525 980 illosquitemplum
1539 894 1600 956 Dei
1612 897 1829 960 construunt.

279 1006 374 1061 τοῦτο
390 995 533 1082 εὑρήσεις
548 997 600 1062 ἐπί
622 1005 679 1082 τῆς
694 996 844 1084 δευτέρας
859 997 1029 1084 οἰκοδομῆς
1072 997 1116 1060 Εἰ
1131 996 1194 1060 hoo
1210 997 1364 1060 invenies
1380 997 1415 1060 in
1429 998 1537 1060 altera
1552 999 1670 1080 templi
1685 998 1834 1065 edifica-

279 1109 335 1164 τοῦ
349 1098 516 1166 ναοῦ.Καί
530 1099 731 1168 τάντοιντῶν
752 1099 848 1167 ἰθνιῑιν
863 1103 919 1179 τίις
934 1101 1030 1188 ἰρμη-
1071 1103 1175 1166 tione.
1197 1104 1251 1166 Ita
1273 1103 1426 1168 omnium
1448 1103 1605 1179 gentium
1628 1103 1768 1169 nomina
1784 1121 1831 1167 ex

280 1201 368 1283 νείας
383 1214 445 1270 τῶν
459 1203 621 1290 ὀνομάτων
644 1203 745 1290 ζήτει,
760 1205 816 1270 καί
830 1205 872 1270 a&
892 1205 1031 1290 ἱστοροῦ-
1073 1205 1351 1288 interpretatione
1370 1206 1506 1286 require
1521 1209 1555 1270 at
1570 1207 1711 1272 illorum
1724 1205 1835 1272 bisto-

281 1327 362 1393 μινα
376 1311 448 1393 τιιρί
463 1310 576 1392 αἰιτίῦν,
592 1309 649 1373 καί
662 1309 762 1394 ἄναγε
775 1309 829 1375 ἐπὶ
843 1311 884 1374 τὰ
897 1309 1007 1395 νοητά.
1074 1308 1170 1388 riam,
1187 1324 1294 1389 eaque
1309 1308 1353 1372 ad
1363 1309 1559 1389 spiritualia
1574 1309 1673 1374 rerer.
1758 1355 1761 1364 -
1813 1342 1815 1346 ·

324 1431 357 1476 ν.
374 1414 427 1478 25.
440 1410 480 1479 Οἱ
495 1412 530 1478 δὲ
541 1412 705 1500 βραχίονες
717 1411 840 1498 Φαραίιι
851 1423 1028 1480 πεσοῦνται.
1117 1430 1150 1476 ν.
1165 1411 1497 1478 submanantes
1508 1412 1833 1480 Phormionem.

324 1512 499 1600 Βραχίονίς
513 1516 574 1581 εἰσι
596 1515 728 1598 Φαραὼ,
743 1514 765 1602 ἡ
781 1515 881 1582 κακία
901 1518 936 1588 ἰν
951 1517 1030 1603 πρά-
1116 1517 1260 1594 Braphia
1274 1517 1460 1582 Pharaonis
1483 1517 1615 1582 suntin
1630 1520 1833 1600 operatione

280 1615 326 1698 ξει
341 1618 509 1705 ἁμαρτίας,
536 1620 592 1685 καί
605 1619 640 1684 ἐν
658 1619 810 1706 δόγμασιν
826 1619 971 1700 associa<
992 1622 1029 1687 τδ
1071 1623 1202 1704 pennati
1216 1623 1358 1702 malitia,
1375 1623 1460 1686 etin
1475 1621 1693 1700 dogmatibus
1710 1623 1835 1705 impie-

281 1719 429 1807 φρίνημα
455 1724 590 1808 σαρκὸς,
618 1723 671 1802 οὓς
701 1722 872 1810 βραχίονας
901 1723 919 1790 δ
949 1724 1030 1804 Θεδς
1071 1728 1153 1792 tatis
1174 1744 1295 1792 sensus
1317 1727 1447 1792 oannis:
1475 1743 1551 1808 qum
1566 1726 1708 1792 brachia
1732 1727 1833 1794 Deus

279 1823 434 1910 σοντρίδει
447 1824 489 1905 ὡς
514 1825 642 1912 ἀγαθὸς.
658 1823 696 1893 ‘0
712 1826 835 1913 Φαραὼ
857 1838 913 1894 τοῦ
927 1828 1030 1896 διαδδ
1071 1846 1133 1913 pro
1154 1831 1305 1896 bonitate
1320 1848 1384 1896 sua
1405 1829 1602 1910 eonfringit.
1626 1831 1758 1896 Pharao
1776 1835 1834 1898 est

278 1928 337 1995 λοῦ
350 1929 416 1995 ἐστι
432 1928 598 2016 σύμβολον,
616 1939 672 1997 τοῦ
687 1931 842 2018 ἄρχοντος
857 1941 914 2019 της
928 1932 1031 2000 ἒνάν-
1073 1935 1265 2019 symbolum
1280 1934 1423 2014 Diaboli,
1440 1935 1499 2018 qui
1516 1935 1552 1998 iu
1567 1934 1762 2002 hominibus
1774 1940 1833 2020 pst

278 2031 413 2118 θρώποις
427 2032 593 2120 ἁμαρτίας.
1073 2039 1397 2121 princepsmalitim.
1683 2023 1687 2039 ⁸

323 2137 389 2205 Τοῦ
403 2140 511 2206 αὐτοῦ.
527 2129 719 2224 Συντρίδείδ
734 2138 851 2226 Κύριος
874 2140 1029 2228 βραχίονα
1115 2143 1279 2225 Mundam.
1296 2143 1460 2208 Dominus
1479 2143 1619 2208 brachia
1640 2143 1834 2224 ooniriugit

279 2248 341 2310 τῦν
356 2241 562 2328 ἁμαρτωλῶν,
577 2243 684 2330 ίναμη
701 2242 1028 2313 δύνονταιίιιιλαδὲσ·
1072 2251 1297 2332 peecatorum,
1323 2265 1367 2312 ne
1392 2249 1530 2314 valeant
1554 2248 1723 2314 intentare
1748 2249 1831 2330 gla-
1962 2263 1963 2338 J

279 2343 332 2412 θαι
348 2345 517 2434 μαχαίρας.
1074 2353 1157 2419 dios.

930 2583 974 2647 Ιιι
988 2581 1167 2649 Danielem.

322 2793 399 2856 cnr.
422 2807 445 2872 r,
468 2809 499 2856 ν.
523 2789 554 2855 8.
577 2786 644 2855 Καὶ
668 2785 759 2855 ἰθιτο
781 2785 900 2876 Δανιὴλ
928 2787 962 2855 ἰν
985 2799 1025 2876 τῇ
1114 2794 1190 2856 chr.
1205 2809 1227 2873 ι,
1247 2809 1279 2856 ν.
1304 2794 1334 2858 8.
1356 2792 1522 2875 Etpoeoit
1542 2793 1663 2860 Daniel
1674 2793 1713 2858 ἰνι
1733 2791 1830 2860 cordo

277 2889 518 2980 καρδίᾳαὺτοῦ.
950 2941 954 2950 .
1069 2911 1137 2960 arco.

322 2995 391 3074 Πᾶς
405 2997 440 3075 δς
455 2997 495 3062 δν
509 2995 555 3084 δη
572 2997 615 3075 εἰς
630 2997 689 3084 τὴν
707 2995 841 3084 καρδίαν
856 2995 963 3081 αὐτοῦ,
980 2999 1025 3085 μὴ
1115 2999 1325 3080 Quicumque
1338 3001 1374 3066 in
1385 3018 1443 3064 eor
1453 3019 1555 3066 auum
1566 3003 1742 3084 proposuit
1756 3019 1829 3066 non

277 3099 487 3185 ἀλισγηθῆναι
499 3100 604 3180 ἑντοῐς
617 3100 760 3189 βριίιμασι
771 3111 827 3168 τοῦ
838 3111 953 3188 νοητοῦ
960 3101 1026 3168 No-
1069 3105 1293 3168 contaminari
1305 3105 1448 3187 dapibus
1461 3106 1701 3170 intellectualis
1713 3105 1829 3170 Nabu-

277 3201 610 3289 δουχοδονδσορ,ἰιλλδι
624 3203 1025 3293 κακώσειντὴνψυχηναίι-
1069 3206 1286 3288 cbodonoaor,
1309 3209 1369 3274 aad
1383 3209 1537 3288 affligere
1552 3210 1702 3274 animam
1724 3227 1827 3275 suam

275 3315 333 3373 τοῦ
348 3304 505 3391 κηπείαις
517 3307 551 3373 ἐν
563 3318 603 3394 τη
613 3307 779 3375 Βαβυλῶνι
789 3309 1025 3398 ταύτηδιδιζτην
1065 3309 1208 3391 ieiuniis
1220 3312 1255 3375 in
1268 3311 1332 3375 hao
1344 3311 1525 3395 Babylone,
1543 3313 1698 3377 veritatis
1715 3314 1828 3378 anien·

277 3420 393 3499 γνῶσιν
408 3421 468 3497 της
479 3409 639 3497 ἀληθείας,
656 3412 674 3478 δ
688 3423 826 3492 τοιοῦτος
841 3412 962 3499 Δανιηλ
975 3414 1026 3480 ἐσ-
1070 3415 1119 3478 tia
1140 3413 1258 3496 fretus,
1281 3414 1478 3495 huiuamodi
1494 3419 1546 3482 vir
1569 3418 1690 3482 Daniel
1705 3423 1767 3498 est,
1783 3437 1827 3484 an

276 3536 316 3599 τι,
336 3517 391 3582 καί
412 3517 455 3581 τὰ
476 3513 668 3602 ἱστορημένα
689 3516 740 3583 ἐπ’
751 3517 872 3586 ἐκεῖνον
893 3519 1038 3606 ἰιρμόσεί
1068 3533 1260 3598 congruum
1276 3521 1342 3584 erit
1361 3521 1402 3584 de
1417 3519 1481 3584 bon
1502 3538 1652 3586 asserere
1675 3521 1766 3603 quod
1780 3521 1826 3587 de

276 3622 333 3686 καί
347 3620 399 3686 ἰτιί
422 3629 533 3686 τοῦτον
548 3619 711 3706 λέγεσθαι·
737 3631 810 3707 μιᾶς
823 3624 886 3709 γὰρ
906 3643 1025 3688 κατασ-
1068 3622 1128 3685 illo
1143 3621 1284 3687 historia
1300 3623 1418 3688 refert:
1435 3625 1538 3690 unius
1554 3626 1646 3690 enim
1660 3626 1827 3690 nonditio·
1907 3637 1910 3644 ’

275 3722 397 3802 τάσεως
411 3725 466 3789 καί
485 3732 542 3809 τῆς
559 3721 657 3811 αὐτῆς
679 3723 772 3805 ίξειος
785 3724 965 3812 ἀμφότεροι,
981 3725 1023 3806 ὡς
1067 3725 1122 3789 nis
1137 3731 1172 3790 et
1188 3725 1339 3806 ejusdem
1358 3729 1533 3809 qualitatis
1552 3730 1652 3793 ambo
1674 3734 1765 3810 sunt,
1781 3735 1824 3794 ut

266 3827 446 3926 ἱκαίιιῖσίίαι
461 3826 575 3906 αὑτοὺς
591 3826 719 3913 Δανιὴλ.
916 3834 918 3838 ’
1032 3885 1033 3890 ,
1068 3829 1133 3910 ipsi
1149 3832 1269 3896 Daniel
1286 3833 1422 3896 nomine
1438 3837 1611 3898 vorentur.

319 3937 396 3999 Chr.
411 3951 456 4014 rr,
467 3951 499 3998 ν.
512 3935 565 3998 25.
578 3931 689 3998 Ταῦτα
705 3932 811 4000 πάντα
820 3933 956 4019 ἔφθασεν
970 3933 1022 4001 ἐπί
1111 3937 1188 3998 Chr.
1211 3952 1291 4016 v‚·v.
1314 3937 1367 4000 25.
1385 3939 1464 4003 Hoc
1485 3939 1594 4004 omnio
1615 3937 1821 4022 cooperato

276 4033 570 4125 Ναβουχοδονόσορ.
1070 4037 1363 4106 Nabuchodonosor.

321 4140 533 4228 Σίμδοίιονην
541 4141 958 4231 αῦτδςδΝαδουχοδονδσορ
969 4154 1025 4212 τοῦ
1113 4146 1181 4208 late
1203 4143 1509 4209 Nabuchodonosor
1527 4147 1719 4230 symbolum
1742 4147 1822 4212 Dia-

275 4243 433 4327 διαδόλου,
449 4255 504 4312 τοῦ
520 4245 892 4332 ἰιτοθειίισαντοςὲαυτδν,
904 4259 959 4315 τοῦ
971 4253 1027 4316 καί
1068 4247 1138 4311 boli
1159 4252 1232 4310 erat
1253 4248 1313 4328 qui
1328 4266 1365 4312 se
1387 4249 1489 4314 deum
1512 4249 1602 4330 feeit,
1623 4254 1658 4314 et
1680 4252 1822 4318 malitia

273 4351 332 4438 την
344 4349 460 4416 κακίαν
475 4349 752 4436 οἰκοδομήσαντος.
766 4350 867 4432 Οὗτος
878 4351 1023 4439 ἑξεδιιίιχ-
1068 4351 1191 4434 molem
1207 4350 1366 4416 condidit.
1383 4353 1475 4417 Idem
1487 4356 1650 4435 expulsus
1661 4361 1714 4419 est
1725 4361 1823 4421 extra
1891 4379 1896 4389 ·

273 4452 315 4539 θη
331 4453 395 4518 ἀπὸ
417 4461 479 4518 τῶν
499 4450 670 4539 ἀνθρώπων
692 4454 745 4521 διίι
770 4461 827 4540 της
850 4454 1023 4542 παρουσίας
1068 4453 1221 4518 bomines
1236 4472 1296 4536 par
1311 4455 1495 4522 adventum
1508 4457 1653 4539 Domini,
1667 4470 1819 4541 quoera-

274 4565 332 4622 τοῦ
346 4555 476 4642 Κυρίου,
499 4557 762 4646 καταργήσαντος
776 4561 835 4646 τὴν
853 4558 1021 4645 ἁμαρτίαν,
1068 4563 1206 4622 nuatum
1230 4566 1282 4624 est
1295 4567 1480 4642 peceatum,
1498 4566 1532 4626 et
1545 4562 1709 4628 subversa
1729 4570 1781 4630 est
1795 4567 1823 4630 i·

272 4661 329 4726 καὶ
343 4659 581 4742 καταλύσαντος
594 4666 653 4750 την
668 4663 947 4751 εἰδολαίιατρείαν·
969 4666 1022 4731 ἐκ·
1066 4662 1221 4727 dolorum
1240 4664 1406 4746 impietas.
1430 4664 1595 4746 Ejioietur
1617 4669 1755 4734 omuino
1777 4669 1822 4734 ab

276 4763 486 4850 διοχθησεται
500 4765 535 4831 δὲ
554 4765 663 4836 τέλεον
685 4767 748 4834 dab
770 4777 831 4836 τῦν
853 4769 1025 4856 ἀνθρώπων
1069 4766 1274 4849 hominibus,
1290 4773 1325 4832 et
1337 4769 1521 4834 sustinebit
1531 4787 1605 4852 qua
1615 4775 1818 4856 sequuntur,

273 4871 329 5042 :iol
341 4869 491 4956 ὑπομενεῖ
499 4872 539 4936 τδι
554 4869 628 4961 ἐξης
638 4872 672 4941 ἰν
683 4881 723 4960 τη
736 4871 896 4962 μιλλοιίση
907 4895 1025 4962 παρου·
1068 4872 1105 4938 in
1121 4872 1237 4938 tuturo
1253 4873 1411 4940 adventu.

309 4995 340 5063 i*

276 5135 279 5148 ’
308 5176 482 5255 capsas.
495 5180 594 5240 οιισι.
607 5181 704 5240 sao.
1102 5181 1171 5258 οιρ.
1185 5199 1212 5242 ι.
1225 5199 1253 5242 v.
1266 5181 1719 5260 asamarroryeuomump.
1733 5185 1794 5243 ιιι.
