4006 6090
657 375 660 381 ’
736 409 780 471 ru
803 406 1005 470 rsanuou
1029 406 1162 469 onrnn
1652 407 1712 470 aar

167 547 365 613 aceruatos
387 547 442 612 οὖν
465 545 565 611 ἔδωκε
587 544 772 632 γνώσεσθαι,
794 545 836 623 ὡς
858 553 916 631 τῆς
965 547 1186 610 credentibus
1202 563 1284 628 ergo
1306 563 1490 628 cognosere
1507 547 1607 628 dedit,
1631 549 1714 612 acsi

168 651 301 729 πίστεως
319 653 356 716 οθ
367 650 492 728 πάντως
506 653 709 736 παρεχούσης
724 659 847 736 γνῶσιν.
872 649 917 716 Τὸ
968 650 1051 715 fides
1068 669 1134 715 non
1157 655 1292 732 penitus
1310 654 1487 716 scientiam
1504 655 1659 734 praebeat.
1677 654 1714 718 ld

168 757 204 820 δὲ
219 755 354 842 ἀληθείᾳ
373 755 586 832 ἓταπείνιοσίις
602 775 650 842 με,
666 754 823 821 τουτέστιν
835 757 919 819 κατὰ
967 773 1047 819 vero
1062 757 1198 821 reritote
1212 759 1398 824 itcmiiicrii
1417 775 1475 837 aie,
1503 759 1592 822 idem
1613 764 1664 823 est
1678 777 1717 822 ac

171 859 332 945 ἀλήθειαν.
967 861 1068 941 juxta
1083 864 1270 926 veritatem.

213 986 244 1028 v.
264 969 315 1030 76.
332 964 500 1050 Γενηθήτω
511 968 552 1051 δή
569 967 605 1030 τὸ
621 965 708 1043 ἔλεός
720 988 777 1030 σου
789 974 846 1030 τοῦ
859 987 919 1030 πα·
1004 957 1036 1029 ν.
1054 967 1106 1028 76.
1121 968 1200 1030 Fiat
1220 984 1305 1033 aeae
1330 967 1556 1034 misericordia
1585 973 1654 1048 tice,
1679 971 1718 1033 ei

171 1069 348 1152 ραιιαλὲσαι
369 1091 417 1156 με,
433 1072 568 1135 κατὰτὸ
590 1069 696 1154 λόγιόν
712 1090 769 1134 σου
791 1079 835 1155 τῷ
850 1070 919 1134 δοθ-
964 1071 1144 1136 rmaroletrer
1165 1089 1224 1151 me,
1250 1072 1423 1138 saaraim
1441 1073 1604 1155 eloquiam
1626 1078 1719 1137 team

171 1173 218 1256 λῳ
234 1196 300 1240 σου.
962 1191 1053 1238 serae
1076 1179 1142 1243 tao.

214 1276 317 1343 Ἀλλὰ
339 1276 573 1364 φιλανθρωπίας
596 1279 714 1363 λοιπὸν,
741 1281 796 1344 καί
820 1279 921 1364 ψυγα-
1015 1278 1079 1342 Sed
1096 1278 1253 1362 deinceps
1268 1281 1458 1345 clementiae
1474 1286 1509 1346 et
1522 1283 1721 1346 consolatio-

169 1381 288 1469 γονγίας
309 1384 436 1467 καιρός·
459 1393 523 1460 τοῖς
545 1384 607 1468 γὰρ
632 1381 824 1470 μεταμελείᾳ
839 1403 920 1468 χρω-
969 1383 1023 1445 nis
1051 1389 1185 1465 tempus
1208 1389 1275 1464 est3
1299 1387 1498 1465 poenitentia
1522 1389 1612 1450 enim
1635 1387 1721 1450 indi·

170 1487 273 1573 μένοις
295 1490 354 1573 τήν
376 1489 436 1573 σήν
460 1487 620 1572 εὐμένειαν
647 1487 848 1573 ἐπήγγειλας.
873 1481 920 1551 Ἢ
969 1486 1130 1563 gentibus
1147 1491 1242 1550 tuem
1257 1490 1442 1568 promisisti
1460 1491 1719 1570 benignitatem.

171 1591 260 1668 ἔλεος
276 1601 331 1655 τοῦ
347 1590 472 1676 Πατρὸς
487 1594 505 1656 θ
520 1590 600 1675 Υἱὸς,
624 1593 658 1669 ὃς
673 1593 727 1656 καὶ
742 1591 919 1676 παρεκάλε-
969 1591 1032 1653 Vel
1059 1592 1168 1654 Patris
1196 1594 1428 1657 misericordia
1446 1599 1498 1658 est
1518 1597 1636 1676 Filius,
1660 1596 1720 1677 qui

170 1716 225 1759 σεν
242 1692 333 1781 ήμῶν
355 1696 411 1772 τὰς
433 1695 565 1780 καρδίας
587 1695 836 1782 τυραννουμένας
859 1697 920 1761 ὑπὸ
964 1695 1156 1758 consolatus
1175 1701 1347 1760 estnostra
1359 1699 1459 1762 corda
1470 1700 1649 1782 tyrannide
1664 1719 1720 1764 ve-

171 1799 309 1865 Σατανᾶ.
325 1792 404 1864 'He
421 1798 596 1886 προφήτης,
614 1798 655 1877 ὡς
670 1809 813 1885 γενναῖος
825 1799 922 1884 ἀθλη-
965 1804 1046 1860 nata
1080 1802 1222 1864 Satanae.
1250 1802 1313 1863 Vel
1340 1803 1514 1883 propheta,
1543 1808 1719 1887 tamquam

169 1905 239 1988 της,
255 1904 314 1967 οὐκ
328 1902 506 1986 ἀποστῆναι
527 1905 568 1968 rii
582 1904 742 1969 λυποῦντα
763 1907 857 1969 αὐτὸν
873 1907 921 1968 so·
966 1916 1157 1979 generosus
1186 1903 1322 1984 athleta,
1345 1923 1414 1968 non
1441 1911 1540 1986 rogat
1566 1913 1605 1971 ut
1630 1927 1722 1972 amo-

171 2027 272 2092 χεται,
290 2005 375 2071 ἀλλὰ
388 2007 518 2092 δοθηναι
533 2008 617 2093 αὐτῷ
633 2008 666 2073 ἐν
682 2017 726 2092 τῷ
741 2018 840 2094 καιρῷ
859 2017 920 2074 τῶν
966 2010 1115 2069 veantur
1144 2007 1195 2070 illi
1226 2011 1389 2073 moeroris
1415 2018 1630 2093 argumenta,
1661 2013 1720 2077 sed

172 2110 322 2194 λυπηρῶν
340 2110 434 2195 λόγον
451 2111 578 2196 ἰσχυρὸν
601 2109 843 2196 παρακλήσεως,
866 2115 921 2178 τὸν
968 2107 1067 2172 uetur
1096 2111 1140 2190 ei,
1157 2111 1192 2174 in
1215 2117 1367 2193 tempore
1389 2115 1513 2195 luctus
1536 2121 1655 2197 potens
1670 2135 1721 2180 so-

173 2216 343 2302 δυνάμενον
360 2218 454 2282 αὐτὸν
470 2215 690 2302 ἰσχυρίσασθαι
713 2219 794 2302 μετὰ
814 2217 921 2302 πίισης
966 2215 1040 2278 latii
1052 2217 1210 2296 verbum,
1227 2218 1317 2298 quod
1341 2220 1391 2282 illi
1408 2220 1512 2284 robur
1527 2221 1649 2286 addere
1664 2240 1722 2286 va·

171 2318 318 2405 εθθυμίας
332 2322 388 2385 καί
403 2319 573 2405 ἀταραξίας
590 2320 694 2406 φέρειν
709 2323 745 2386 τὸ
767 2319 922 2406 mpieta-
965 2319 1034 2380 leat
1052 2318 1095 2381 ad
1117 2321 1330 2384 tolerandum
1346 2339 1387 2384 ev
1398 2329 1519 2387 entum
1535 2343 1613 2389 cum
1629 2329 1722 2390 omni

170 2424 244 2502 κός·
259 2425 293 2490 ἐν
308 2426 407 2510 τούτῳ
429 2424 491 2510 γάρ
509 2446 557 2510 με,
581 2428 686 2511 φησίν,
703 2425 846 2510 ἐλέησον,
869 2429 921 2492 ἵνα
966 2423 1141 2486 alacritate
1156 2427 1190 2486 et
1205 2425 1412 2489 inconcussa
1428 2445 1521 2510 pace.
1548 2432 1587 2492 In
1609 2431 1672 2494 hoc
1689 2448 1721 2494 e-

170 2527 304 2614 γὲνηταί
319 2550 371 2616 μοι
385 2529 585 2614 παράκλησις
600 2532 655 2596 καί
669 2529 861 2616 παραμυθία.
934 2513 938 2521 ’
965 2529 1048 2606 111111,
1064 2529 1122 2607 ait,
1139 2528 1298 2591 miserere
1322 2531 1401 2610 mei,
1417 2535 1457 2593 ut
1471 2531 1533 2595 fiat
1546 2532 1632 2595 mihi
1647 2533 1722 2596 hor-

966 2632 1049 2695 tatio
1062 2636 1096 2694 et
1111 2633 1305 2695 consolatio.

216 2758 248 2802 v.
267 2739 317 2803 77.
333 2737 532 2804 Ἐλθὲτιοσάν
556 2759 609 2825 μοι
624 2737 653 2803 οί
677 2737 833 2825 οἰκτιρμοί
854 2761 922 2824 σου,
1014 2755 1045 2798 v.
1071 2737 1123 2799 77.
1149 2738 1286 2802 Venient
1300 2737 1384 2802 milri
1404 2739 1628 2803 miserationes
1646 2743 1717 2820 iace,

172 2829 227 2906 καί
245 2840 394 2929 ζήσομαι,
407 2842 587 2930 ὅτιθνθμος
600 2864 657 2908 σου
670 2841 786 2929 μελέτη
800 2844 922 2931 μοθέσ-
969 2845 1001 2905 et
1030 2841 1147 2921 eitam,
1184 2842 1264 2922 quie
1286 2841 1339 2906 lea
1366 2847 1423 2906 tue
1454 2842 1619 2907 meditatio
1651 2861 1723 2910 mee

172 2968 229 3012 τιν.
968 2951 1025 3011 ert.

217 3047 922 3138 Ὁεὐαγγελικὸςδηλονότι.-Ὤσπερθπέσ-
1010 3050 1079 3112 Lex
1109 3049 1268 3114 videlicet
1300 3051 1508 3130 evangelica.
1542 3087 1580 3098 —
1616 3053 1723 3116 Sicuti

172 3177 243 3242 χου,
260 3158 346 3241 φησί,
364 3158 422 3242 τήν
438 3155 649 3240 παράκλησιν,
666 3159 747 3223 οὕτω
762 3158 817 3220 καί
832 3156 922 3242 ποίη·
966 3155 1161 3237 promisisti,
1194 3156 1255 3234 ait,
1283 3158 1557 3235 consolationem,
1588 3157 1637 3219 ita
1666 3155 1719 3218 iac

172 3281 239 3342 σον,
254 3263 327 3352 τοὺς
343 3263 417 3337 σοὺς
433 3258 559 3336 οίιιέτας
573 3257 741 3343 οἰκτείρων.
763 3259 921 3346 Μάθωμεν
966 3261 1036 3322 tuis
1052 3258 1189 3324 famulis
1207 3261 1482 3324 misericordiam.
1496 3262 1672 3325 Discamus
1689 3266 1724 3325 et

171 3366 227 3430 καί
248 3363 338 3449 ἡμεῖς
361 3363 474 3449 λέγειν,
497 3364 544 3426 ὅτι
566 3363 584 3427 ὁ
605 3348 700 3448 νόμος
722 3384 779 3428 σου
802 3363 918 3449 μελέτη
966 3383 1027 3431 nos
1053 3383 1187 3446 quoque
1213 3366 1342 3429 dicere:
1373 3368 1439 3428 Lea
1469 3369 1526 3429 tea
1555 3365 1718 3429 eeediiotio

172 3468 232 3554 μοθ
246 3469 339 3534 ἐστιν.
356 3466 570 3553 Σχολάσιομεν
582 3475 651 3544 ταῖς
661 3466 758 3552 ἱεραῖς
769 3477 920 3552 γραφαῖς·
965 3487 1036 3536 meo
1049 3475 1106 3534 est.
1122 3471 1349 3533 Exerceamur
1361 3472 1396 3532 in
1409 3471 1513 3532 sacris
1526 3472 1718 3550 Scripturis:

170 3573 280 3657 ἐπειδή
304 3573 339 3636 δὲ
363 3573 406 3657 μή
423 3571 559 3636 ἐνταῦθα
576 3571 680 3656 μόνον,
704 3571 865 3636 ἀλλὰκαὶ
887 3572 921 3636 ἐν
967 3576 1101 3656 quando
1114 3573 1255 3655 quidem
1275 3591 1342 3636 non
1365 3574 1476 3637 solum
1493 3576 1527 3636 in
1552 3575 1615 3638 hoc
1638 3577 1720 3655 1000,

171 3679 279 3754 ἄλλοις
294 3677 424 3753 πολλοῖς
440 3676 469 3741 οἰ
484 3676 634 3762 οἰκτιρμοί
650 3685 705 3740 τοῦ
717 3675 801 3742 Θεοῦ
813 3675 931 3762 λέγον.
970 3678 1077 3741 sedin
1090 3679 1208 3742 multis
1221 3679 1297 3740 aliis
1310 3679 1525 3759 appellantur
1537 3681 1725 3743 misericor·

170 3803 232 3863 ται,
248 3778 432 3845 ἐπιστατέον
456 3778 499 3865 μή
524 3799 601 3843 ποτε
624 3780 641 3844 ὁ
662 3777 844 3866 Μονογενής
867 3782 921 3844 καί
967 3782 1030 3846 dia
1043 3784 1115 3862 Dei,
1140 3785 1347 3848 noscendum
1365 3786 1416 3845 est
1440 3800 1484 3844 an
1505 3799 1573 3845 non
1596 3784 1724 3846 miseri·

217 3980 412 4040 Auaaosrus
427 3975 464 4038 ia
479 3994 508 4039 o.
526 3977 579 4039 76.
596 3977 669 4040 Non
686 3991 770 4060 ergo
800 3976 931 4041 miseri·
975 3976 1128 4055 tionibus
1158 3979 1282 4054 nosset,
1308 3993 1376 4039 non
1403 3975 1515 4038 tristia
1544 3974 1724 4056 dimovere,

176 4065 328 4128 cordiam
344 4066 440 4146 quasi
454 4066 555 4145 isqui
569 4066 680 4128 victus
696 4064 803 4143 cedat,
817 4070 878 4128 aut
893 4071 932 4128 ut
973 4083 1042 4129 non
1073 4066 1313 4146 impugnantia
1341 4065 1511 4128 declinare
1546 4064 1723 4146 desiderat,

175 4155 290 4228 venie·
299 4158 465 4235 precator,
482 4154 654 4234 implorat:
670 4153 728 4216 sed
741 4157 786 4216 ut
799 4155 860 4216 Dei
873 4154 935 4216 mi·
979 4171 1046 4218 non
1058 4171 1156 4217 omne
1172 4155 1259 4217 illud
1274 4153 1428 4216 desinere
1448 4151 1538 4232 quod
1555 4153 1725 4230 fatigatio·

177 4245 346 4305 seratione
388 4243 600 4321 succinctus,
630 4241 760 4320 majora
791 4242 933 4322 viribus,
978 4261 1056 4306 nem
1070 4248 1104 4306 et
1133 4241 1443 4321 lahoremaii'erret,
1472 4243 1636 4322 exposcit3
1667 4242 1726 4305 sed

176 4335 272 4406 tanto
288 4347 428 4393 munere
440 4329 557 4409 fultus,
571 4332 769 4411 expediat...
784 4331 884 4407 Alius,
899 4348 931 4393 e·
979 4333 1091 4410 magis
1107 4332 1143 4396 in
1168 4337 1320 4413 ternpore
1335 4331 1460 4393 laboris
1475 4333 1539 4408 sui,
1563 4330 1725 4394 adversus

176 4421 248 4481 nim
262 4420 464 4483 humiliatus
477 4422 649 4498 arumnis,
659 4423 812 4500 posceret
823 4420 933 4482 utcir·
978 4421 1206 4484 tentationum
1221 4421 1386 4501 procellas
1402 4418 1474 4481 dari
1490 4420 1555 4482 sibi
1582 4419 1724 4480 verbum

176 4526 216 4570 ca
228 4526 306 4571 eum
323 4511 534 4570 tentamenta
546 4508 769 4571 desinerent...
787 4510 854 4571 Iste
871 4526 929 4580 au-¹
977 4511 1229 4588 consolationis,
1245 4514 1284 4572 ut
1299 4509 1404 4588 possit
1422 4507 1500 4570 forti
1530 4525 1605 4589 quae
1631 4508 1726 4584 inge-

175 4601 245 4664 tem
254 4596 927 4679 tamquamathletofortisetpatiens,qui
974 4603 1101 4661 runtur
1114 4603 1227 4674 mente
1243 4599 1398 4674 tolerare,
1415 4614 1456 4659 ne
1473 4598 1589 4678 aliqua
1600 4596 1726 4660 moesti-

176 4687 327 4749 exerceri
346 4690 380 4748 et
400 4687 486 4764 ungi
505 4687 654 4749 animam
674 4703 771 4748 suam
787 4686 927 4748 tribula·
973 4687 1031 4749 tiae
1048 4685 1303 4767 perturbatione
1319 4687 1475 4749 lassetur.
1546 4765 1553 4776 γ

210 4891 239 4930 ν.
253 4873 296 4928 76.
309 4875 375 4932 Vat.
388 4874 414 4944 4,
427 4875 452 4929 5.
463 4873 521 4929 Hic
532 4875 618 4947 plura
627 4872 834 4944 Gorderins,ut
844 4878 930 4930 etsu-
973 4873 1021 4929 cui
1033 4878 1135 4928 nostre
1147 4871 1321 4930 Ambrosius
1334 4874 1453 4946 egregie
1465 4872 1611 4930 vendicat

175 4959 293 5034 periore
319 4967 349 5016 et
374 4960 516 5016 inferiora
546 4960 687 5016 dissecuit
714 4960 822 5016 misero
851 4960 929 5016 inter
1007 4978 1034 5017 v.
1049 4961 1092 5015 77.
1106 4961 1172 5017 Vat.
1185 4961 1210 5031 ὅ,
1223 4961 1249 5030 6,
1262 4963 1287 5031 θ,
1302 4962 1344 5031 11,
1357 4961 1398 5016 16.
1414 4977 1446 5018 11.
1457 4961 1522 5018 Gor.
1537 4961 1562 5030 1,
1574 4959 1600 5014 3.
1611 4958 1722 5014 Coloss.

178 5047 347 5121 Didymnm,
363 5047 559 5103 Athanasium
579 5053 609 5102 et
627 5045 813 5102 Timotheum
829 5064 928 5118 quem·
973 5062 1018 5103 111,
1041 5045 1066 5099 3.
1088 5045 1134 5100 Ad
1156 5045 1221 5102 haec
1242 5053 1290 5102 sat
1304 5047 1467 5122 singularis
1486 5063 1572 5104 nemo
1589 5053 1725 5106 veterum

177 5133 245 5190 dam
256 5133 334 5191 forte
347 5134 589 5206 Alexandrinum,
602 5133 725 5206 Origeni
743 5133 927 5206 subrogatos,
974 5149 1062 5204 quem
1074 5132 1166 5192 sciam
1177 5132 1298 5192 accedit.
