4044 6104
286 457 352 519 458
946 461 1157 527 ORIGENES

288 590 421 672 λου,διίι
435 599 492 678 τής
507 591 684 681 έπιγραφής
695 593 800 660 riade·
812 593 867 662 Ἐν
878 605 923 683 τῷ
934 595 1036 663 ἐλθεῖν
1079 600 1165 665 biles
1187 617 1302 682 preces
1324 601 1551 666 continentur.
1575 599 1726 682 Idipsum
1748 617 1832 680 ergo

288 697 366 781 πρὸς
380 695 845 786 αὐτὸνΝοίθαντθνπροφήι-ήν,
860 698 957 784 ἡνίκα
974 701 1036 768 εἰσ·
1078 704 1290 784 significans,
1309 704 1494 770 declaravit
1516 706 1632 770 dicens
1654 708 1690 770 in
1712 707 1831 770 titulo:

288 799 369 892 ήλθε
383 804 461 886 πρὸς
475 800 651 886 Βηρσαθεέ.
1084 809 1213 885 meando
1237 810 1326 874 accit
1350 809 1394 874 ad
1414 828 1485 874 eam
1506 809 1639 876 Notium
1657 811 1828 892 propheta,

1080 928 1153 978 cam
1170 914 1357 977 accessisset
1370 912 1413 978 ad
1426 913 1591 979 Bersabee.

253 1047 255 1054 ·
333 1006 485 1094 Ἀφίκετο
499 1013 577 1094 πρὸς
589 1012 711 1078 amave
726 1011 891 1100 προφήτης
902 1015 940 1079 οὐ
951 1014 1037 1079 κατά
1064 1095 1065 1098 χ
1126 1014 1224 1095 Apud
1243 1032 1321 1078 eum
1337 1015 1501 1098 propheta
1522 1018 1628 1097 venit,
1651 1034 1719 1080 non
1734 1017 1777 1080 ab
1800 1035 1835 1080 e-

284 1113 345 1198 τήν
359 1112 463 1199 ἀρχήν
478 1122 535 1200 τής
550 1115 715 1200 ἁμαρτίας.
732 1115 777 1184 Τὸ
792 1117 871 1204 γάρ·
886 1117 984 1184 Οὔπω
999 1119 1035 1185 ἀ·
1081 1117 1198 1182 xordio
1227 1121 1366 1201 peccati.
1399 1121 1488 1185 Illud
1511 1123 1619 1185 enim:
1645 1122 1833 1187 «Nondum

285 1217 546 1303 ναπεπλήρυνται
555 1219 588 1285 αἱ
596 1218 746 1306 ἁμαρτίαι
756 1231 817 1286 τῶν
825 1220 1033 1310 Ἀμορραίων,
1080 1222 1247 1302 completa
1268 1227 1350 1286 sunt
1372 1215 1500 1288 scelera
1517 1224 1799 1304 amorrheorum,
1813 1245 1832 1283 υ

286 1321 342 1385 καί
356 1320 407 1385 ἐπὶ
422 1332 477 1388 τοῦ
491 1319 587 1388 Δαυίδ
605 1325 647 1408 ἡν
662 1327 779 1392 εἰπεῖν·
794 1326 901 1413 διόπερ
916 1329 968 1394 ίνα
990 1331 1034 1416 μή
1080 1325 1183 1388 etiam
1205 1325 1247 1390 de
1265 1327 1372 1390 David
1394 1327 1574 1392 dicendum
1590 1334 1681 1393 erat:
1709 1330 1835 1394 idcirco

286 1425 324 1490 τὸ
339 1424 389 1509 ἐφ’
399 1422 474 1511 ἡμῖν
492 1427 589 1492 αὐτοῦ
604 1437 661 1514 τής
676 1428 875 1509 αὐτεξουσίου
890 1431 1035 1518 προαιρέ-
1080 1447 1123 1492 ne
1139 1430 1340 1494 excludatur
1354 1432 1444 1513 qnod
1459 1437 1591 1514 spectat
1607 1433 1650 1497 ad
1665 1449 1726 1496 nos
1743 1435 1777 1498 in
1793 1435 1834 1498 li·

285 1548 366 1605 σειυς
388 1528 592 1616 ἀποκλεισθῇ,
608 1533 714 1617 χεῖρόν
728 1555 758 1598 τι
772 1531 910 1620 γίγνοιτο
926 1536 961 1600 rt
976 1557 1034 1600 κα-
1079 1533 1160 1597 bero
1181 1535 1367 1598 voluntatis
1383 1535 1533 1616 arbitrio,
1551 1553 1661 1618 neque
1677 1538 1713 1599 in
1736 1536 1835 1618 pejns

288 1634 356 1716 κὸν,
383 1633 416 1698 ίν
439 1633 526 1720 βάθει
547 1637 764 1723 κρυπτομένης
786 1648 844 1724 τής
867 1639 1032 1727 μοχθηρᾶς
1080 1636 1162 1717 quid
1180 1639 1308 1701 malum
1327 1643 1490 1718 vertatur,
1508 1639 1590 1702 dum
1608 1639 1775 1721 profundo
1797 1640 1834 1704 in

286 1737 509 1824 προαιρέσεως,
524 1738 542 1804 θ
558 1742 614 1826 μέν
630 1741 682 1807 διά
695 1752 752 1807 τοῦ
766 1742 932 1830 προφήτου
947 1745 1036 1832 ελεγ.
1079 1741 1158 1804 sinu
1181 1742 1267 1804 latet
1289 1742 1442 1822 improba
1462 1743 1630 1825 voluntas,
1654 1760 1833 1808 censuram

288 1863 348 1928 χος
358 1842 505 1931 ἐπείχετο
516 1847 602 1910 κατὰ
611 1848 669 1933 τήν
681 1845 804 1934 ἀρχήν·
819 1849 872 1914 θοι
883 1850 919 1915 δὲ
929 1853 966 1916 τὸ
977 1872 1036 1916 χα-
1080 1844 1218 1925 quidem
1250 1845 1415 1927 propheta
1447 1847 1760 1927 procrastinabatur
1789 1847 1833 1910 ab

182 1999 185 2004 .
290 1947 565 2034 νονὲξωμθρξοτο,
584 1953 640 2015 καὶ
660 1950 1036 2042 πᾱοονὲγνοκφομμέοην
1080 1949 1194 2012 initio:
1219 1950 1354 2031 quando
1376 1956 1491 2015 autem
1510 1954 1639 2016 malum
1661 1953 1832 2034 purgaba-

289 2051 376 2136 αθτῷ
397 2051 533 2138 σαπρίαν
556 2052 744 2142 άπήλεγξον,
758 2056 872 2142 χρόνος
890 2078 924 2123 ee
940 2056 1036 2143 μίσος
1079 2054 1146 2132 tur,
1170 2057 1205 2116 et
1226 2071 1332 2135 quum
1352 2071 1485 2119 omnem
1507 2059 1677 2122 occultam
1698 2059 1831 2122 saniem

288 2151 480 2241 διελήλυθεν,
489 2157 560 2222 καθ’
568 2158 604 2222 θν
611 2157 716 2241 ὥσπερ
727 2171 861 2245 πυρετοῦ
871 2160 1035 2248 λυφήσοις,
1081 2159 1146 2241 ipsi
1161 2159 1352 2240 detexisset,
1364 2160 1475 2225 medio
1491 2165 1642 2243 tempore
1658 2163 1834 2244 interposi·

288 2259 324 2326 έν
338 2269 491 2347 παρακμῇ
506 2261 629 2347 γεγόνει
651 2263 1035 2348 rememorationem
1078 2268 1124 2344 to,
1141 2264 1176 2327 in
1192 2281 1259 2346 quo
1279 2269 1453 2347 tamquam
1469 2284 1511 2329 ex
1525 2266 1617 2331 febre
1640 2267 1830 2349 quiescens,

291 2383 327 2428 τε
340 2361 493 2430 ἀνέλαθεν
513 2365 662 2449 εὐσταθῆ,
677 2365 748 2431 τότε
766 2367 806 2453 δή
822 2367 906 2452 τότε,
928 2370 1034 2456 ὥσπερ
1078 2367 1115 2431 in
1130 2367 1323 2432 defervente
1339 2369 1455 2433 morbo
1470 2372 1575 2449 stetit,
1591 2388 1631 2434 ac
1646 2371 1749 2452 coepit
1761 2388 1831 2435 me

288 2487 336 2546 τις
350 2467 531 2554 ίπιατήμιυν
553 2469 668 2554 ἰατρὸς,
683 2473 768 2536 κατὰ
785 2474 895 2556 καιρθν
909 2476 945 2538 τὸ
961 2471 1036 2560 βοή-
1078 2473 1162 2536 liore
1172 2477 1265 2537 statu
1277 2476 1432 2554 recreari,
1448 2478 1531 2539 tuno
1546 2475 1693 2558 demum,
1710 2477 1763 2540 uti
1775 2493 1833 2560 pe-

288 2571 386 2659 θημα,
401 2576 437 2638 τὸ
452 2573 505 2638 διὰ
521 2581 582 2639 τῶν
597 2573 749 2661 ἐλέγχων,
765 2575 783 2641 ὁ
798 2575 965 2663 προφήτης
979 2579 1034 2644 αθ·
1078 2577 1165 2640 ritus
1187 2576 1349 2658 medicus,
1372 2583 1560 2660 opportune
1580 2579 1639 2643 dat
1661 2581 1831 2644 auxilium

287 2688 333 2765 τῷ
347 2688 523 2766 προσῆγεν·
545 2681 626 2746 odra
642 2681 704 2766 γάρ
718 2682 773 2746 καί
794 2682 905 2760 παῖδες
920 2684 1035 2768 ἰατρῶν
1078 2679 1250 2763 propheta,
1281 2699 1317 2746 se
1346 2681 1389 2746 ad
1421 2684 1696 2763 redarguendum
1719 2685 1830 2748 accin-

289 2784 328 2848 οίι
356 2792 420 2860 τοῖς
449 2782 624 2870 τραύμασιν
653 2785 700 2848 ἔτι
725 2782 978 2871 φλεγμαίνουσιν,
995 2788 1035 2878 Ιίν
1079 2801 1175 2864 gens.
1207 2787 1259 2848 Ita
1288 2787 1380 2850 enim
1412 2789 1448 2851 in
1477 2788 1593 2851 schola
1620 2788 1831 2852 medicorum

289 2888 444 2974 παρακμῇ
470 2887 506 2952 δέ
530 2887 718 2974 γενομένοις,
743 2887 971 2975 προσφέρουσιν
995 2893 1037 2957 τὰ
1080 2906 1149 2954 non
1166 2891 1286 2970 solent,
1302 2891 1502 2956 vulneribus
1517 2891 1628 2956 adhuc
1644 2891 1833 2969 inflamma-

289 2989 488 3077 βοηθήματα.
511 2991 651 3069 Εἰκότως
678 2994 733 3058 οὑν
759 2994 814 3056 καί
840 2982 893 3058 τὸν
920 2991 1035 3079 χρόνον
1079 2991 1405 3072 tis‚sedflaceseente
1413 2995 1832 3077 aestu‚proferreremedia.

286 3092 561 3181 ἐπισημαίνεταιή
581 3094 657 3161 θεία
677 3099 785 3182 γραφή
802 3097 863 3162 ὧδε
878 3095 1032 3182 λέγουσα·
1081 3097 1170 3160 Scite
1188 3089 1271 3175 erg'o
1283 3098 1386 3161 etiam
1412 3104 1546 3180 tempus
1561 3101 1693 3163 notavit
1717 3100 1835 3164 divina

289 3198 356 3265 Καὶ
371 3197 549 3287 συνήγαγεν
565 3202 675 3287 αὐτήν,
690 3201 814 3287 δηλαδή
832 3204 891 3288 τήν
905 3202 1033 3287 Βηρσα-
1079 3202 1266 3282 Scriptura,
1287 3202 1397 3266 aiens:
1417 3222 1434 3263 α
1447 3203 1491 3266 Et
1513 3202 1655 3266 adduxit
1670 3221 1754 3282 eam,
1769 3204 1835 3268 sci·

289 3299 353 3384 θεέ,
366 3304 447 3388 μετὰ
456 3306 509 3369 τὸν
520 3301 662 3370 θάνατον
677 3301 802 3388 Οὐρίου,
816 3305 861 3382 εἰς
878 3305 931 3369 τθν
947 3305 1034 3369 οἶκον
1079 3305 1160 3368 licet
1201 3305 1372 3380 Bersabee
1407 3309 1479 3387 post
1515 3306 1645 3370 obitum
1673 3307 1770 3387 Uriae,
1800 3311 1836 3370 et

170 3412 173 3420 '
287 3407 397 3488 αὺτοῦ,
411 3411 467 3473 καί
488 3407 625 3494 ἐγενήθη
647 3410 733 3495 αὐτῷ
746 3411 791 3486 εἰς
811 3418 958 3495 γυναῖκα,
980 3410 1036 3474 καί
1079 3408 1169 3473 facta
1183 3416 1235 3474 est
1249 3429 1336 3496 uxor
1351 3412 1454 3491 illius,
1471 3416 1505 3474 et
1520 3413 1652 3493 peperit
1667 3413 1698 3474 ei
1711 3411 1833 3492 filium,

284 3512 395 3577 έτεκεν
409 3513 494 3598 αὐτῷ
508 3512 583 3594 υἱὸν,
598 3515 654 3578 καί
664 3514 803 3598 πονηρὸν
814 3513 916 3599 ἐφάνη
932 3513 967 3577 ed
980 3511 1035 3597 μή·
1080 3519 1114 3578 et
1128 3515 1256 3578 malum
1279 3515 1392 3579 visum
1408 3518 1460 3578 est
1481 3514 1624 3578 verbum
1640 3515 1730 3597 quod
1752 3514 1835 3578 facit

285 3618 364 3701 μαθ
383 3613 514 3701 ἐποίησε
536 3615 632 3683 Δαυίδ
652 3617 687 3683 ὶν
709 3617 883 3704 ὀφθαλμοῖς
906 3615 1034 3702 Κυρίου.
1078 3617 1187 3682 David
1209 3618 1245 3682 in
1272 3619 1379 3681 oculis
1402 3617 1548 3681 Domini.
1582 3619 1626 3681 Et
1651 3619 1746 3682 misit
1767 3619 1832 3682 Do-

233 3720 238 3731 '
286 3719 352 3784 Καί
366 3719 532 3786 ἀπέστειλε
548 3721 663 3806 Κύριος
685 3724 739 3788 τὸν
754 3720 864 3788 Νάθαν
882 3723 960 3807 πρὸς
973 3721 1036 3786 Δα-
1079 3721 1193 3786 minus
1215 3711 1349 3785 Nathan
1369 3720 1412 3784 ad
1434 3720 1608 3800 Davidem,
1632 3725 1667 3784 et
1688 3722 1833 3785 intravit

281 3824 343 3904 υίδ,
359 3826 414 3890 καί
426 3824 555 3910 εἰσῆλθε
568 3829 647 3911 πρὸς
662 3827 768 3910 aneta,
784 3827 840 3891 καί
855 3828 896 3892 τά
911 3824 984 3912 έξής
994 3827 1035 3890 τὰ
1079 3824 1122 3889 ad
1133 3842 1222 3905 eum,
1239 3845 1257 3884 ν
1272 3829 1305 3888 et
1319 3841 1396 3906 quae
1411 3826 1537 3906 scripta
1551 3831 1752 3906 sequuntur.

280 3927 563 4016 ἀναγεγραμμένα.
1255 3949 1263 3966 “

328 4030 398 4099 Θέα
411 4033 448 4098 δέ
461 4034 546 4112 ὅπως
569 4035 649 4121 μετὰ
663 4036 717 4101 τὸν
731 4034 873 4101 θάνατον
895 4043 951 4100 τοῦ
973 4033 1035 4101 Od-
1122 4033 1302 4098 considera
1313 4033 1450 4100 interim
1469 4036 1636 4116 quomodo
1652 4041 1729 4118 post
1743 4037 1834 4102 Uria

282 4134 361 4221 ρίου,
387 4139 442 4202 καί
465 4140 601 4224 periret
625 4148 808 4224 συνοικήσαι
831 4148 870 4224 τῇ
896 4139 1032 4224 γυναικί,
1078 4141 1420 4218 mortem,postquam
1435 4140 1559 4203 mulier
1570 4141 1606 4203 in
1621 4139 1760 4204 domum
1778 4159 1830 4204 re·

280 4238 450 4306 συλλαθείν
463 4262 500 4306 τε
521 4243 621 4328 αὐτήν
635 4243 691 4308 καί
705 4250 807 4308 τεκεῖν
830 4241 906 4325 υἱὸν,
924 4241 991 4329 μεθ’
1003 4243 1034 4307 θ
1078 4247 1184 4322 cepta,
1196 4244 1349 4324 concepit
1362 4247 1465 4324 atque
1482 4245 1612 4324 peperit
1622 4243 1744 4325 filium,
1765 4245 1833 4308 ela·

281 4346 340 4412 λον
365 4345 520 4414 ἐνιαύσιον
548 4349 673 4433 χρόνον,
703 4347 932 4412 ἀποστέλλεται
954 4350 1032 4434 πρὸς
1071 4337 1138 4428 ’μου
1150 4347 1284 4425 integro
1305 4363 1405 4426 anno,
1421 4348 1578 4411 mittatur
1596 4347 1640 4410 ad
1661 4365 1740 4410 eum
1755 4365 1831 4428 pro-

282 4454 379 4518 αὐτὸν
394 4452 412 4517 ὁ
427 4450 603 4539 προφήτης.
618 4450 672 4518 dat
696 4453 776 4538 perd
790 4455 862 4530 τοὺς
881 4450 1033 4539 ἐλέγχους
1078 4451 1189 4533 pheta.
1206 4450 1336 4515 Idcirco
1358 4455 1434 4533 post
1456 4451 1735 4533 reprobationem,
1751 4452 1831 4516 sub-

282 4555 422 4644 έπιλέγει
437 4556 538 4644 αὐτῷ·
553 4554 620 4622 Καί
632 4578 669 4641 γε
684 4557 702 4623 ὁ
717 4555 781 4634 υἱός
796 4576 864 4638 σου,
879 4556 897 4620 δ
911 4554 1033 4643 ταχθείς
1074 4554 1194 4636 iungit
1205 4555 1272 4619 illi:
1292 4556 1427 4619 «Etiam
1441 4554 1536 4620 filius
1548 4559 1640 4636 tuus,
1651 4573 1754 4636 quem
1769 4571 1829 4633 ge·

281 4683 344 4744 σοι,
358 4660 491 4747 θανάτῳ
514 4660 727 4726 ἀποθανεῖται.
743 4659 810 4727 Καί
830 4669 923 4726 τοῦτο
938 4661 1033 4727 είπιὶνν
1078 4659 1195 4738 unisti,
1203 4664 1310 4723 morte
1322 4660 1497 4723 morietur.
1507 4661 1579 4735 Quo
1586 4659 1686 4739 dioto,
1693 4659 1829 4723 Nathan

283 4765 303 4830 ὁ
318 4764 439 4849 Νάθαν,
450 4763 592 4850 ἀπῆλθεν
607 4765 652 4843 είς
661 4767 715 4830 τὸν
728 4765 815 4831 οίκον
825 4765 935 4831 αὐτοῦ.
952 4764 1035 4831 nac
1078 4765 1114 4828 in
1125 4763 1264 4827 domum
1275 4780 1374 4827 suam
1388 4763 1508 4826 abiit.»
1526 4765 1606 4828 Haec
1616 4781 1696 4827 vero
1708 4765 1738 4828 si
1749 4767 1828 4828 ante

285 4893 328 4936 τα
342 4871 377 4936 δέ
392 4871 419 4937 εί
430 4873 491 4957 πρὸ
501 4879 558 4936 τοῦ
568 4868 683 4956 χρόνου
695 4878 750 4936 τοῦ
765 4867 932 4956 λεχθέντος
946 4869 1030 4954 είρη-
1079 4873 1303 4932 memoratum
1312 4871 1446 4949 tempus
1454 4867 1545 4931 dicta
1556 4865 1709 4949 fuissent,
1717 4869 1829 4933 adhuc

284 4997 332 5059 το,
358 4977 404 5042 ἔτι
417 4985 475 5060 τῆς
496 4975 603 5062 ψυχῆς
625 4985 681 5040 τοῦ
695 4973 791 5042 Δαυίδ
808 4971 1035 5060 τεθολυμίνής,
1077 4971 1217 5036 Davidis
1243 4972 1358 5035 anime
1382 4970 1520 5034 turbine
1547 4969 1722 5053 offuscata,
1746 4981 1827 5036 vero

284 5081 369 5157 εἰκὸς
384 5081 425 5165 ήν
441 5079 521 5166 μηδὲ
544 5077 740 5164 ἀνασχέσθαι
754 5077 849 5144 αὐτὸν
871 5085 933 5143 τῶν
947 5075 1042 5164 ὲλέγ-
1079 5080 1152 5139 erat
1161 5076 1272 5140 simile
1288 5092 1367 5139 eum
1379 5076 1521 5139 minime
1536 5093 1697 5140 censuras
1708 5079 1830 5142 tolera-

285 5204 364 5272 χυν,
378 5184 465 5270 τάχα
479 5183 514 5253 δέ
537 5184 593 5250 καί
613 5181 721 5269 μεῖζόν
738 5203 770 5251 τι
785 5181 872 5249 κατά
883 5189 941 5249 του
960 5199 1045 5267 προ.
1078 5181 1178 5247 visse.
1190 5182 1238 5246 Ao
1253 5179 1393 5246 fortasse
1408 5177 1538 5262 aliquid
1551 5180 1694 5258 gravius
1712 5179 1829 5246 adver·
