4008 6094
787 433 830 498 IN
853 430 1040 498 PSALMOS
1643 440 1685 502 41

17 588 19 624 ³
132 573 264 662 γνώσει.
281 572 333 640 tu
349 574 404 640 καὶ
427 571 520 660 μόνος
534 569 662 658 λέγεται
683 569 717 638 έν
732 567 818 657 δεξιᾷ
832 591 890 635 κα·
936 573 1229 656 contemplatione.
1252 573 1405 640 Christus
1416 593 1495 641 vero
1507 581 1630 642 unctus
1642 582 1694 642 est

131 680 285 761 Θέζεσθσιι
306 689 362 745 τοῦ
377 678 503 765 Πατρὸς
526 677 672 763 Χριστός.
695 676 832 763 Χριστὸν
854 674 890 742 δέ
932 692 1031 758 super
1044 695 1150 742 οιιιιιιι
1158 678 1339 762 praepa
1354 698 1439 761 ncnc,
1457 682 1617 746 videlicet
1628 700 1690 746 nn·

133 807 228 872 φημι,
245 788 302 852 τὸν
318 787 399 873 μετὰ
417 785 501 854 Θεοῦ
517 783 632 870 Λόγον,
648 781 891 872 ἐπιδημήσαντα
933 785 1008 845 ctus
1031 787 1083 846 est
1104 784 1246 848 unitatis
1269 786 1422 849 scientia.
1447 785 1575 850 Idcirco
1594 787 1687 850 solus

132 887 267 974 Κύριον.
934 883 1692 969 dicitursedereindexteraPatris,christum

933 988 1019 1068 dico,
1034 990 1183 1054 Verbum
1199 993 1289 1073 quod
1307 1011 1386 1056 cum
1409 994 1479 1058 Deo
1497 998 1558 1076 est,
1581 995 1694 1059 Domi·

933 1111 1017 1157 num
1033 1093 1197 1158 internos
1213 1102 1460 1160 conversatum.

178 1217 211 1263 v.
229 1200 263 1282 9,
286 1199 338 1264 10.
354 1187 484 1285 Σμύρνα
494 1199 550 1264 καί
565 1199 687 1284 στακτὴ
703 1197 758 1263 καί
772 1193 891 1262 κασσία
978 1215 1010 1261 ν.
1039 1201 1069 1278 9,
1098 1200 1148 1263 10.
1171 1201 1312 1282 Myrrha
1338 1205 1371 1266 ct
1387 1206 1483 1284 putto
1502 1205 1536 1266 et
1555 1201 1645 1268 coeto
1667 1217 1690 1268 ιι

133 1301 197 1366 ἀπὸ
212 1311 279 1370 τῶν
295 1299 426 1388 ἱματίων
447 1321 516 1384 σου,
532 1302 596 1366 &ab
617 1301 738 1388 βαρέων
760 1301 891 1386 έλεφοιν-
935 1301 1136 1367 continuantia
1158 1305 1236 1383 tuis,
1261 1321 1283 1368 ιι
1303 1303 1447 1369 domim
1468 1303 1626 1370 οδιιοιιοίο.
1648 1341 1689 1351 -

132 1403 235 1472 τίνων.
254 1443 299 1456 -
317 1405 489 1492 Ηῠρρανάν
501 1427 538 1472 σε
552 1405 722 1493 θυγατέρες
735 1403 891 1492 βασιλέων
935 1404 1183 1471 Βοίοοίιιοαιιιιιί
1203 1411 1233 1472 te
1247 1408 1349 1491 filiae
1372 1424 1493 1491 repom
1517 1409 1555 1472 ιἰι
1579 1407 1695 1475 tunore

133 1507 167 1574 ἐν
185 1519 228 1595 τῇ
253 1518 331 1596 τιμῇ
355 1529 429 1575 σου·
451 1509 593 1596 παρίστη
616 1511 639 1597 ἡ
663 1505 831 1596 βασίλισσα
852 1508 892 1574 έκ
935 1513 999 1575 tuo.
1014 1509 1133 1575 nstitit
1152 1511 1445 1595 reparatorem
1462 1511 1540 1593 tuit,
1566 1513 1604 1577 ιἰι
1624 1529 1693 1578 oet·

133 1609 242 1691 διξιων
267 1633 336 1696 σου,
353 1612 388 1680 ἐν
409 1613 565 1701 ἱματισμῷ
587 1613 747 1701 διαχρύσῳ
771 1612 892 1699 πιριδι-
935 1612 1002 1678 tin
1030 1613 1193 1696 ιῖοιιιιναιο,
1219 1616 1455 1696 οίιοιιιιιοίκοῖο,
1488 1616 1687 1707 αιἰοιιιινίρῖο

133 1713 293 1802 δλημίνη,
310 1717 548 1804 πεποικιλμένη.
933 1719 1100 1784 carone.

177 1819 456 1909 ἹμάτιαΧριστσῠ
466 1822 598 1910 νοητέον
607 1828 689 1908 τοὺς,
706 1826 772 1890 οίον
782 1825 890 1909 εἰπεῖν,
978 1825 1120 1888 Noscere
1143 1829 1203 1904 est,
1226 1826 1435 1890 vestimenta
1457 1825 1582 1890 christi
1606 1844 1691 1908 essa,

134 1923 166 1990 έν
181 1925 316 2012 Χριστῷ
330 1929 384 1993 καὶ
406 1930 477 2014 περὶ
497 1928 591 1996 αὐτὸν
614 1929 666 1994 διὰ
687 1925 821 2008 πίστεως
836 1931 891 1994 καὶ
935 1931 976 1991 ut
990 1929 1038 1990 ito
1052 1928 1172 2008 dicam,
1191 1931 1322 2012 eosqui
1344 1932 1380 1994 in
1396 1930 1529 1994 Christo
1545 1935 1580 1994 et
1600 1933 1692 1996 circo

134 2029 295 2118 ἁγιασμοῠ
310 2035 365 2098 καί
380 2033 572 2119 οἰκειότητος
585 2044 809 2122 πνευματικῆς.
825 2035 891 2102 Βά·
935 2031 1037 2095 illum
1053 2035 1146 2096 stant
1160 2050 1220 2113 per
1234 2033 1336 2096 fidem
1360 2037 1395 2098 et
1417 2037 1631 2099 sanctitatem
1655 2039 1691 2099 et

135 2155 197 2217 ρεις
213 2137 273 2222 μέν
289 2136 494 2227 ἐλεφαντίνας
508 2141 566 2218 τὰς
581 2137 755 2226 ἐκκλησίας
770 2139 804 2206 έν
822 2139 891 2205 τοδ-
936 2137 1150 2217 spiritualem
1159 2139 1455 2203 necessitudinem.
1467 2141 1589 2204 nomm
1599 2139 1690 2205 etur·

133 2259 176 2322 τω
198 2238 309 2326 φησίν.
340 2237 381 2308 Ἦ
404 2242 492 2329 βᾶρις
514 2245 575 2329 γὰρ
602 2244 748 2308 καλεῖται
773 2243 891 2330 πύργος
935 2255 1014 2306 moe
1025 2237 1126 2304 uocat
1141 2243 1300 2307 ecclesias
1312 2245 1348 2306 in
1364 2243 1437 2326 ipso
1448 2244 1611 2308 conditas.
1627 2239 1689 2307 Βά-

134 2343 219 2422 ἅπας
230 2346 492 2434 ποττυργωγιίνος·
503 2345 560 2412 καί
570 2369 673 2434 φαμεν
681 2350 722 2413 τὰ
733 2349 767 2416 ἐν
779 2349 889 2436 κλεινῇ
935 2364 982 2432 pt<
996 2345 1087 2408 enim
1099 2348 1243 2427 propriae
1254 2352 1397 2411 vocatur
1404 2349 1509 2412 turris
1521 2365 1691 2430 quaeotlm·

134 2443 266 2534 δυνάμει
281 2449 337 2513 καί
351 2450 457 2537 χάριτι
474 2450 741 2538 τεθεμελιωμένοι·
763 2452 889 2540 τεθεμε-
936 2468 1003 2533 (μισ
1018 2452 1169 2530 munita3
1186 2467 1253 2532 qno
1272 2451 1375 2533 verbo
1395 2469 1435 2515 eu
1453 2451 1690 2531 significamus

135 2547 263 2618 λίωνται
278 2555 342 2639 γὰρ
356 2553 408 2619 ἐπὶ
419 2557 477 2641 την
488 2554 632 2640 Πέτραν·
649 2555 890 2643 [έλεραντίνας],
936 2572 1013 2637 quae
1028 2557 1219 2621 consistunt
1241 2558 1276 2621 in
1292 2557 1422 2636 insigni
1435 2556 1632 2622 fortitudine
1656 2563 1691 2622 et

135 2652 202 2720 ἀντὶ
217 2667 276 2724 τοῦ
289 2657 438 2744 λαμπρὰς
453 2660 599 2726 εἶναικαὶ
610 2657 722 2746 τιμίας.
739 2659 844 2726 Αὗται
855 2660 891 2726 δέ
941 2663 1064 2740 gratia.
1081 2661 1242 2726 Ecclesia
1256 2661 1347 2726 enim
1362 2661 1511 2725 fundatur
1533 2665 1615 2726 sunt
1635 2681 1691 2727 su·

135 2755 176 2836 ιῖις
191 2759 225 2840 ἐξ
240 2760 415 2848 ἐλέφαντος
438 2761 543 2849 βάρεις
558 2765 613 2828 καὶ
635 2762 791 2850 βασίλειοί
811 2766 889 2832 εἰσιν
940 2781 1000 2848 per
1010 2769 1152 2846 petram3
1164 2763 1350 2849 [ιδυινιιιιιβ
1358 2783 1469 2846 proco
1481 2766 1571 2847 quod
1582 2768 1692 2848 splen·

134 2859 323 2951 θυγατέρες·
345 2864 407 2930 υἱοί
420 2868 482 2952 γαρ
497 2868 585 2946 δντις
603 2877 661 2953 της
677 2866 838 2955 βασιλείοις
860 2871 891 2935 οῖ
936 2867 1023 2932 didae
1047 2870 1117 2934 sint
1140 2874 1175 2933 et
1196 2870 1334 2935 decoroe.
1359 2874 1444 2952 Ipsae
1467 2877 1582 2934 autem
1610 2877 1692 2936 sunt

137 2969 285 3058 μαθηταί,
312 2972 441 3051 εἰκότως
466 2974 506 3040 ἂν
531 2975 586 3038 καί
611 2972 750 3060 βασιλεῖς
777 2972 891 3061 δνομά-
936 2975 1036 3055 quasi
1050 2975 1208 3038 eburneae
1219 2978 1331 3038 turres
1343 2993 1382 3038 ac
1395 2976 1500 3054 regim
1512 2975 1601 3039 filis.
1614 2977 1692 3039 Ete-

136 3071 249 3150 ζοιντο.
264 3074 437 3162 Ἐγέννησε
452 3078 488 3143 δὲ
510 3079 567 3156 τὰς
582 3075 765 3165 ἐκκλησίας,
781 3077 890 3165 λέγον-
935 3081 1007 3143 nim
1027 3093 1107 3142 cum
1122 3077 1188 3142 filii
1203 3079 1273 3142 sint
1288 3079 1457 3160 discipuli,
1473 3083 1563 3144 recte
1578 3085 1612 3143 et
1626 3080 1692 3162 ipsi

136 3197 188 3257 τος
195 3183 252 3246 καί
260 3180 403 3247 Παύλου·
412 3179 470 3247 Διδι
476 3193 532 3248 τοῦ
542 3180 728 3270 εὐαγγελίου
736 3183 799 3269 ἐγὼ
808 3183 890 3269 ὑμᾶς
935 3201 1036 3263 reges
1048 3184 1216 3247 nominati
1229 3187 1429 3247 essentitas
1440 3187 1554 3248 autem
1569 3184 1692 3263 genuit

137 3279 302 3371 ἐγέννησα.
312 3285 390 3364 Ταῖς
403 3287 457 3352 οὖν
468 3295 597 3372 νοηταῖς
608 3284 768 3373 εὐοσμίαις
780 3286 813 3351 αἱ
824 3296 887 3352 των
936 3287 997 3352 has
1014 3287 1183 3366 ecclesias,
1200 3287 1332 3351 dicente
1348 3289 1450 3351 etiam
1462 3290 1584 3352 Paulo:
1600 3292 1692 3353 «Per

139 3381 293 3470 βασιλίσιν
307 3390 472 3475 ηὔφρανάν
488 3411 524 3456 σε
535 3389 714 3478 θυγατέρες,
729 3390 890 3459 τουτέστιν
936 3392 1168 3471 Evangelium
1186 3408 1250 3470 ego
1273 3409 1333 3455 vos
1349 3393 1466 3469 genui.
1481 3413 1498 3452 a
1524 3392 1585 3455 His
1608 3411 1692 3472 ergo

139 3487 172 3553 έν
185 3501 229 3578 τῷ
243 3501 355 3580 καιρῷ,
371 3493 443 3560 καθ’
457 3495 493 3561 δν
504 3495 567 3560 ἔδει
582 3493 751 3583 τιμηθῆναί
765 3517 802 3561 σε
813 3495 890 3583 παρ’
935 3495 1171 3578 spiritualibus
1186 3494 1344 3559 odoribus
1348 3494 1449 3577 silice
1465 3513 1579 3579 repom
1593 3497 1692 3563 delec-

141 3595 251 3663 αὐτων.
275 3593 353 3664 Ὀτι
374 3599 437 3684 γδιρ
459 3597 641 3686 κέκληνται,
668 3601 740 3667 τότε
765 3604 820 3667 καῖ
841 3623 890 3667 τε·
936 3603 1088 3665 taverunt
1121 3603 1162 3678 ιι,
1196 3599 1233 3662 in
1265 3616 1305 3663 eo
1332 3600 1496 3663 nimirum
1529 3605 1691 3683 tempore,

141 3698 319 3785 τιμήκασιν.
340 3699 423 3769 ’Aah
443 3703 561 3770 τούτων
584 3706 619 3772 δέ
633 3715 694 3772 τῶν
717 3705 892 3794 ἀρωμάτων
936 3703 1072 3787 quando
1094 3704 1274 3784 oportebat
1297 3709 1332 3766 te
1354 3703 1397 3766 ab
1420 3704 1489 3767 illis
1514 3704 1690 3787 honorari;

141 3803 252 3870 καὶτὸ
278 3808 407 3892 νομικὸν
437 3816 600 3895 συνεχεῖτο
629 3809 746 3896 ἔλαιον,
777 3809 832 3898 ἀφ’
854 3813 891 3877 οὔ
936 3808 1071 3892 quando
1097 3809 1189 3872 enim
1215 3812 1342 3871 vocatur
1369 3811 1459 3887 sunt,
1483 3810 1586 3872 etiam
1612 3814 1686 3874 tum

142 3903 232 3992 ἱερεῖς
247 3907 401 3996 ἐχρίοντο,
417 3913 472 3976 καί
486 3910 509 3998 ἡ
525 3914 628 4000 σκηνη
645 3915 700 3978 καί
720 3914 818 4000 σκεύη
831 3914 893 3981 λει-
936 3914 1036 3978 illum
1048 3913 1268 3977 honorarunt.
1276 3913 1328 3976 Ex
1339 3912 1403 3976 hac
1409 3929 1490 3977 vero
1497 3912 1687 3993 fragrantia

176 4117 204 4156 v.
216 4105 243 4174 9,
256 4103 299 4159 10.
312 4104 380 4160 Vat
393 4105 436 4176 13,
456 4106 498 4161 14.
517 4104 562 4162 of.
579 4105 650 4162 Luc.
669 4123 710 4178 vr,
728 4107 772 4163 4ss
784 4108 891 4166 Mstth.
936 4106 1107 4176 nobissimo,
1120 4111 1168 4163 ast
1179 4123 1250 4165 vero
1262 4103 1321 4179 ipsi
1333 4103 1465 4161 assideat
1487 4104 1628 4175 Ecclesia,
1646 4121 1691 4160 re-

145 4199 209 4257 ιιιι,
221 4191 264 4244 12.
278 4204 290 4248 ι
305 4189 371 4246 Gor.
384 4206 426 4262 ιν,
439 4192 483 4247 18.
495 4192 586 4249 Hebr.
599 4207 655 4264 xrs,
674 4195 717 4250 22.
730 4192 778 4249 Ad
795 4194 893 4252 locum
936 4195 1015 4269 μίμου
1024 4195 1122 4252 locum
1130 4200 1265 4264 tenena„
1275 4192 1334 4249 Sed
1343 4191 1421 4250 unde
1431 4193 1495 4250 hac
1504 4192 1583 4267 apud
1594 4193 1689 4250 'Pheo-

144 4269 201 4327 BB.
218 4274 276 4332 tibi
292 4274 324 4332 in
344 4277 442 4334 modio
458 4277 589 4351 positum
610 4279 728 4336 rarimt
745 4278 828 4336 codd.
849 4285 892 4338 bc·
939 4281 1044 4338 dorum
1067 4280 1283 4350 Heracleotum,
1308 4280 1333 4350 1,
1351 4277 1426 4335 836?
1451 4279 1575 4352 “Ipsius
1595 4279 1690 4352 igitur

145 4361 223 4414 αὐτοῦ
233 4367 368 4432 γινόμεναι
384 4367 503 4434 καθαραί
519 4369 601 4435 ψυχαί
614 4366 684 4440 (BB.
702 4365 799 4422 minus
817 4363 892 4424 bene
938 4367 1051 4424 Christi
1062 4371 1093 4423 et
1105 4371 1274 4422 sanctorum
1290 4364 1393 4423 divina
1404 4365 1514 4438 templa
1531 4363 1688 4438 significat,

145 4447 205 4499 κατ’
215 4451 312 4518 ἀρετὴν
323 4451 457 4524 ψυχαί)...
467 4455 615 4528 Ἐκκλησία
626 4459 674 4508 τοῦ
683 4455 802 4522 Χριστοῦ.
813 4455 892 4510 Non·
938 4471 1004 4528 qum
1018 4459 1087 4527 post
1098 4452 1265 4526 passionem
1282 4456 1313 4508 et
1324 4450 1570 4508 resurrectionem
1587 4456 1687 4508 erecte

144 4533 223 4591 nulla
234 4537 417 4594 monuerunt
428 4537 466 4594 ad
478 4537 674 4595 Athanasium
692 4546 724 4595 et
740 4540 891 4598 Basiliam
938 4545 1007 4598 sunt
1019 4556 1073 4614 per
1085 4557 1201 4595 omnem
1211 4536 1330 4610 quidem
1339 4543 1459 4608 terram,
1469 4537 1522 4594 sed
1531 4555 1585 4612 per
1593 4537 1688 4594 excel·

146 4615 201 4674 Sed
212 4627 298 4680 vetus
310 4623 430 4695 qnidam
438 4626 612 4698 Anonymus
621 4625 753 4683 Gordos-ii
763 4626 892 4698 singola·
935 4627 1059 4685 lentium
1074 4623 1298 4698 Hierosolymis,
1311 4623 1362 4680 ubi
1379 4629 1411 4681 et
1427 4623 1526 4698 passio
1549 4623 1683 4696 contigit,

145 4703 189 4760 ria
200 4709 299 4766 subdit
310 4715 416 4766 notatu
433 4711 525 4784 digna
542 4718 563 4769 t.
576 4713 601 4785 Ι,
613 4731 641 4787 p.
658 4715 724 4770 828:
742 4717 757 4748 ‘⁴
767 4713 804 4770 In
818 4714 891 4772 ima·
935 4713 987 4770 ubi
1004 4713 1074 4770 filisu
1094 4729 1199 4783 regum
1216 4711 1332 4767 Helena
1358 4717 1389 4767 et
1406 4709 1546 4782 Eutimia,
1564 4709 1689 4782 aliaque

145 4791 260 4862 unibus
267 4797 363 4853 solent
369 4796 466 4855 tacere
474 4815 561 4871 reges
568 4799 762 4872 considentes,
770 4799 893 4872 etjuxta
934 4799 1069 4874 plurimas
1081 4797 1192 4871 templa
1203 4795 1334 4870 pretiosa
1345 4801 1377 4852 et
1388 4796 1545 4868 magnifica
1561 4795 1688 4854 acdifica-

146 4873 363 4939 illosccllocant
372 4883 514 4955 quasdam
519 4885 891 4960 muliercuiioqueepigra·
934 4892 1012 4957 runt,
1026 4884 1098 4958 quin
1109 4889 1140 4940 et
1153 4879 1240 4939 ebore
1252 4880 1304 4938 iila
1316 4882 1501 4954 adornantes,
1514 4882 1593 4940 huuc
1609 4883 1688 4956 psci·

147 4961 222 5032 phau
243 4966 364 5039 addunt,
386 4969 450 5027 sive
474 4973 616 5040 βασιλείαν,
639 4971 704 5029 sive
726 4977 892 5050 δικαιοσύνην
934 4991 1015 5030 mum
1027 4989 1114 5045 opere
1126 4969 1395 5042 adimpleverunt„
1410 4999 1443 5010 -
1460 4969 1572 5025 Locum
1583 4968 1615 5026 in
1627 4985 1687 5026 me·

149 5049 208 5108 είνε
218 5053 290 5126 quid
306 5055 410 5112 simile.
429 5059 476 5114 Ex
487 5059 660 5133 metaphora
677 5060 770 5132 igitur
787 5061 890 5134 imagi-
934 5060 984 5118 dio
1001 5061 1136 5116 notatum
1152 5055 1263 5112 habent
1280 5055 1340 5110 BB.
1359 5056 1419 5112 tta.
1433 5087 1467 5098 -
1485 5056 1572 5112 Circa
1588 5055 1685 5125 finem

149 5149 214 5196 num
230 5141 297 5198 vuit
313 5141 419 5215 dicore,
437 5145 516 5218 quod
533 5145 598 5219 ipss
615 5147 718 5204 sodmt
734 5147 766 5205 in
783 5148 890 5206 throno
934 5146 986 5206 ubi
996 5147 1138 5213 πλουσιῶν,
1148 5141 1211 5200 cod.
1224 5139 1315 5198 habet
1325 5144 1434 5201 πολλῶν
1445 5141 1590 5216 ambiguo·
