3966 6104
298 428 362 492 τοι
453 375 456 380 ’
840 427 1026 494 simonos
1048 426 1295 494 nsrnomus

336 587 368 634 v.
385 571 416 634 5.
432 565 470 634 ‘0
484 567 629 635 παλαιῶν
643 567 714 653 ὄρη,
729 567 785 632 καί
807 566 867 634 οὐκ
882 567 1012 652 oleron,
1028 567 1046 633 ὁ
1134 589 1167 634 ν.
1183 571 1214 634 5.
1242 571 1305 647 Qui
1318 573 1459 638 vermos
1473 570 1568 654 fucit
1580 576 1712 654 ιιινιιίιε,
1734 578 1768 641 τί
1780 593 1850 642 ooo

293 671 522 758 καταστρέφων
537 672 619 738 αὐτὰ
634 673 724 758 ὀργῇ.
1091 673 1276 754 marram,
1291 679 1324 740 ιι
1335 676 1395 758 qui
1408 673 1566 742 ειίοινιίί
1579 679 1679 742 coria
1691 677 1756 744 ira.

303 801 307 808 ·
336 773 501 842 Μεθοδίου.
513 777 606 861 Ὀρη,
620 774 757 863 Mutant
768 776 824 841 καί
833 775 863 841 οἱ
874 785 1044 864 προφῆται.
1080 859 1084 866 ι
1133 781 1262 844 Montes
1274 784 1356 843 sunt
1366 779 1496 862 Moyses
1507 781 1736 863 etprophetm:
1754 783 1851 846 «Le-

291 877 380 965 Ἠρα
393 881 466 956 τοὺς
489 879 671 965 ὀφθαλμοὺς
686 879 729 957 εἰς
750 880 792 945 τὰ
814 880 884 966 ὄρη.
908 880 1044 965 Χριστὸς
1089 883 1168 946 vavi
1193 884 1307 947 oeulos
1323 900 1416 948 meos
1440 884 1476 946 in
1490 890 1664 950 montes.»
1688 885 1851 951 christus

293 981 477 1048 terruerat
496 984 556 1069 τὴν
578 983 706 1069 πρώτην
725 981 892 1068 διαθήκην,
907 985 964 1049 καί
985 983 1045 1049 οὐκ
1088 990 1203 1050 autem
1218 967 1378 1068 antiquat
1402 987 1551 1068 primum
1574 989 1846 1069 Testamentum,

293 1088 415 1154 οἴδασιν
428 1086 585 1170 Ἰουδαῖοι,
601 1090 679 1174 πρὸς
691 1089 744 1165 οὓς
760 1085 945 1172 claustrelli
959 1087 1045 1153 ὲπιο-
1088 1105 1151 1153 neo
1165 1090 1442 1154 animadvertunt
1458 1093 1480 1154 J
1482 1090 1581 1172 udaei,
1597 1093 1640 1156 ad
1655 1109 1739 1174 quos
1754 1092 1844 1156 dioi-

293 1191 427 1258 τεύσατε
439 1189 575 1276 Μωυσεῖ,
588 1191 794 1271 ἐπιστεύσατε
806 1191 845 1258 ἂν
856 1189 934 1278 ὲροί.
943 1189 981 1258 ‘0
990 1193 1045 1256 ala
1075 1201 1154 1260 tur:
1168 1195 1222 1260 «si
1230 1193 1421 1259 credidistis
1432 1195 1549 1278 Moysi,
1561 1195 1687 1259 eredita
1699 1197 1735 1258 in
1744 1213 1809 1258 me.
1821 1217 1841 1256 a

291 1299 346 1374 τὸς
361 1296 397 1361 δὲ
407 1295 603 1381 κατέστρεψε
614 1297 655 1362 τὰ
666 1295 761 1382 μέχρι
774 1295 961 1382 γράμματος
972 1295 1042 1380 ὄρη,
1089 1298 1182 1363 Idem
1197 1282 1277 1362 vero
1292 1316 1311 1362 e
1326 1300 1398 1363 solo
1421 1301 1545 1363 evertit
1566 1300 1729 1364 litterales
1744 1318 1844 1365 mon-

291 1403 351 1487 τὴν
365 1399 576 1487 Ἰερουσαλὴμ
598 1401 654 1465 καί
668 1402 704 1465 τὸ
719 1397 872 1487 ἁγίααμα.
894 1395 1043 1478 ‘Osdroe
1087 1406 1149 1482 tes,
1172 1403 1386 1466 Hierusalem
1408 1407 1443 1466 et
1471 1405 1712 1468 sanctuarium.
1743 1403 1841 1468 Idem

289 1505 346 1570 καί
359 1507 413 1570 τὸν
434 1504 525 1591 ῆλιον
550 1505 741 1592 ἀμαυροίτῇ
765 1503 880 1570 ἑαυτοῦ
901 1501 1042 1589 λαμπρό-
1073 1505 1223 1588 'quoque
1245 1507 1352 1570 solem
1378 1510 1414 1570 et
1440 1505 1552 1570 sidera
1577 1505 1755 1589 splendore
1778 1525 1845 1575 suo

292 1629 374 1695 τητι,
389 1611 444 1674 καὶ
459 1611 532 1688 τοὺς
548 1607 694 1694 ἀστέρας.
816 1621 820 1630 ’
1089 1609 1257 1674 obscurat.
1700 1659 1703 1668 .

204 1723 207 1734 ·
333 1734 365 1780 v.
382 1715 413 1779 r.
429 1711 468 1778 ‘o
483 1711 585 1806 λογων
599 1721 644 1798 ορ
658 1709 749 1797 ἡλίῳ,
764 1710 821 1777 και
835 1710 894 1776 aas
909 1708 1040 1778 ανατο-
1130 1732 1162 1777 v.
1179 1715 1209 1777 ν.
1230 1713 1293 1790 ονε
1314 1694 1461 1797 οἴνινον
1482 1712 1555 1793 soa,
1581 1717 1614 1778 u
1632 1731 1698 1780 m
1718 1715 1839 1796 asur,

289 1815 346 1898 λετ,
361 1817 446 1880 κατὰ
457 1816 492 1881 δὲ
507 1817 630 1900 ἄστρων
645 1815 908 1900 κατασφραγίζει.
1086 1816 1131 1883 od
1143 1815 1505 1901 είάεναοινοείρίίίιιιιι
1519 1817 1675 1902 obmittant.

332 1916 497 1984 Μεθοδίου.
521 1915 660 2002 Φέρεται
674 1916 709 1981 δὲ
732 1916 779 1981 ὅτι
794 1925 863 1994 ταῖς
879 1918 976 2002 τρισίν
999 1916 1041 1982 d-
1130 1922 1252 1987 Fertur
1274 1923 1364 2004 quod
1382 1924 1419 1986 in
1441 1922 1552 1987 tribus
1575 1924 1678 2006 horis,
1701 1923 1842 2005 quaudo

290 2044 368 2107 ραις,
384 2022 418 2086 ἐν
434 2021 483 2098 αίς
499 2021 516 2086 ὁ
531 2020 621 2106 ἣλιος
644 2019 794 2104 ἐξέλιπεν,
811 2018 941 2106 ἀστέρες
964 2019 1041 2106 ἐρά-
1085 2025 1137 2092 sol
1150 2025 1351 2090 obscuratus
1365 2024 1498 2106 defecit,
1513 2027 1621 2092 stellae
1634 2029 1723 2091 utin
1739 2033 1844 2092 nocte

290 2148 385 2194 νεσαν
400 2125 443 2204 ὡς
457 2127 491 2193 ἐν
506 2121 605 2191 νικτί.
1086 2127 1260 2192 lucebant

332 2252 364 2298 v.
383 2233 433 2296 10.
448 2228 487 2295 Ὁ
502 2237 598 2294 ποιῶν
615 2227 740 2315 μεγάλα
760 2229 817 2294 καί
832 2224 1038 2308 ἀνεξινίαατα
1130 2250 1163 2294 ν.
1179 2233 1229 2297 10.
1246 2231 1406 2315 Qaifurit
1414 2249 1533 2318 ιιιαριια
1542 2236 1574 2300 τί
1584 2233 1838 2318 innormatum.

333 2331 499 2400 Μεθοδίου.
515 2327 560 2400 Ἀ
582 2334 644 2418 γὰρ
659 2330 844 2417 προείρηκα,
868 2332 973 2418 φησίν,
989 2332 1041 2396 οίί-Ι
1130 2337 1211 2414 Quae
1234 2338 1325 2401 enim
1351 2337 1447 2419 prius
1474 2337 1556 2417 dixi,
1578 2337 1701 2421 inquit,
1726 2356 1841 2404 nonne

293 2459 343 2503 πω
360 2437 495 2524 μεγάλα,
511 2438 598 2502 οὔπω
613 2434 830 2518 ἀνεξινίαστας
1085 2459 1222 2522 magna,
1239 2458 1351 2506 nonne
1367 2442 1646 2521 investigabilia?

335 2547 412 2627 cap.
429 2561 514 2626 xxv,
532 2547 560 2608 1.
586 2539 626 2609 Τί
640 2541 702 2627 γαρ
722 2539 921 2627 αρορίμιονῆ
944 2537 1041 2627 utto<
1133 2548 1210 2610 cnr.
1227 2561 1312 2625 xxv,
1330 2547 1359 2610 1.
1379 2545 1464 2623 Quid
1476 2547 1562 2612 roim
1576 2545 1752 2628 emrdiam,
1766 2548 1844 2633 τίει·

292 2647 369 2734 παρ’
379 2649 486 2714 αὐτοῦ.
1087 2647 1312 2714 rimamur
1548 2691 1559 2714 .
1969 2667 1970 2736 3

334 2751 499 2819 Μεθοδίου.
514 2747 717 2836 Οὐκείττενὴ
735 2747 831 2835 φίὸος
845 2747 952 2830 αὐτοῦ,
965 2745 1039 2812 ἀλλ’
1128 2743 1201 2814 Non
1216 2751 1313 2832 dixit,
1332 2749 1402 2818 ιιίοί
1416 2751 1514 2816 timor
1527 2771 1623 2834 suus,
1635 2752 1695 2818 sed
1712 2755 1782 2820 ιιιέἰ
1796 2753 1841 2820 ιι·-
1969 2751 1970 2776 ί

289 2857 312 2942 ἢ
339 2855 434 2942 φόὅος
455 2854 530 2940 παρ’
547 2858 653 2921 αὑτοῦ.
681 2853 719 2920 Ὁ
739 2855 794 2920 οὖν
817 2853 914 2918 αὐτοῦ
940 2849 1036 2939 otior
1083 2854 1256 2920 nwrobeo.
1271 2856 1385 2920 Timor
1398 2857 1490 2920 enim
1502 2855 1577 2936 ejns
1589 2875 1673 2939 opus
1687 2863 1843 2924 nostrum

288 2962 382 3046 ἔργον
396 2959 561 3046 ἡμέτερον,
577 2961 616 3026 ἐκ
630 2969 687 3024 τοῦ
703 2958 752 3045 ἐρ’
764 2957 841 3044 ἡμῖν
855 2959 1037 3044 ἐρχόμενος
1084 2963 1145 3041 est,
1159 2965 1193 3025 et
1208 2962 1415 3025 avoluntata
1426 2961 1593 3043 procedit:
1611 2963 1713 3027 timor
1725 2968 1843 3027 autem

288 3064 328 3131 ‘0
343 3064 378 3129 δὲ
394 3067 468 3148 παρ’
481 3065 578 3128 αὐτοῦ
592 3063 685 3149 χάρις
700 3063 756 3128 καί
771 3061 874 3148 δωρεά
885 3061 970 3128 ἐστιν
984 3059 1039 3125 ao
1083 3065 1126 3129 ab
1153 3082 1202 3145 eo,
1221 3065 1335 3144 gratia
1357 3064 1431 3146 ejus
1457 3069 1492 3129 et
1520 3066 1648 3131 donum
1677 3071 1738 3149 est,
1764 3085 1843 3149 quae
1969 3073 1970 3078 ’

166 3246 172 3266 Ι
289 3177 357 3252 τοῦ,
382 3169 418 3232 τὸ
441 3166 550 3232 λοιπὸν
572 3165 648 3252 ἡμῖν
670 3166 909 3251 ἀναπληροῦσι.
932 3165 1036 3253 Ὁμοί-
1083 3169 1269 3250 adimplent
1284 3169 1374 3250 quod
1393 3168 1490 3234 nobis
1505 3171 1677 3254 reliquum
1700 3175 1761 3235 est.
1781 3171 1840 3236 df-
1969 3225 1970 3250 ,

290 3293 332 3350 ως
348 3272 417 3357 ἔχει
430 3270 485 3335 καί
499 3269 555 3335 τό·
577 3268 718 3355 Πρόσθες
733 3269 809 3356 ἡμῖν
824 3268 945 3338 πίστιν·
967 3267 1039 3336 Aet·
1082 3271 1151 3335 fine
1173 3276 1225 3336 est
1242 3271 1344 3335 illud:
1371 3271 1546 3352 «Adauge
1570 3274 1666 3339 nobis
1690 3274 1802 3339 fidem.
1818 3297 1838 3336 a
1969 3259 1970 3300 ³

289 3396 342 3441 πει
355 3376 418 3462 γὰρ
432 3374 518 3460 ἡμῖν,
533 3375 621 3459 φησί,
637 3375 674 3438 τὸ
690 3376 754 3439 απὸ
764 3384 822 3462 τῆς
835 3381 895 3462 τῆς
907 3373 1037 3460 δωρεᾶς,
1082 3374 1204 3440 Deficit
1218 3376 1310 3439 enim
1321 3376 1428 3457 nobis,
1440 3378 1500 3458 ait,
1511 3377 1602 3459 quod
1616 3380 1669 3442 tui
1684 3381 1840 3445 muneris
1969 3429 1970 3460 ,

290 3479 363 3546 ἀλλ’
374 3479 412 3545 οὐ
426 3479 463 3544 τὸ
478 3477 528 3564 ἐφ’
538 3476 623 3564 ἡμῖν.
1083 3482 1144 3560 est,
1162 3495 1232 3542 non
1247 3478 1338 3560 quod
1350 3480 1483 3544 arbitrii
1497 3482 1614 3546 nostri.

335 3604 367 3650 v.
384 3588 415 3650 3.
431 3581 486 3670 Μὴ
510 3583 572 3669 γάρ
586 3605 634 3662 τις
655 3580 809 3649 umidior
830 3583 878 3649 ὅτι
899 3581 966 3650 ἔστί
980 3603 1039 3649 πα-
1127 3600 1158 3646 ν.
1176 3584 1206 3646 3.
1222 3583 1502 3666 Nemosoppoaat
1517 3583 1680 3668 salmom
1701 3603 1770 3654 ιεει
1791 3587 1840 3654 iu

288 3687 433 3775 ρὲλκυσις
448 3696 619 3773 πειραταῖς.
927 3755 931 3762 .
1083 3688 1142 3772 qui
1157 3690 1283 3753 ίιιιίαιιί
1295 3685 1492 3753 aduttum.

332 3791 387 3878 Μη
402 3793 465 3878 γάρ
479 3813 525 3868 τις
546 3787 821 3876 transimundo,
838 3789 910 3877 [ὅτι]
927 3789 969 3870 ὡς
991 3811 1038 3870 τις
1126 3793 1272 3872 Etenim,
1281 3792 1339 3873 ait,
1348 3809 1448 3858 nemo
1459 3793 1588 3872 cogitet
1597 3793 1668 3860 sore
1678 3799 1717 3858 nt
1726 3797 1833 3877 Deus,

289 3895 380 3975 τέλος
390 3893 637 3981 ὑπερτιθέμενος,
653 3894 791 3981 διαμένει
813 3893 894 3972 Θεὸς
908 3897 966 3974 τὰς
978 3916 1036 3960 κα-
1082 3901 1249 3978 tanquam
1275 3896 1402 3978 aliquis
1427 3897 1493 3961 sibi
1518 3896 1622 3962 finem
1649 3899 1837 3981 imponens,

168 4041 173 4048 -
289 4004 330 4067 τὰ
347 4010 409 4066 τῶν
425 3997 541 4065 ἀοίκων
562 3999 722 4086 τιμωρίας.
738 3998 778 4064 El
799 4000 855 4062 καί
874 3997 952 4075 τέως
976 4020 1034 4085 μα·
1082 4005 1234 4066 moretur
1248 4019 1366 4084 poenas
1381 3999 1520 4081 iniustis
1536 4003 1699 4082 irrogare.
1724 4005 1837 4080 Quan-

289 4105 441 4192 κροθυρῇ,
454 4103 525 4169 ἀλλ’
536 4103 641 4187 ὥσπερ
656 4103 687 4167 οἱ
701 4101 924 4188 ἐνεδρεύοντες,
939 4105 1037 4181 οὕτως
1082 4108 1209 4170 tumvis
1233 4107 1325 4170 enim
1339 4107 1444 4184 longo
1459 4108 1573 4170 animo
1588 4107 1643 4186 sit,
1659 4108 1749 4172 siout
1773 4111 1837 4191 qui
1969 4171 1970 4196 ,

175 4277 180 4284 ,
289 4207 453 4294 ἀδοκήτως
479 4209 583 4285 αὐτοῖς
606 4205 793 4292 ἐπέρχεται·
819 4208 875 4272 καί
896 4205 956 4272 οὐκ
970 4208 1038 4272 ἔστι
1083 4209 1224 4274 insidias
1238 4215 1366 4291 serunt,
1382 4211 1432 4274 ita
1452 4211 1626 4291 inopinato
1649 4212 1686 4274 in
1707 4228 1765 4276 eos
1781 4213 1834 4278 iu·
1969 4209 1970 4218 ’

286 4335 356 4379 τινα
376 4321 438 4379 τῶν
461 4309 582 4378 doetus
603 4312 664 4398 τὴν
685 4307 777 4377 θείαν
799 4309 963 4396 διαδρᾶναι
994 4308 1037 4377 δί-
1082 4313 1178 4394 cidit,
1201 4331 1240 4376 ao
1263 4329 1363 4376 nemo
1385 4315 1439 4376 est
1460 4313 1652 4395 impiorum,
1668 4316 1730 4396 qui
1750 4313 1837 4381 divi·
1969 4301 1970 4350 ἶ

288 4438 361 4504 κην.
1082 4434 1162 4480 nam
1177 4415 1366 4479 vindictam
1382 4415 1538 4496 effugiat.

331 4542 362 4587 v.
375 4524 407 4586 4.
419 4520 492 4600 Πῶς
507 4520 569 4607 γάρ
581 4521 670 4587 ἔσται
681 4518 801 4599 δίκαιος
813 4519 923 4608 βροτὸς
934 4521 1036 4587 ἔναντι
1126 4536 1158 4582 ν.
1173 4519 1204 4581 4.
1221 4517 1374 4594 murrum
1387 4519 1599 4603 oaimjuotus
1609 4521 1773 4589 cardamo
1787 4541 1836 4592 co-
1969 4531 1970 4556 ³

289 4622 428 4710 Κυρίου;
1082 4638 1156 4689 rom
1170 4623 1329 4687 Domino?

321 4821 350 4861 v.
363 4803 389 4859 5.
401 4802 469 4860 vat
481 4801 542 4872 668,
555 4801 616 4872 649,
634 4803 714 4870 Σίδης
730 4799 838 4857 iterum
855 4801 887 4857 in
902 4800 970 4858 Vat.
982 4803 1036 4860 697
1114 4800 1185 4875 Gap.
1202 4815 1273 4872 xxv,
1291 4801 1316 4858 1.
1335 4801 1402 4860 vat.
1419 4801 1481 4874 888,
1498 4801 1560 4875 ool,
1579 4803 1640 4876 749,
1661 4803 1831 4879 Mosquens.

286 4875 380 4946 6196,
398 4873 452 4929 760
467 4871 489 4928 f.
506 4873 542 4928 86
559 4879 590 4929 et
606 4873 773 4944 Musqueus.
791 4871 836 4928 of.
854 4875 901 4929 Ps.
921 4888 990 4944 oxx,
1009 4876 1035 4932 1.
1080 4871 1126 4930 of.
1137 4873 1208 4928 Lno.
1220 4886 1292 4944 xvu,
1304 4873 1330 4928 5.

286 4948 372 5004 Joan.
384 4961 412 5016 v,
423 4945 468 5000 46.
480 4942 550 5000 eod.
564 4951 646 5014 μοοιῑ
656 4959 710 5018 pro
722 4949 806 5014 μαοῆ.
820 4943 918 5018 Vulgo
935 4943 982 5003 bis
993 4945 1034 5004 ls·
1116 4963 1144 5002 ν.
1162 4945 1188 5000 8.
1205 4943 1313 5015 Regin.
1330 4943 1479 5000 Scholium
1491 4961 1551 5001 non
1567 4945 1644 5002 nihil
1662 4945 1833 5007 obscurum:

285 5019 367 5092 gitur
375 5019 532 5072 ίπιοτττίεττ.
1079 5019 1247 5072 contortum
1258 5014 1376 5072 videtur
1388 5015 1530 5073 adversus
1543 5017 1833 5090 Origdnistas,iinem

319 5108 347 5147 v.
361 5090 386 5144 7.
398 5087 494 5145 Vatis.
505 5087 567 5157 868,
579 5086 640 5158 749,
653 5086 714 5160 lto,
725 5087 893 5161 Mosquous.
1080 5087 1213 5144 futurum
1226 5101 1291 5143 essa
1350 5087 1398 5143 nis
1410 5085 1519 5144 inferni
1532 5089 1721 5150 somniantes.

319 5179 348 5220 v.
361 5161 403 5218 10.
415 5158 510 5218 Iidem
521 5163 655 5234 quatuor.
1108 5157 1286 5216 utvatio.
1352 5157 1478 5231 ,Regin
1491 5159 1658 5233 uosquens.
