3966 6108
272 399 336 464 488
547 359 553 372 '
940 402 1150 466 cursuras

267 536 370 603 τοίνυν
388 546 511 623 πρῶτον
533 537 766 624 ἐξομολογῆοαι
784 548 828 626 τῷ
850 538 957 625 Κυρίῳ
980 541 1015 605 ἔν
1058 543 1136 618 ποὺς
1152 537 1257 618 ἀξίους
1276 548 1332 623 τῆς
1349 539 1524 626 μετανοίας,
1547 540 1687 606 ἔπειτα...
1709 545 1806 610 Varie.

267 639 394 726 καθαρᾷ
409 639 584 726 συνειδήσει
605 651 666 732 τῶν
681 641 840 728 προτέρων
856 643 1015 729 ἁμαρτιῶν
1058 645 1166 710 didone.
1181 681 1219 690 -
1234 646 1406 728 aequantes
1414 645 1541 726 psalmi
1553 661 1668 710 uersus
1682 663 1808 712 οοιιεειυ

268 744 471 832 ποιουμένους
493 745 673 832 όμολογίας,
690 747 742 812 διὰ
760 747 892 832 γνησίας
906 749 961 812 καί
977 749 1017 812 εἰ·
1061 750 1150 812 tino!
1163 753 1196 812 et
1208 749 1423 832 conferrentur·
1438 766 1510 814 oum
1529 751 1596 815 Vol.
1612 753 1643 813 B
1654 750 1722 833 foi.
1735 752 1809 830 692,

267 847 423 933 λικρινοδς
439 849 614 934 μετανοίας,
631 853 684 916 καί
696 861 827 936 καρπῶν
837 850 1017 935 πρεπόντων
1063 856 1137 916 693.

266 963 305 1038 τῇ
329 952 555 1039 ἐξομολογήσει
576 956 661 1019 κατὰ
681 954 739 1018 τό·
763 951 923 1038 Ποιήσατε
941 975 1018 1038 κοιρ-

311 1079 343 1123 ν.
363 1060 412 1123 12.
428 1059 484 1124 Ἐν
506 1066 550 1143 τῷ
565 1065 645 1124 είναι
667 1058 782 1136 αὐτοὺς
805 1059 925 1144 ἀριθμῷ
942 1057 1016 1144 βρα-
1106 1079 1137 1124 v.
1153 1063 1202 1126 12.
1219 1063 1412 1127 comessati
1422 1063 1663 1142 commodnti,
1676 1063 1809 1144 parreia·

268 1173 346 1252 χείς,
375 1163 556 1249 όλιγοστοὺς
581 1167 637 1228 καί
662 1165 835 1249 παροίκους
861 1167 894 1230 ἔν
924 1165 1015 1250 αὐτῆ,
1060 1161 1139 1226 εἰναι·
1160 1169 1191 1228 οἰ
1212 1165 1323 1230 ίιιαυία
1344 1169 1382 1230 io
1403 1165 1462 1232 ίαιο
1483 1172 1585 1246 torro,
1610 1171 1643 1231 et
1656 1171 1811 1247 pertran-

265 1271 319 1335 καί
336 1269 466 1356 διῆλθον
490 1269 524 1348 ἐξ
539 1268 646 1346 ἔθνους
661 1270 705 1347 εἰς
720 1270 818 1353 ἔθνος,
834 1272 889 1334 καὶ
904 1271 942 1334 ἔκ
958 1267 1016 1354 βα-
1060 1269 1191 1333 aurant
1204 1269 1346 1352 macuta
1360 1271 1536 1353 tepentem
1552 1275 1583 1334 et
1603 1270 1641 1334 de
1655 1286 1752 1352 νιραο
1765 1269 1809 1333 od

268 1371 386 1450 οιλείας
401 1374 444 1450 εἰς
459 1373 537 1438 λαδν
552 1373 669 1458 ἔτερον,
686 1374 745 1438 οὐκ
760 1374 884 1458 ἀφῆκεν
900 1373 1016 1458 ίινθρω-
1052 1372 1210 1456 1υυςυαίυοι
1224 1374 1374 1454 altercare,
1392 1392 1456 1438 αυα
1471 1374 1627 1456 permisit
1647 1375 1807 1438 bominem

267 1498 327 1543 πον
342 1478 491 1562 ἀδικῆσαι
506 1469 629 1559 αυτοὺς,
645 1478 700 1542 καί
720 1477 854 1566 ῆλεγξεν
868 1477 947 1562 ὑπὲρ
962 1478 1016 1541 αἰν
1059 1494 1167 1542 ιωοοαε
1182 1478 1240 1557 eis,
1255 1481 1286 1542 εἰ
1297 1479 1456 1558 σοανιβυίί
1464 1495 1527 1558 pro
1541 1478 1590 1542 eis
1608 1493 1710 1558 repes:
1724 1475 1809 1540 ιιυίέ-

267 1591 329 1648 τῶν
344 1581 500 1668 βασιλεῖς·
516 1581 569 1668 Μή
586 1581 712 1666 άψησθε
724 1591 933 1667 τῶνχριοτόιν
945 1605 1014 1669 μου,
1059 1587 1090 1646 te
1113 1585 1242 1664 tanam
1265 1581 1401 1648 christos
1423 1599 1516 1662 πνουν,
1534 1586 1566 1646 εἰ
1586 1582 1625 1646 εἰν
1638 1581 1811 1662 prophetis

267 1687 322 1751 καί
337 1686 370 1751 ἐν
386 1695 450 1762 τοῖς
465 1684 641 1770 προφήταις
658 1706 717 1770 μου
734 1688 777 1771 μή
794 1685 1015 1771 πονηρεύεοθε.
1059 1687 1140 1750 meis
1155 1688 1254 1750 carice
1268 1687 1456 1768 αιαίίρααιθ.

310 1789 350 1856 Oi
365 1793 561 1875 προπάτορες
576 1787 680 1855 τοίνυν
695 1789 808 1870 αὐτῶν,
824 1789 853 1853 οἱ
868 1791 940 1874 περί
961 1790 1015 1854 τόν
1105 1793 1191 1854 Sane
1217 1790 1361 1870 majores
1388 1807 1514 1870 eorum,
1538 1789 1618 1854 inde
1641 1790 1684 1853 ab
1704 1791 1809 1854 Abra·

196 1977 198 1983 k
267 1892 426 1981 Ἀβραὰμ,
438 1879 594 1980 δλιγοστοί
607 1897 662 1959 καί
673 1895 818 1979 πάροικοι
834 1896 921 1972 δντες
931 1895 965 1960 ἔν
976 1905 1016 1980 τῆ
1061 1895 1150 1974 ham,
1166 1913 1244 1958 cum
1262 1896 1457 1976 paucissimi
1470 1899 1504 1958 et
1516 1896 1633 1958 incolae
1649 1899 1760 1958 essent
1771 1897 1809 1958 in

266 2007 319 2084 γῆ,
335 1999 502 2082 τοσαύτης,
519 2002 623 2084 φησίν,
640 2000 699 2064 ὑπό
715 2009 771 2066 τοῦ
787 1998 869 2066 Θεοῦ
884 1999 1017 2085 ῆξιώθη-
1059 2003 1160 2078 terra,
1186 2004 1327 2078 tantam,
1344 2001 1402 2079 ait,
1419 2017 1440 2062 a
1456 2001 1524 2062 Deo
1539 2017 1657 2062 curam
1676 2016 1808 2062 merue-

268 2122 327 2167 σαν
342 2099 512 2187 φροντίδος,
526 2103 567 2182 ὡς
582 2103 615 2184 ἐξ
635 2103 743 2181 ἔθνους
759 2105 803 2182 εἰς
822 2103 909 2181 ἔθνος
922 2125 1015 2189 μετα·
1059 2109 1150 2183 runt,
1174 2109 1213 2168 ut
1235 2105 1276 2168 de
1300 2109 1402 2182 gente
1429 2105 1466 2167 in
1492 2109 1630 2182 gentem
1656 2105 1809 2182 migran-

267 2206 388 2290 βάντες,
407 2211 462 2272 καί
484 2210 523 2274 ἔκ
545 2208 706 2295 βασιλείας
729 2211 772 2288 εἰς
795 2210 874 2276 λαόν
898 2209 1014 2294 ἕτερον,
1059 2213 1120 2288 tes,
1136 2213 1171 2271 et
1185 2209 1226 2272 de
1242 2226 1350 2287 regno
1366 2210 1402 2272 in
1423 2210 1574 2272 alienum
1590 2211 1764 2290 populum,
1788 2227 1810 2272 a

266 2311 474 2399 ὑπόμηδενός
497 2311 604 2396 ἑτέρου
625 2313 795 2399 ἀνθρώπων
818 2312 1015 2398 ἀδικηθῆναι,
1062 2313 1196 2376 nemine
1212 2313 1389 2376 hominum
1412 2311 1615 2376 detrimenta
1637 2318 1809 2394 caperent,

267 2414 384 2499 καίπερ
399 2414 524 2501 ἀμιξίας
546 2416 668 2501 πολλῆς
685 2419 782 2501 οὔσης
797 2425 858 2482 των
879 2416 951 2482 τότε
966 2417 1016 2482 ἔθ·
1062 2417 1217 2497 quamvis
1228 2432 1295 2478 uon
1306 2416 1807 2494 murtaforctgentiumdiscor-

265 2528 336 2603 νῶν,
359 2522 599 2607 τοποκρατόρων
622 2543 656 2586 τε
679 2521 808 2606 άπηνῶν
831 2523 938 2604 όντων,
960 2525 1016 2588 καί
1060 2519 1126 2599 dia,
1150 2539 1212 2584 neo
1236 2521 1303 2584 nisi
1321 2521 1508 2584 truculenti
1527 2526 1640 2584 essent
1654 2521 1806 2586 locorum

212 2609 215 2618 ’
267 2634 388 2710 μεστῶν
403 2626 509 2710 πάσης
528 2626 682 2711 όμότητος
704 2627 760 2690 καί
779 2624 1013 2710 ἀπανθρωπίας.
1059 2625 1208 2706 tyranni,
1226 2625 1437 2688 immanitate
1452 2628 1524 2687 tota
1541 2628 1575 2686 et
1590 2625 1809 2690 inclementia

266 2727 350 2796 Ἀπὸ
366 2732 422 2817 μὲν
445 2732 499 2796 οὖν
520 2739 582 2827 τῶν
597 2728 768 2798 Χαλδαίων
792 2728 946 2815 μετῆλθεν
960 2727 1015 2796 Ἃ·
1058 2727 1195 2792 feroces.
1225 2729 1362 2792 Etenim
1392 2747 1413 2790 a
1442 2726 1606 2792 Chaldaeis
1637 2728 1808 2803 Abrabam

267 2831 374 2921 βραόιμ
389 2837 433 2914 εἰς
448 2837 506 2921 τήν
522 2843 583 2900 τῶν
598 2832 797 2918 Χαναναίων,
816 2835 1014 2918 μεταναστής
1058 2834 1195 2898 transiit
1220 2833 1263 2896 ad
1285 2833 1500 2912 chananaeos,
1523 2850 1614 2912 vago
1634 2833 1802 2914 incolatu3

266 2938 443 3024 γενόμενος.
467 2937 532 3004 Καί
555 2937 651 3003 πάλιν
673 2937 736 3003 ἀπό
752 2946 809 3021 τῆς
831 2936 1014 3021 Παλαιστη-
1063 2941 1098 3000 et
1110 2955 1227 3002 rursus
1243 2954 1263 2999 a
1279 2939 1459 3002 Palaestina
1474 2937 1648 3002 descendit
1660 2939 1697 3002 in
1709 2940 1812 3020 AEgy·

267 3048 328 3107 νῶν
344 3043 387 3119 εἰς
402 3041 564 3129 Αἴγυπτον
579 3041 750 3125 κατελθὼν,
767 3042 819 3106 ότε
836 3040 923 3126 καλή
936 3041 1019 3126 Σάβ-
1063 3045 1171 3123 ptum,
1179 3041 1315 3123 quando
1323 3042 1425 3104 etiam
1434 3044 1516 3105 Sara
1523 3042 1566 3105 ab
1573 3037 1812 3125 Aigyptiorum

269 3145 310 3230 βα
324 3147 385 3210 ὑπό
407 3157 462 3212 τοῦ
486 3145 638 3232 βασιλέως
660 3156 721 3211 τῶν
736 3143 916 3231 Αἰγυπτίων
940 3145 1020 3232 λαμ·
1064 3163 1146 3224 rege
1154 3148 1296 3228 capitur.
1305 3148 1480 3210 Etiterum
1489 3146 1531 3210 ab
1539 3150 1685 3230 AEgypto
1694 3146 1811 3227 redux,

268 3248 406 3316 θάνεται.
422 3250 489 3315 Καὶ
507 3250 602 3316 πάλιν
625 3250 688 3315 ἀπὸ
703 3249 865 3335 Αἰγύπτου
888 3250 1019 3316 ἐπανελ-
1064 3252 1101 3313 in
1117 3252 1279 3314 Geraram
1294 3251 1443 3332 divertit,
1459 3251 1517 3314 ubi
1532 3257 1608 3332 post
1623 3270 1701 3316 eum
1717 3252 1811 3316 filius

268 3353 340 3436 θὼν,
356 3356 412 3418 καί
425 3352 624 3439 παροινήσας
640 3355 683 3432 εἰς
699 3356 758 3440 τήν
770 3353 956 3439 Γεροτικῆν,
972 3355 1019 3419 ἔν-
1065 3355 1139 3435 eius
1155 3359 1249 3420 Isaac
1265 3357 1441 3420 habitavit.
1463 3355 1527 3419 Sed
1548 3357 1654 3420 Jacob
1677 3375 1812 3439 quoque

267 3457 308 3523 θα
323 3461 377 3523 καί
391 3459 408 3521 ό
425 3458 489 3536 υἱός
506 3460 602 3524 αὐτοῦ
617 3457 730 3524 Ἰσαὰκ
746 3458 812 3544 μετ’
823 3459 919 3522 αὐτόν
936 3457 1021 3542 ᾤκη-
1065 3462 1279 3541 peregrinus,
1307 3479 1348 3524 ex
1376 3461 1555 3523 Palaestina
1577 3461 1750 3526 descendit
1776 3462 1812 3526 in

269 3583 314 3628 οι.
329 3562 434 3628 Ἀλλὰ
453 3565 508 3628 καί
522 3561 639 3629 Ἰακίυθ
662 3563 859 3648 μεταναστὰς
875 3561 938 3626 ἀπό
961 3569 1020 3646 τῆς
1063 3569 1259 3648 AEgyptum.
1276 3568 1517 3629 Verumtamen
1539 3566 1627 3630 inter
1641 3571 1692 3630 tot
1713 3568 1813 3631 itine-

267 3665 494 3752 Παλαιοτήνης
516 3667 657 3732 κάτεισιν
680 3667 724 3744 είς
738 3664 910 3750 Αἴγυπτον.
927 3665 1019 3751 Πλὴν
1063 3689 1102 3733 ra
1124 3671 1343 3751 palabundos,
1367 3687 1434 3733 non
1455 3671 1609 3751 permisit
1625 3673 1723 3749 oeus,
1743 3689 1812 3734 ser-

267 3773 302 3838 ἔν
316 3773 454 3858 τοσαύτη
479 3771 611 3857 ξενιτείᾳ
630 3769 848 3855 πλανηθέντας
871 3769 1017 3846 αθτοὺςό
1063 3791 1184 3846 rorum
1200 3792 1339 3838 suorum
1360 3773 1524 3853 defensor,
1545 3791 1600 3838 eos
1616 3793 1636 3837 a
1652 3791 1814 3856 quocum-

267 3885 330 3942 τῶν
355 3876 478 3942 οἰκείων
500 3875 704 3960 θεραπόντων
731 3873 914 3960 θπέρμαχος
938 3873 1018 3952 Θεός
1064 3895 1130 3960 que
1149 3879 1219 3959 pati
1235 3879 1417 3959 molestias,
1441 3880 1597 3960 quamvis
1620 3880 1720 3942 multi
1744 3882 1814 3944 vel·

268 3983 327 4046 οἰικ
349 3981 473 4068 ἀφῆκεν
488 3980 678 4066 ἀδικηθῆναι
700 3979 777 4064 πρός
799 4000 890 4061 τινος,
914 3976 1018 4044 καίτοι
1063 3983 1136 4046 lent
1150 4000 1205 4046 eos
1220 4000 1353 4045 vexare.
1366 3985 1513 4047 Enarrat
1524 4000 1605 4062 ergo
1617 3986 1748 4066 Moyses
1763 3984 1814 4048 in-

268 4085 395 4150 πολλίῑιν
410 4083 625 4172 βουληθέντων
641 4084 792 4168 ἀδικῆσαι
807 4083 931 4160 αἰιτοός.
943 4081 1016 4148 Δια·
1059 4085 1163 4148 sidias
1179 4085 1341 4148 adversus
1357 4103 1413 4150 eos
1429 4091 1573 4168 paratas,
1590 4088 1624 4150 et
1641 4085 1809 4168 quomodo

267 4189 382 4274 γράφει
397 4191 424 4255 δ’
438 4190 492 4255 οὖν
513 4189 529 4254 ὁ
545 4188 683 4275 Μωυσῆς
704 4189 760 4266 τὰς
782 4186 854 4250 κατ’
866 4188 969 4252 αὐτῶν
984 4187 1017 4251 ἔ·
1061 4192 1151 4255 Deus
1165 4191 1374 4272 prohibuerit
1386 4209 1428 4255 ne
1440 4194 1518 4272 quis
1530 4192 1579 4254 eis
1591 4197 1735 4272 noceret;
1748 4193 1808 4257 scd

268 4292 429 4376 ταθουλόις,
442 4296 496 4360 καί
511 4293 552 4370 ὡς
568 4293 627 4357 οὐκ
638 4293 761 4378 ἀφῆκεν
777 4291 794 4356 ό
807 4289 887 4367 Θεὸς
900 4289 1017 4375 άνθρω-
1061 4299 1198 4377 propter
1214 4297 1289 4360 illos
1305 4297 1471 4378 corripuit
1485 4312 1594 4374 reges:
1612 4297 1701 4358 unde
1718 4299 1810 4362 Dens

266 4420 325 4465 πον
349 4399 499 4484 ἀδικῆσαι
522 4397 652 4475 αὐτούς·
681 4396 768 4462 ἀλλὰ
796 4397 851 4462 καί
883 4395 1017 4482 ήλεγξεν
1062 4400 1253 4463 verberavit
1272 4400 1480 4464 Pharaonem
1501 4400 1664 4478 gravibus
1684 4402 1812 4481 suppli-

268 4504 346 4589 ὑπὲρ
369 4504 471 4569 αὐτῶν
495 4503 653 4589 βασιλεῖς·
675 4505 776 4588 ήτασε
799 4512 876 4590 γοῦν
898 4503 916 4566 ό
938 4495 1018 4580 Θεός
1061 4503 1124 4568 ciis
1147 4509 1283 4586 propter
1299 4507 1416 4567 Soram
1431 4521 1571 4568 uxorem
1586 4503 1739 4568 Abrabae.
1765 4506 1810 4567 nt

267 4611 321 4674 τόν
336 4607 459 4692 Φαραὼ
482 4607 628 4692 ἔτασμοίς
651 4605 800 4692 μεγάλοις
823 4605 875 4671 διὰ
890 4606 1018 4692 Σάββαν
1062 4625 1145 4686 erga
1156 4608 1362 4686 Abimelecb,
1375 4608 1629 4686 stansinuocte,
1642 4609 1691 4672 ait
1706 4608 1810 4672 «Red-

267 4712 326 4796 τὴν
348 4720 404 4790 τοῦ
419 4708 577 4795 Ἀβραάμ.
601 4707 666 4774 Καί
688 4709 721 4774 ἐν
741 4709 784 4795 τῷ
801 4708 974 4795 Ἀθιμέλεγ
990 4709 1018 4774 ὲ·
1063 4713 1105 4776 de
1128 4707 1306 4776 mulierem
1322 4712 1437 4791 viro‚>›
1456 4714 1490 4773 et
1505 4710 1673 4774 subdidit:
1700 4711 1813 4792 «quia

267 4816 379 4893 πιστὰς
394 4817 504 4893 νυκτός
528 4815 633 4880 είπεν·
655 4811 792 4891 Ἀπόδος
806 4816 865 4900 τήν
880 4823 1018 4901 γυναῖκα
1062 4817 1225 4899 propheta
1247 4821 1308 4898 est,
1324 4821 1358 4880 ot
1373 4816 1483 4880 orabit
1505 4833 1566 4898 pro
1581 4821 1657 4880 te.»
1682 4817 1812 4892 Quibus

302 5036 352 5092 Pa.
373 5052 432 5108 ors,
450 5056 478 5095 v.
499 5039 542 5094 12.
556 5017 657 5095 ’βιαία
679 5038 722 5093 16.
745 5036 856 5094 Eadem
872 5038 1019 5110 legebant,
1063 5052 1226 5108 anonymus
1238 5036 1380 5110 (larderii,
1392 5037 1483 5096 etiam
1500 5037 1678 5110 Zigabenne.
1690 5037 1727 5094 οἰ.
1741 5037 1815 5096 Gen.

266 5121 333 5194 plus
346 5125 444 5182 minua
456 5123 602 5196 suffurati,
612 5123 796 5195 Heracleote,
809 5124 1019 5194 Theodorotua
1065 5141 1117 5182 xx.
1131 5123 1155 5178 ί.
1168 5140 1230 5196 sqq.
