3966 6108
855 452 1061 516 EUSEBIUS
1661 456 1721 517 471

177 586 298 676 ἐρήμου
306 587 448 671 ἐξελθὼν,
460 585 642 674 λυμαίνεται
653 589 711 674 τὴν
723 587 928 656 ἐκθλίθουσαν
973 589 1129 675 μέλλοντα
1151 589 1193 668 ῶς
1219 587 1482 678 ἐνεστῶταάύτῷ
1508 591 1721 678 ἐξελάμύανε·

178 690 342 777 σκοτείνης
356 690 529 778 Αἰγύπτου,
552 689 717 778 ἁμαρτίας,
735 692 927 779 μιταρθηναι
971 691 1125 770 πολλάκις
1147 693 1183 758 δέ
1197 694 1251 758 καί
1266 695 1307 758 τά
1328 693 1486 759 ἐνεστῶτα
1502 692 1544 772 ύις
1560 716 1723 782 παρεσχη-

177 795 323 875 ἐξέθνῶν
345 793 521 880 ἐκκλησίαν
546 799 623 880 πρὸς
646 798 704 882 τὴν
727 800 811 862 κατά
833 797 927 884 χάριν
971 797 1052 862 κύτα
1066 797 1257 883 ηγόρευσεν·
1279 797 1364 884 λέγει
1380 787 1435 863 καί
1457 808 1501 886 τῷ
1516 799 1555 864 ἐκ
1568 799 1661 877 θείας
1679 801 1722 866 δι-

179 899 391 984 δικαιοσύνην.
415 899 518 964 Τοῦτο
533 897 569 962 δὲ
591 901 646 964 καί
662 898 754 986 μέχρι
776 909 830 966 νῦν
853 900 929 983 ὁρῶ-
973 900 1149 980 δασκαλίας
1164 905 1218 967 καί
1230 903 1263 984 ἐξ
1274 903 1388 981 ύδατος
1399 906 1453 969 καί
1464 906 1640 991 πνεύματος
1652 927 1723 992 γεν-

182 1024 240 1090 μεν
255 1003 427 1090 γινόμενον.
442 1002 560 1070 Ἰστέον
571 1003 607 1068 δὲ
618 1006 663 1068 θτι
679 1004 696 1069 ὁ
711 1003 877 1090 προφήτης
888 1007 929 1070 τά
972 1005 1105 1092 νηθέντι.
1120 1009 1723 1079 Vot.14.AlludioidenturSarroceai.

733 1220 900 1299 Psalmus
926 1217 1172 1300 LXXXIII.

221 1467 254 1512 ν.
271 1449 302 1512 4.
317 1445 383 1513 Καὶ
396 1447 459 1532 γάρ
481 1442 642 1531 στρουθίον
657 1447 746 1531 εύρεν
766 1445 868 1533 ἐαυτῷ
883 1448 927 1514 ol·
1016 1467 1047 1512 τ.
1065 1451 1094 1514 5.
1112 1446 1271 1533 Μακάριοι
1286 1449 1314 1514 ol
1334 1458 1558 1528 κατοικοῦντες
1575 1448 1608 1514 ἐν
1623 1457 1668 1536 τῷ
1684 1450 1727 1514 oi·

58 1539 62 1546 ⁴
178 1549 261 1634 κίαν,
277 1552 332 1616 καί
346 1551 468 1636 τρυγὼν
482 1551 610 1616 νοσσιὰν
626 1548 755 1635 ἑαυτῇ...
971 1571 1018 1636 κῳ
1034 1573 1101 1634 σου,
1116 1554 1338 1640 τρισμακάριον
1352 1555 1387 1619 δὲ
1405 1555 1435 1620 oi
1451 1557 1494 1641 μὴ
1518 1556 1596 1641 πρὸς
1619 1553 1724 1642 βραχὺ

222 1653 296 1732 Πῶς
318 1655 374 1719 οῦν
393 1657 430 1719 οῦ
453 1651 572 1719 δίκαιον
596 1655 820 1738 (ῦπιννοκίιακ.
836 1655 925 1720 Pici.
971 1653 1178 1741 διατρίύοντες
1194 1658 1360 1741 (Laureae.
1386 1661 1484 1726 Vatia.
1497 1662 1528 1740 4,
1543 1661 1573 1740 6,
1590 1659 1631 1723 cf.
1648 1659 1723 1724 cdd.

179 1779 215 1840 x,
230 1761 262 1841 8,
277 1761 318 1826 cf.
337 1761 460 1825 Euseb.
478 1763 514 1824 in
529 1763 649 1842 psalm.
669 1762 731 1824 col.
750 1763 834 1825 1005
850 1762 925 1844 D)...
970 1761 1470 1847 οοΙ.10081))...ἐμμίνοντεςσοῐς
1478 1761 1577 1840 θείοις
1588 1761 1725 1826 θυσιασ-

177 1866 271 1929 παντί
285 1872 329 1948 τῷ
351 1862 544 1950 δυναμένα)...
560 1861 759 1949 περίύαλλιιν
782 1863 924 1950 παγίσι...
970 1863 1098 1950 τηρίοις,
1114 1865 1148 1944 ἐξ
1159 1868 1201 1932 ιὐν
1212 1865 1370 1932 ἀθανασία
1381 1869 1437 1932 καί
1448 1867 1515 1952 ζωὴ
1529 1865 1653 1944 αἰώνιος
1665 1887 1724 1930 πο-

178 1970 233 2032 καὶ
248 1968 386 2052 ὥσπερ...
402 1967 454 2032 διὰ
468 1969 504 2032 τὸ
516 1969 560 2054 μὴ
576 1969 693 2054 ἐχειν...
705 1969 755 2053 εἴη
768 1967 795 2032 δ’
803 1969 842 2033 άν
858 1989 927 2054 τρυ-
972 1964 1101 2052 ρίζεται.
1115 1964 1200 2054 Ὅρα
1214 1969 1249 2034 δὲ
1262 1971 1308 2034 ὅτι
1323 1969 1428 2035 πάντα
1442 1971 1483 2034 τά
1494 1972 1582 2054 παρὰ
1597 1968 1719 2056 Mallos]

177 2073 242 2156 γὼν
263 2070 285 2156 η
308 2074 393 2137 κατὰ
416 2074 474 2158 τὴν
496 2072 522 2137 ἐ.
540 2073 591 2152 ζ...
609 2073 708 2159 ψυχὴ,
723 2071 744 2158 ἡ
760 2073 859 2157 γοερά
872 2073 927 2137 καὶ
972 2070 1179 2158 περιέγραφεν
1202 2075 1331 2160 νόμιμα.
1349 2076 1393 2140 Ού
1410 2077 1504 2160 γάρ...
1529 2075 1601 2140 οὐδὲ
1617 2074 1723 2140 τάλλα

178 2175 364 2262 φιλησυχος,
379 2177 420 2260 ἧς
442 2178 562 2259 νοσσιά,
577 2175 679 2240 είτουν
701 2177 829 2261 ἔκγονα,
845 2173 877 2238 αί
893 2173 928 2239 ἀ·
971 2174 1076 2240 πάντα
1098 2174 1147 2262 ἐφ’
1158 2179 1203 2254 οίς
1223 2178 1240 2241 δ
1262 2179 1347 2243 κατὰ
1370 2178 1475 2263 σάρκα
1498 2178 1631 2265 Ἰσραὴλ
1653 2179 1717 2265 [ἐγ-

112 2295 115 2301 ·
179 2276 283 2363 ρεταί·
307 2287 509 2365 μαρτυρεῖται
523 2281 585 2366 γάρ
606 2289 669 2345 τῶν
693 2288 824 2344 τοιαῦτα
837 2297 927 2361 τετη·
971 2289 1142 2367 καυχῦτριι,
1157 2280 1242 2345 ἀλλὰ
1264 2280 1373 2360 άπλῶς
1387 2282 1508 2360 πάντας
1528 2285 1600 2360 τούς
1615 2304 1723 2348 κατοι-

178 2385 321 2468 ρηκότιυν
341 2393 435 2449 τοῦτο
457 2386 493 2448 τύ
519 2385 648 2469 ύρνεον,
672 2385 699 2450 εί
724 2381 924 2468 διαζευχθείη
969 2395 1104 2463 κοῦντας
1127 2390 1194 2454 Vat.
1220 2385 1252 2470 6]
1274 2385 1308 2452 ἐν
1330 2396 1375 2474 τῷ
1397 2387 1473 2473 οίκιμ
1494 2396 1551 2454 τοῦ
1568 2387 1662 2471 Θεοῦ,
1678 2397 1724 2475 τῷ

177 2498 235 2575 της
249 2489 396 2576 συζύγου,
413 2489 505 2577 μένον
520 2491 565 2568 είς
587 2492 622 2554 τύ
641 2488 756 2576 ἐφεξῆς
771 2488 925 2554 ἀσυνδύα-
969 2487 1144 2574 ἐπουρανίῳ
1158 2488 1314 2574 δηλονότι,
1331 2491 1364 2556 ἐν
1380 2492 1405 2578 ᾧ
1420 2493 1525 2557 ίστασι
1541 2495 1621 2578 μετὰ
1634 2492 1719 2560 Θεοῦ

177 2612 261 2674 στον,
274 2591 315 2670 ὡς
327 2603 464 2679 φυσικῶς
479 2593 513 2658 ἐν
528 2595 613 2681 αύτῷ
624 2591 853 2678 κατορθοῦσθαι
864 2594 925 2680 τὴν
968 2591 998 2656 oi
1012 2593 1142 2678 ἄγγελοι
1157 2595 1212 2658 καί
1227 2603 1284 2680 της
1299 2592 1494 2680 ἡμερότητος
1507 2597 1605 2661 αὐτοῦ
1619 2617 1718 2661 κατα·

177 2699 399 2783 σωφροσύνην·
422 2701 503 2784 αῦτη
519 2699 574 2763 ούν
596 2695 765 2783 ἡσιθφριυν
785 2697 873 2782 ψυχὴ
890 2696 925 2762 ἀ-
967 2696 1176 2783 γεραίρουσιν.
1188 2695 1311 2776 Αύτούς
1325 2700 1387 2784 γάρ
1404 2698 1600 2784 μακαρίζειδ
1614 2698 1720 2784 Δαυίδ,

176 2801 392 2889 ποκλαιομένη
415 2804 470 2867 καί
491 2801 657 2888 θρηνοῦσα
677 2803 737 2888 τὴν
759 2801 792 2866 ἐν
809 2799 925 2887 άνθρύ-
968 2800 1010 2880 ὡς
1027 2803 1070 2889 μη
1095 2801 1351 2888 διημαρτηκότας
1373 2813 1429 2868 τοῦ
1452 2804 1487 2868 τύ
1511 2804 1590 2868 εἶναι
1612 2823 1718 2868 κατοι·

176 2929 246 2986 ποις
268 2905 444 2990 κατοικίαν,
460 2909 532 2992 εύρε
554 2908 629 2991 (οοί.
647 2909 731 2972 1008
747 2908 820 2992 Α)...
836 2928 924 2971 νεοσ-
966 2912 1101 2984 κοῦντας
1116 2906 1150 2972 ἐν
1171 2915 1215 2992 τῷ
1231 2906 1307 2991 οίκιμ
1322 2914 1378 2971 τοῦ
1401 2905 1495 2991 Θεοῦ,
1511 2905 1669 2973 τουτέστιν
1688 2907 1722 2973 ἐν

176 3022 242 3090 σοῖς
259 3011 367 3099 μονήν.
383 3011 439 3077 Ἐν
455 3020 523 3088 ταῖς
535 3005 721 3095 ’ἐκκλησίαις
735 3013 797 3096 γάρ
813 3011 928 3096 ἔχουσι
975 3018 1043 3088 ταῖς
1058 3010 1122 3074 dvo
1139 3018 1248 3097 μοναϊς
1263 3013 1318 3076 καί
1333 3011 1453 3090 αύλαῐς.

175 3117 234 3202 τὴν
249 3116 372 3201 σκέπην
387 3115 577 3181 αἱτοιαῦται
592 3112 694 3200 ψυχαί
698 3166 704 3180 .

219 3240 251 3285 τ.
269 3225 299 3286 6.
315 3218 480 3305 Μακάριος
503 3219 583 3304 ἀνὴρ
599 3221 636 3284 ού
651 3218 736 3284 ἐστιν
760 3215 925 3302 ἀντίληψις
1016 3237 1045 3282 v.
1063 3223 1093 3284 6.
1109 3223 1232 3288 Beatos
1253 3225 1309 3288 οιί·
1330 3223 1424 3306 τιμίας
1438 3229 1488 3290 att
1508 3224 1673 3290 αυαίίίιικι
1687 3242 1721 3290 α

177 3325 273 3387 socco
289 3326 376 3408 παρὰ
391 3334 458 3389 σοῦ.
962 3323 1036 3404 pud
1051 3327 1091 3388 te.

220 3426 430 3513 Μακαρίζειύ
452 3425 547 3513 λύγος
568 3430 623 3494 τὸν
637 3435 695 3513 της
717 3425 856 3509 ἀληθοῦς
875 3424 924 3490 άεί
1012 3431 1155 3492 Beatum
1178 3431 1330 3509 psalmus
1351 3432 1450 3495 illum
1472 3432 1644 3514 praedicat,
1660 3433 1720 3512 qui

175 3529 365 3617 κηδεμονίας
380 3530 588 3616 τυγχάνοντα,
604 3531 659 3594 καί
674 3539 713 3615 τῇ
729 3527 804 3615 θείᾳ
819 3529 924 3616 χάριτι
968 3549 1084 3596 veram
1106 3534 1249 3595 tutelam
1273 3538 1393 3598 nactus
1414 3540 1474 3616 est,
1503 3535 1602 3614 cujus
1626 3551 1722 3597 mens

175 3639 229 3702 τὸν
243 3645 316 3702 νοῦν
331 3634 551 3721 φωτιζόμενον,
564 3635 618 3699 καί
634 3634 684 3699 aa
699 3637 771 3711 τούς
784 3631 921 3712 εῦσεύεῖς
969 3638 1161 3700 illustratur
1176 3637 1294 3700 divina
1309 3640 1432 3717 gratia,
1445 3641 1505 3719 qui
1522 3640 1558 3702 in
1574 3640 1646 3720 ipso
1659 3657 1720 3702 nu·

175 3741 209 3807 ἐν
236 3739 337 3826 ἐαυτῷ
358 3738 515 3825 τρέφοντα
537 3740 717 3825 λογισμούς,
740 3740 795 3803 καί
822 3739 856 3804 ἐν
879 3747 923 3824 τῷ
967 3742 1029 3804 trit
1047 3742 1219 3819 cogitatus
1242 3758 1375 3822 semper
1397 3742 1586 3822 religIosos
1604 3747 1638 3805 et
1661 3744 1721 3824 qui

174 3845 283 3931 θνητῷ
299 3843 354 3931 alp
370 3845 417 3928 (ὃς
431 3843 541 3920 κοιλὰς
563 3842 767 3928 κλαυθμῶνος
782 3842 922 3931 λέγεται,
968 3847 1004 3910 in
1027 3845 1090 3908 hoc
1112 3861 1184 3908 aevo
1207 3847 1342 3908 mortali
1366 3845 1468 3928 (valle
1491 3848 1721 3930 lacrymarum

175 3950 227 4015 διὰ
241 3954 278 4016 τὸ
292 3948 455 4034 κλαυθμοῦ
467 3948 545 4014 είναι
561 3947 634 4028 άξια
648 3950 689 4013 τά
703 3945 852 4032 ἐνταῦθα)
866 3949 925 4012 ούκ
967 3953 1095 4028 vocato,
1112 3949 1203 4030 quod
1219 3949 1275 4012 hic
1291 3951 1405 4012 omnis
1419 3953 1501 4013 sunt
1521 3952 1654 4029 gemitu
1670 3949 1719 4014 di·

175 4056 218 4132 είς
241 4053 366 4140 γέλωτα
393 4052 505 4118 ἑαυτὸν
534 4051 679 4118 ἐκδίδωσι
708 4053 762 4117 καί
792 4055 923 4139 τρυφὴν,
970 4051 1053 4135 gna)
1071 4071 1137 4115 non
1153 4071 1189 4116 se
1207 4054 1242 4116 in
1258 4054 1347 4116 risus
1364 4060 1397 4117 et
1412 4052 1553 4118 delicias
1566 4053 1720 4134 effundit,

176 4159 246 4224 ἀλλ’
258 4160 302 4236 είς
318 4156 479 4242 κλαυθμὸν
494 4159 547 4222 καί
570 4155 703 4242 δάκρυα,
719 4165 777 4243 της
790 4156 926 4223 ἐνταῦθα
970 4157 1029 4223 sed
1049 4159 1086 4221 in
1109 4159 1240 4222 luctum
1256 4162 1291 4221 et
1311 4158 1493 4240 ploratum,
1517 4157 1596 4222 inde
1619 4157 1719 4240 profi·

176 4261 366 4348 άπαλλαγης
396 4259 568 4347 ἐφιέμενος.
600 4261 687 4347 Φησὶ
716 4260 818 4327 τοίνυν
849 4263 927 4346 πρὸς
971 4264 1053 4328 oisci
1068 4263 1243 4327 anhelans.
1268 4263 1408 4326 Interim
1423 4263 1492 4326 Deo
1509 4263 1558 4325 ait
1576 4263 1720 4345 prophe-

176 4366 257 4434 Θεὸν
272 4368 289 4433 ὁ
304 4365 482 4453 προφήτης,
498 4368 546 4432 ύτι
557 4367 573 4432 ὁ
586 4368 622 4431 σέ
634 4364 850 4452 άντιληπτορα
860 4365 929 4431 ἐπι·
973 4373 1025 4432 ta:
1042 4369 1103 4450 qui
1121 4373 1155 4430 te
1174 4369 1210 4431 in
1228 4371 1451 4449 protectorem
1468 4367 1594 4446 signat,
1611 4367 1721 4447 quoti·

208 4575 259 4630 Ρε.
268 4589 399 4635 txxxlrr.
409 4592 438 4632 v.
447 4574 474 4642 4,
483 4576 509 4630 ύ.
517 4574 609 4646 AEgrs
618 4571 865 4646 qnidaminnuda
874 4589 925 4629 ra·
969 4577 1027 4642 tas,
1046 4571 1148 4644 quales
1167 4575 1312 4644 prostant,
1335 4570 1385 4642 qni
1407 4569 1535 4643 plurima
1557 4586 1596 4626 ex
1613 4569 1725 4625 nostris

173 4659 314 4718 rietatum
325 4661 437 4717 scholia
446 4660 626 4716 coercuimus
636 4665 685 4715 sat
696 4659 825 4732 amplum
836 4675 925 4731 appa·
969 4662 1255 4732 praeoccupaverant.
1268 4657 1316 4712 Ita
1328 4656 1514 4712 Theodoreto
1531 4655 1571 4711 ad
1584 4673 1611 4711 v.
1623 4656 1643 4710 4
1655 4654 1726 4712 data

172 4747 399 4804 ratnminhonc
407 4747 561 4820 psalmum,
568 4763 628 4802 non
634 4743 721 4801 modo
730 4749 881 4818 receptum
888 4761 926 4801 ax
970 4750 1040 4802 sunt
1057 4761 1123 4817 qua
1140 4743 1229 4801 vatic.
1249 4744 1275 4813 ί,
1295 4743 1329 4798 16
1346 4741 1475 4798 Eusebio
1491 4743 1651 4800 vindicant
1677 4741 1726 4797 Ita

173 4834 268 4890 Vatia.
281 4833 364 4890 codd
377 4833 469 4890 sadet
482 4832 926 4908 exoptimocodicaLaurantia·
969 4831 1008 4887 ad
1020 4851 1047 4889 v.
1058 4832 1076 4886 6
1088 4829 1239 4902 ogregiam
1250 4828 1419 4885 coronidem
1430 4828 1527 4884 Maius
1545 4828 1656 4903 Oyrillo
1675 4828 1727 4884 ad-

172 4939 219 4994 no,
227 4922 278 4995 qui
285 4923 435 4980 commoda
440 4924 504 4996 jam
511 4921 634 4994 Origani
640 4920 774 4992 augendo
781 4920 925 4978 inserviit.
966 4917 1114 4992 judicavit
1133 4921 1236 4972 contra
1252 4921 1386 4971 nostram
1398 4915 1637 4971 Laurentianum.
1655 4914 1725 4971 Edi·

173 5009 401 5067 Grmcetantum
410 5009 525 5082 dantur,
536 5008 781 5080 sednomajorcm
790 5007 822 5063 in
831 5008 927 5064 locam
969 5011 1003 5060 ta
1022 5004 1120 5059 omnia
1138 5002 1340 5077 expunximus,
1353 5020 1448 5077 pauca
1464 5020 1502 5059 cx
1518 5019 1579 5059 non
1593 5003 1724 5076 vulgatis

170 5097 365 5171 proferamus,
377 5097 496 5154 obstant
509 5096 590 5152 adita
606 5097 639 5151 in
650 5093 752 5152 moltis
772 5100 926 5151 consanta-
969 5089 1152 5160 retinuimus,
1166 5095 1198 5145 at
1207 5087 1347 5162 pauciora
1359 5088 1493 5145 dedimus
1505 5088 1661 5148 latinitati.

172 5202 242 5256 τιστις
256 5185 376 5242 obstant
395 5185 585 5255 Athanasius,
592 5182 741 5258 ,cyrillus
759 5181 925 5238 Theodora·
1006 5197 1034 5238 v.
1048 5179 1074 5233 6.
1084 5177 1166 5234 Idam
1179 5178 1318 5234 Lanrant
1331 5177 1409 5234 Plut.
1423 5195 1454 5248 x,
1465 5178 1491 5233 8.
