4020 6098
800 409 843 471 ln·
866 407 1051 470 PSALMOS
1632 414 1695 474 215

201 553 259 620 Διά
280 555 342 640 γὰρ
367 553 425 629 τὰς
447 556 525 637 πρὸς
548 548 686 635 πατέρας
713 547 904 634 ἒπαγγελίας
995 548 1042 612 Ob
1059 565 1098 610 ea
1114 564 1189 628 quae
1206 548 1359 630 patribus
1375 551 1547 632 pollicitus
1564 557 1625 633 est,
1638 556 1699 618 mi-

155 661 210 725 τὸν
225 659 314 724 ἔλεον
329 654 546 745 ἐχορήγησεν·
570 652 778 740 μεταμέλειαν
798 654 834 717 δέ
848 673 905 717 κα·
952 651 1169 715 sericonliam
1193 655 1358 731 erogavit.
1383 657 1621 719 Poenitentiam
1643 675 1702 720 au-

155 764 208 830 λεῐ
227 774 284 850 τῆς
304 760 447 840 παιδείας
470 763 528 848 τὴν
544 758 678 825 παῦλαν.
694 756 732 824 ‘O
747 758 809 843 γὰρ
825 756 905 835 Θεὸς
952 758 1022 818 iem
1054 760 1152 818 vocat
1181 755 1370 838 disciplinae
1403 757 1581 822 deiectum.
1612 762 1702 824 Deus

153 876 213 952 τῆς
235 865 443 953 μεταμελείας
465 866 522 930 οὐκ
546 865 614 949 ἔχει
636 866 672 928 τὸ
695 861 803 944 πάθος,
828 862 903 926 οὐδὲ
949 859 1041 921 enim
1072 876 1139 921 non
1169 861 1261 940 capit
1289 861 1497 942 poenitentiae
1528 861 1699 943 affectum,

155 968 547 1055 suspiciosissimus&
568 966 698 1043 ἐκείνοις
721 965 901 1050 ἀρέσκεται,
949 979 1059 1042 neque
1075 963 1173 1026 modo
1195 963 1277 1043 haec,
1294 965 1354 1028 illa
1376 966 1474 1029 modo
1497 967 1622 1048 placita
1642 967 1701 1030 ha-

156 1074 241 1139 ἀλλδι
254 1081 359 1158 σοφῶς
381 1075 508 1138 ἅπαντα
528 1071 736 1155 πρυτανεύων,
759 1071 822 1158 καθ
835 1092 906 1135 παι·
949 1066 1015 1146 bet,
1039 1067 1097 1130 sed
1120 1067 1289 1148 sapienter
1312 1070 1426 1132 omnia
1448 1069 1640 1151 providens,
1665 1076 1700 1134 et

156 1177 243 1256 δείοις
258 1177 370 1264 έπύιγει
384 1179 440 1242 καί
454 1174 686 1262 φιλανθρωπίαν
701 1172 814 1261 ὀρέγει.
949 1170 1191 1233 correctionem
1217 1171 1365 1252 adhibet,
1390 1177 1424 1235 et
1449 1173 1697 1253 benignitatem

382 1313 395 1340 ς
952 1272 1155 1354 impertitur.

201 1405 233 1451 ν.
246 1387 299 1449 47.
314 1383 379 1449 Καί
393 1383 623 1470 ἐπισυνάγαγεν
638 1381 722 1470 ἡμᾶς
734 1383 845 1448 έκτῶν
856 1381 905 1448 έθ·
994 1397 1025 1441 v.
1042 1380 1094 1443 47.
1111 1381 1157 1443 Et
1175 1396 1330 1463 contareno
1344 1397 1403 1446 nos
1424 1381 1461 1447 de
1480 1381 1639 1466 putitiu,
1665 1388 1704 1448 nt

158 1499 237 1556 νύν·
259 1499 316 1554 τοῦ
331 1487 623 1575 ἐξομολογήσασθαι
645 1498 689 1573 τῷ
704 1485 833 1573 ὀνόματί
849 1509 905 1552 σου
950 1483 1158 1565 confitentem·
1179 1483 1312 1548 nomini
1334 1488 1398 1564 ino,
1417 1490 1449 1550 et
1466 1487 1646 1568 perennem
1666 1487 1704 1552 in

157 1603 202 1680 τῷ
213 1593 304 1679 ἁγίῳ.
316 1602 372 1658 τοῦ
383 1591 602 1678 έγκαυχᾶοθαι
613 1591 647 1657 έν
659 1592 697 1676 τῇ
710 1590 826 1657 αἰνέσει
838 1613 905 1658 σου.
949 1585 1044 1650 lotide
1059 1589 1125 1650 tna.

201 1700 340 1776 Τούτους
362 1698 491 1782 συνάγει
512 1695 575 1761 ἀπὸ
591 1705 651 1762 τῶν
674 1695 802 1762 έθνῶνὸ
825 1695 905 1775 Θεὸς
994 1692 1062 1754 Hos
1085 1691 1174 1756 Deus
1197 1691 1238 1754 de
1261 1692 1423 1771 gentibus
1446 1694 1590 1773 colligit,
1613 1711 1699 1776 quos

156 1803 212 1881 οὓς
242 1800 409 1888 ἀφίστησιν
432 1802 495 1867 ἀπὸ
525 1800 640 1879 κακίας
663 1802 717 1865 καί
740 1799 905 1886 ἀγνωσίας.
951 1799 1085 1858 amovet
1100 1794 1143 1857 ab
1160 1796 1375 1876 improbitate
1392 1801 1425 1859 et
1437 1797 1479 1860 ab
1495 1799 1699 1876 ignorantia.
1796 1803 1798 1806 ’

156 1947 198 1956 -
214 1906 252 1972 Ὁ
268 1907 385 1992 Κύριος
398 1904 525 1992 ipati]
542 1903 658 1982 αίνεσίς
682 1906 776 1988 έστιν,
793 1906 823 1970 εί
836 1907 906 1990 γεὸ
953 1898 1174 1962 —Dominus
1201 1902 1316 1963 nostra
1338 1901 1414 1964 laus
1439 1905 1506 1964 est:
1533 1904 1598 1966 «si
1621 1903 1699 1984 quis
1793 1975 1798 1984 ¹

155 2011 371 2098 καυχώμενος,
387 2011 422 2076 έν
438 2008 545 2095 Κυρίῳ
559 2009 743 2095 καυχάσθω,
950 2003 1129 2081 gloriatin,
1147 2003 1181 2066 in
1198 2004 1341 2068 Domino
1357 2005 1533 2083 glorietur.
1547 2027 1564 2066 s

187 2251 215 2291 v.
228 2235 271 2305 47,
284 2233 351 2291 vat.
365 2233 390 2288 5.
405 2250 436 2289 rr.
450 2231 515 2288 Gor.
529 2251 558 2302 x,
572 2233 615 2287 17.
658 2197 659 2202 ¹

776 2434 945 2512 Psalmus
971 2433 1078 2512 0111.

196 2681 228 2727 ν.
245 2663 275 2728 3.
292 2661 357 2727 Καί
372 2661 411 2725 έκ
431 2670 493 2726 τῶν
515 2669 627 2746 χωρῶν
650 2659 829 2747 συνήγαγεν
849 2665 902 2727 αύ-
988 2683 1019 2726 ν.
1036 2666 1066 2728 3.
1082 2665 1128 2730 nt
1141 2665 1179 2731 de
1199 2666 1383 2749 ropionibus
1405 2667 1608 2750 conprepeoit
1630 2683 1691 2744 eos,

153 2767 226 2843 τούς
242 2765 304 2830 ἀπὸ
327 2764 489 2830 ἀνατολῶν
510 2767 566 2830 καί
588 2766 712 2853 δυσμῶν
727 2769 781 2830 καί
803 2764 902 2854 βορρᾶ
943 2767 982 2832 αθ
1011 2770 1140 2835 Otienie
1166 2774 1197 2835 et
1221 2773 1350 2851 Occasu,
1370 2776 1401 2836 et
1421 2771 1460 2837 ab
1484 2770 1644 2854 Aquilone
1665 2777 1696 2836 et

156 2870 212 2933 καί
225 2867 404 2955 θαλάσσης.
942 2874 1038 2936 mei.

198 2969 236 3039 ‘0
253 2975 310 3059 μὲν
325 2974 388 3038 ἀπὸ
404 2973 565 3040 ἀνατολῶν
584 2973 726 3056 ἐξελθὼν,
742 2977 833 3054 ούτος
848 2975 902 3040 πέ-
988 2977 1039 3040 Ab
1064 2978 1192 3042 Oriente
1215 2995 1374 3057 egressus
1397 2986 1449 3043 est
1470 2981 1533 3061 qui
1545 2980 1588 3043 ab
1603 2984 1692 3044 oestu

153 3098 272 3143 παυται
287 3087 343 3143 τοῦ
365 3078 523 3163 ἐπιθυμεῖν
541 3079 596 3143 καί
615 3078 802 3162 ὀργίζεσθαι,
819 3078 901 3144 ἀπα·
943 3083 1054 3144 carnis
1078 3087 1112 3144 et
1126 3083 1185 3146 irae
1207 3085 1349 3164 quievit,
1373 3083 1572 3165 cupidinum
1596 3083 1691 3146 liber.

151 3181 210 3267 θὴς
225 3181 372 3268 γεγονώς.
388 3181 426 3247 ‘0
449 3184 484 3248 δὲ
499 3183 562 3248 ἀπὸ
578 3183 703 3269 δυσμῶν
722 3182 896 3270 συναχθεὶς,
943 3185 994 3248 Ab
1012 3185 1174 3251 Oeeiiente
1185 3193 1300 3251 autem
1316 3194 1547 3267 congregatus
1559 3193 1621 3268 est,
1633 3189 1693 3269 qui

151 3287 306 3374 ἀπέχεται
321 3286 463 3373 μοιχείας
482 3289 536 3352 καί
559 3287 655 3372 φόνου
675 3291 730 3353 καί
745 3299 805 3353 τῶν
828 3288 901 3353 κατ’
945 3290 1093 3353 abstinet
1115 3309 1151 3354 se
1174 3310 1194 3354 a
1217 3292 1369 3356 moechia
1388 3297 1422 3355 et
1443 3292 1635 3370 homicidio
1660 3295 1694 3354 et

151 3390 312 3477 ένέργειαν
341 3391 419 3469 τέως
450 3393 618 3478 ἁμαρτιῶν.
645 3393 685 3457 El
711 3390 746 3457 δέ
773 3413 818 3470 τις
845 3403 900 3458 τοῦ
947 3395 1221 3476 'quibuscumque
1252 3399 1466 3476 peccatorum
1497 3395 1638 3458 actibus.
1658 3396 1693 3459 Si

150 3493 250 3581 βορρᾶ
268 3498 323 3561 καί
345 3505 403 3581 τῆς
424 3495 595 3580 θαλάσσης
612 3495 825 3580 ἀπήλλακται,
850 3499 900 3560 ού-
942 3501 1020 3581 quis
1035 3516 1115 3562 vero
1131 3505 1281 3563 remotus
1293 3503 1344 3562 est
1358 3497 1396 3562 eb
1408 3497 1567 3578 Aquilone
1581 3503 1614 3562 et
1626 3515 1692 3562 mn
1760 3543 1764 3552 -

150 3620 204 3676 τος
220 3599 252 3665 έν
268 3598 401 3684 ἀληθέσι
416 3599 568 3685 δόγμασιν
583 3601 636 3684 ὢν,
654 3599 759 3665 ούκέτι
773 3599 899 3686 περιρέ-
943 3604 986 3684 ri,
1007 3604 1065 3666 ille
1088 3607 1181 3666 stans
1205 3604 1241 3666 in
1260 3603 1350 3666 veris
1373 3602 1601 3692 dogmatibuS,
1621 3601 1693 3682 jam

150 3723 238 3787 ρεται
252 3706 344 3769 παντί
368 3703 472 3789 ἀνέμῳ
496 3703 710 3787 διδασκαλίας,
735 3705 807 3770 οὐδὲ
829 3707 900 3790 περί
945 3727 1013 3772 non
1036 3707 1275 3772 circumfertur
1290 3709 1382 3771 omni
1405 3713 1506 3770 vento
1522 3708 1694 3786 doctrinae,

149 3809 209 3894 τὴν
224 3808 325 3874 πίστιν
345 3817 485 3893 ναυαγεῖ,
510 3806 696 3891 κυύέρνιγσιν
710 3807 802 3874 θείαν
824 3828 901 3893 κτη-
944 3831 1054 3894 neque
1077 3813 1167 3876 circa
1188 3811 1289 3875 fldem
1316 3809 1553 3890 naufragatur,
1570 3816 1608 3873 ut
1631 3813 1690 3890 qui

149 3913 285 4000 σάμενος
301 3913 353 3979 διὰ
366 3923 424 4000 τῆς
439 3913 568 3999 χάριτος
583 3921 639 3976 τού
655 3911 804 3998 Χριστοῦ.
944 3919 1167 4001 pergratiam
1183 3918 1308 3982 Christi
1324 3917 1479 3980 divinum
1494 3916 1635 3997 adeptus
1650 3917 1695 3978 sit

944 4026 1227 4105 gubernaculum.

193 4141 226 4186 ν.
243 4123 273 4187 4.
287 4120 535 4208 Ἐττλανήθησαν
546 4122 580 4188 ἐν
592 4129 635 4207 τῷ
647 4121 750 4209 ἐρέμῳ
763 4121 896 4208 ἀνύδρῳ,
987 4147 1019 4192 ν.
1034 4130 1065 4191 4.
1080 4113 1337 4192 Ετταοσιιιιιίίκ
1355 4125 1488 4205 deserto,
1512 4126 1601 4191 cion
1616 4126 1694 4190 cici-

149 4225 221 4292 ὁδὸν
236 4225 357 4305 πόλεως
372 4227 617 4312 κατοικητηρίου
633 4230 694 4314 οὐχ
708 4230 808 4313 εύρον.
945 4235 1025 4300 totis
1040 4231 1219 4297 habitaculi
1233 4248 1297 4294 non
1310 4231 1512 4295 invenerunt.

194 4327 241 4394 Ob
262 4332 325 4415 γὰρ
345 4331 384 4414 ἠν
408 4330 442 4395 έν
466 4332 571 4409 αύτοῖς
593 4332 738 4397 πολιτεία
759 4334 897 4419 χρηστὴ,
988 4337 1088 4402 Haud
1101 4337 1192 4399 enim
1208 4339 1281 4397 erat
1296 4335 1364 4397 illis
1388 4334 1529 4397 honesta
1544 4335 1624 4398 vitae
1640 4351 1692 4396 ra-

150 4432 317 4518 ἀλλ’ἠσαν
332 4434 365 4500 ἐν
381 4434 485 4520 πλάνῃ
502 4436 616 4520 πολλῆ.
943 4443 1000 4521 tio,
1016 4441 1074 4505 sed
1090 4455 1201 4503 errore
1217 4440 1324 4502 multo
1340 4439 1512 4503 fallebant.

194 4557 226 4601 v.
240 4540 270 4602 5.
283 4537 454 4616 Ιίεινῶντες
465 4542 519 4604 καί
531 4539 726 4624 bibentem
743 4541 831 4627 ψυχὴ
845 4541 898 4604 eb
988 4564 1020 4608 v.
1036 4546 1066 4608 5.
1082 4543 1273 4609 uenientes
1292 4546 1325 4606 et
1344 4543 1492 4607 sitientes
1513 4542 1625 4607 enimn
1647 4559 1694 4607 eo·

150 4651 213 4709 τῶν
227 4643 261 4708 ἐν
277 4645 382 4720 αὐτοῖς
396 4641 547 4722 ἐξέλιπεν.
943 4667 1018 4714 enm
1031 4650 1069 4713 in
1083 4649 1167 4731 ipsis
1181 4646 1307 4730 defecit.

185 4848 228 4904 Pa
242 4865 301 4920 err,
313 4867 342 4905 ν.
354 4849 379 4905 3.
393 4850 461 4907 Vat.
474 4852 500 4907 5.
513 4850 558 4908 Do
570 4851 707 4909 vaticano
719 4852 744 4908 B
754 4852 899 4910 silendum
979 4872 1007 4909 ν.
1020 4855 1046 4924 4,
1057 4855 1124 4912 Vct.
1138 4853 1164 4909 5.
1183 4850 1361 4908 Scholiolum
1378 4851 1490 4923 recepit
1506 4849 1645 4921 vulgatus
1657 4850 1696 4905 A·

149 4953 242 5008 usque
254 4935 293 4992 ad
308 4954 352 5010 ps.
372 4953 499 5008 cxxxvr,
518 4938 555 4994 ob
573 4937 723 5010 ingentem
740 4946 771 4997 et
788 4941 899 4997 luctus·
945 4938 1106 4996 themius.

149 5041 213 5080 sam
225 5022 335 5079 codicis
352 5024 495 5080 lwunam.
513 5024 626 5097 Legore
638 5024 747 5098 eliquia
762 5025 901 5083 maluerit
980 5043 1007 5082 ν.
1021 5025 1047 5080 5.
1060 5025 1127 5080 Vat.
1147 5026 1172 5081 5.
1194 5024 1243 5082 Pe.
1264 5037 1327 5092 0111,
1349 5023 1390 5092 15,
1403 5038 1469 5079 cum
1489 5022 1510 5080 J
1511 5040 1574 5080 oan.
1594 5038 1634 5093 rr,
1655 5023 1695 5078 13.

149 5113 279 5180 sumpts
291 5116 338 5166 καί
349 5113 494 5180 ὀρέγεσθαι.
508 5111 582 5185 Eph.
597 5127 637 5182 ιν,
650 5112 692 5168 ot
707 5114 721 5167 1
735 5113 897 5182 lim.1,19.
946 5111 1122 5170 conferatur.
