<?xml version="1.0" encoding="UTF-8"?>
<!DOCTYPE html PUBLIC "-//W3C//DTD XHTML 1.0 Transitional//EN"
    "http://www.w3.org/TR/xhtml1/DTD/xhtml1-transitional.dtd">
<html xmlns="http://www.w3.org/1999/xhtml" xml:lang="en" lang="en">
 <head>
  <title>
</title>
<meta http-equiv="Content-Type" content="text/html;charset=utf-8" />
  <meta name='ocr-system' content='tesseract 3.04.00' />
  <meta name='ocr-capabilities' content='ocr_page ocr_carea ocr_par ocr_line ocrx_word'/>
</head>
<body>
  <div class='ocr_page' id='page_1' title='image "./analectasacrasp00pitrgoog_0418.png"; bbox 0 0 4044 6104; ppageno 0'>
   <div class='ocr_carea' id='block_1_1' title="bbox 877 475 1753 544">
    <p class='ocr_par' dir='ltr' id='par_1_1' title="bbox 877 475 1753 544">
     <span class='ocr_line' id='line_1_1' title="bbox 877 475 1753 544; baseline 0.005 -6"><span class='ocrx_word' id='word_1_1' title='bbox 877 475 1086 540; x_wconf 80' lang='lat' dir='ltr'>EUSEBIUS</span> <span class='ocrx_word' id='word_1_2' title='bbox 1688 479 1753 544; x_wconf 80' lang='lat'><strong>407</strong></span> 
     </span>
    </p>
   </div>
   <div class='ocr_carea' id='block_1_2' title="bbox 202 609 1817 2776">
    <p class='ocr_par' dir='ltr' id='par_1_2' title="bbox 202 609 1817 2776">
     <span class='ocr_line' id='line_1_2' title="bbox 210 609 1817 703; baseline 0.009 -29"><span class='ocrx_word' id='word_1_3' title='bbox 210 609 460 698; x_wconf 75' lang='grc' dir='ltr'>ἐπιτηδεύμασιν,</span> <span class='ocrx_word' id='word_1_4' title='bbox 475 613 535 678; x_wconf 78' lang='grc' dir='ltr'>οὐκ</span> <span class='ocrx_word' id='word_1_5' title='bbox 549 614 613 678; x_wconf 82' lang='grc' dir='ltr'>ἐστι</span> <span class='ocrx_word' id='word_1_6' title='bbox 629 621 726 679; x_wconf 79' lang='grc' dir='ltr'>ποιῶν</span> <span class='ocrx_word' id='word_1_7' title='bbox 740 613 954 700; x_wconf 72' lang='grc' dir='ltr'><strong>χρηστότητα,</strong></span> <span class='ocrx_word' id='word_1_8' title='bbox 988 616 1081 699; x_wconf 80' lang='lat' dir='ltr'><strong>facti</strong></span> <span class='ocrx_word' id='word_1_9' title='bbox 1095 621 1183 682; x_wconf 77' lang='lat' dir='ltr'><strong>root.</strong></span> <span class='ocrx_word' id='word_1_10' title='bbox 1203 618 1275 685; x_wconf 81' lang='lat' dir='ltr'><strong>Nou</strong></span> <span class='ocrx_word' id='word_1_11' title='bbox 1292 622 1341 682; x_wconf 78' lang='lat' dir='ltr'><strong>est</strong></span> <span class='ocrx_word' id='word_1_12' title='bbox 1354 620 1532 703; x_wconf 74' lang='lat' dir='ltr'><strong>quisaeiat</strong></span> <span class='ocrx_word' id='word_1_13' title='bbox 1545 622 1669 703; x_wconf 79' lang='lat' dir='ltr'><strong>bonam,</strong></span> <span class='ocrx_word' id='word_1_14' title='bbox 1687 641 1750 688; x_wconf 87' lang='grc' dir='ltr'>ιιοιι</span> <span class='ocrx_word' id='word_1_15' title='bbox 1813 615 1817 628; x_wconf 86' lang='grc'><strong>“</strong></span> 
     </span>
     <span class='ocr_line' id='line_1_3' title="bbox 210 713 1712 810; baseline 0.009 -34"><span class='ocrx_word' id='word_1_16' title='bbox 210 713 269 777; x_wconf 82' lang='grc' dir='ltr'>οὐκ</span> <span class='ocrx_word' id='word_1_17' title='bbox 283 713 367 778; x_wconf 91' lang='grc' dir='ltr'>ἐστιν</span> <span class='ocrx_word' id='word_1_18' title='bbox 382 715 441 792; x_wconf 84' lang='grc' dir='ltr'><strong>ἐυς</strong></span> <span class='ocrx_word' id='word_1_19' title='bbox 457 713 535 794; x_wconf 83' lang='grc' dir='ltr'>ἐνῦς.</span> <span class='ocrx_word' id='word_1_20' title='bbox 561 719 658 784; x_wconf 83' lang='lat' dir='ltr'><strong>Vatia.</strong></span> <span class='ocrx_word' id='word_1_21' title='bbox 675 719 749 798; x_wconf 82' lang='grc'>629,</span> <span class='ocrx_word' id='word_1_22' title='bbox 764 719 795 782; x_wconf 83' lang='grc'><strong>2.</strong></span> <span class='ocrx_word' id='word_1_23' title='bbox 999 720 1342 801; x_wconf 73' lang='grc' dir='ltr'>εοεαερνεοιίινιιινιι.</span> <span class='ocrx_word' id='word_1_24' title='bbox 1705 789 1712 810; x_wconf 63' lang='grc'>,</span> 
     </span>
     <span class='ocr_line' id='line_1_4' title="bbox 254 814 1748 906; baseline 0.01 -26"><span class='ocrx_word' id='word_1_25' title='bbox 254 814 294 880; x_wconf 80' lang='lat' dir='ltr'><strong>ot</strong></span> <span class='ocrx_word' id='word_1_26' title='bbox 309 817 366 902; x_wconf 89' lang='grc' dir='ltr'><strong>μέν</strong></span> <span class='ocrx_word' id='word_1_27' title='bbox 381 816 484 903; x_wconf 85' lang='grc' dir='ltr'>πάντη</span> <span class='ocrx_word' id='word_1_28' title='bbox 500 821 536 883; x_wconf 82' lang='grc' dir='ltr'><strong>τὸ</strong></span> <span class='ocrx_word' id='word_1_29' title='bbox 549 819 640 885; x_wconf 69' lang='lat' dir='ltr'><strong>tetes</strong></span> <span class='ocrx_word' id='word_1_30' title='bbox 655 817 875 906; x_wconf 78' lang='grc' dir='ltr'>ἀρνησάμενοι,</span> <span class='ocrx_word' id='word_1_31' title='bbox 897 821 952 886; x_wconf 85' lang='grc' dir='ltr'>καί</span> <span class='ocrx_word' id='word_1_32' title='bbox 1044 827 1128 888; x_wconf 82' lang='lat' dir='ltr'><strong>Cum</strong></span> <span class='ocrx_word' id='word_1_33' title='bbox 1144 827 1203 890; x_wconf 91' lang='lat' dir='ltr'><strong>alii</strong></span> <span class='ocrx_word' id='word_1_34' title='bbox 1217 828 1355 890; x_wconf 92' lang='lat' dir='ltr'><strong>omnino</strong></span> <span class='ocrx_word' id='word_1_35' title='bbox 1366 827 1521 894; x_wconf 88' lang='lat' dir='ltr'><strong>divinum</strong></span> <span class='ocrx_word' id='word_1_36' title='bbox 1536 849 1662 897; x_wconf 90' lang='lat' dir='ltr'><strong>numen</strong></span> <span class='ocrx_word' id='word_1_37' title='bbox 1675 850 1748 896; x_wconf 88' lang='lat' dir='ltr'><strong>esse</strong></span> 
     </span>
     <span class='ocr_line' id='line_1_5' title="bbox 209 921 1748 1014; baseline 0.011 -29"><span class='ocrx_word' id='word_1_38' title='bbox 209 921 355 1008; x_wconf 76' lang='grc' dir='ltr'>μηδέτην</span> <span class='ocrx_word' id='word_1_39' title='bbox 366 921 470 1008; x_wconf 77' lang='grc' dir='ltr'>ἀρχὴν</span> <span class='ocrx_word' id='word_1_40' title='bbox 481 922 649 991; x_wconf 83' lang='grc' dir='ltr'>εἰναιΘεὸν</span> <span class='ocrx_word' id='word_1_41' title='bbox 664 923 910 1010; x_wconf 67' lang='grc' dir='ltr'>ἀποφηνάμενοι,</span> <span class='ocrx_word' id='word_1_42' title='bbox 922 924 954 990; x_wconf 84' lang='lat' dir='ltr'><strong>b-</strong></span> <span class='ocrx_word' id='word_1_43' title='bbox 999 935 1181 1010; x_wconf 89' lang='lat' dir='ltr'><strong>negarunt,</strong></span> <span class='ocrx_word' id='word_1_44' title='bbox 1198 931 1310 1012; x_wconf 86' lang='lat' dir='ltr'><strong>palam</strong></span> <span class='ocrx_word' id='word_1_45' title='bbox 1325 933 1466 1014; x_wconf 77' lang='lat' dir='ltr'>professi</span> <span class='ocrx_word' id='word_1_46' title='bbox 1482 952 1544 998; x_wconf 85' lang='lat' dir='ltr'><strong>nec</strong></span> <span class='ocrx_word' id='word_1_47' title='bbox 1557 937 1665 1000; x_wconf 90' lang='lat' dir='ltr'><strong>Deum</strong></span> <span class='ocrx_word' id='word_1_48' title='bbox 1676 953 1748 1002; x_wconf 89' lang='lat' dir='ltr'><strong>esse</strong></span> 
     </span>
     <span class='ocr_line' id='line_1_6' title="bbox 210 1024 1747 1118; baseline 0.01 -29"><span class='ocrx_word' id='word_1_49' title='bbox 210 1024 343 1091; x_wconf 81' lang='grc' dir='ltr'>πόκενον</span> <span class='ocrx_word' id='word_1_50' title='bbox 353 1025 389 1090; x_wconf 78' lang='lat' dir='ltr'><strong>a</strong></span> <span class='ocrx_word' id='word_1_51' title='bbox 399 1026 478 1092; x_wconf 83' lang='grc' dir='ltr'>εἶναι</span> <span class='ocrx_word' id='word_1_52' title='bbox 491 1029 629 1113; x_wconf 81' lang='grc' dir='ltr'>τοῦνομα</span> <span class='ocrx_word' id='word_1_53' title='bbox 639 1029 694 1092; x_wconf 82' lang='grc' dir='ltr'>καί</span> <span class='ocrx_word' id='word_1_54' title='bbox 705 1028 790 1093; x_wconf 87' lang='grc' dir='ltr'>κατά</span> <span class='ocrx_word' id='word_1_55' title='bbox 801 1028 954 1114; x_wconf 78' lang='grc' dir='ltr'>μηδεμιᾶς</span> <span class='ocrx_word' id='word_1_56' title='bbox 998 1033 1217 1118; x_wconf 80' lang='lat' dir='ltr'><strong>principium,</strong></span> <span class='ocrx_word' id='word_1_57' title='bbox 1243 1052 1305 1099; x_wconf 85' lang='lat' dir='ltr'><strong>neo</strong></span> <span class='ocrx_word' id='word_1_58' title='bbox 1332 1036 1398 1100; x_wconf 92' lang='lat' dir='ltr'><strong>uisi</strong></span> <span class='ocrx_word' id='word_1_59' title='bbox 1418 1054 1563 1102; x_wconf 88' lang='lat' dir='ltr'><strong>vaenum</strong></span> <span class='ocrx_word' id='word_1_60' title='bbox 1590 1057 1663 1104; x_wconf 89' lang='lat' dir='ltr'><strong>esse</strong></span> <span class='ocrx_word' id='word_1_61' title='bbox 1689 1057 1747 1104; x_wconf 89' lang='lat' dir='ltr'><strong>no·</strong></span> 
     </span>
     <span class='ocr_line' id='line_1_7' title="bbox 208 1127 1752 1225; baseline 0.008 -31"><span class='ocrx_word' id='word_1_62' title='bbox 208 1127 314 1207; x_wconf 80' lang='grc' dir='ltr'>οῦοίας</span> <span class='ocrx_word' id='word_1_63' title='bbox 329 1127 536 1216; x_wconf 70' lang='grc' dir='ltr'>ὑποκειμένης</span> <span class='ocrx_word' id='word_1_64' title='bbox 552 1127 760 1216; x_wconf 87' lang='grc' dir='ltr'>τεταγμίνον·</span> <span class='ocrx_word' id='word_1_65' title='bbox 782 1129 811 1195; x_wconf 84' lang='grc' dir='ltr'>οἱ</span> <span class='ocrx_word' id='word_1_66' title='bbox 830 1130 865 1196; x_wconf 87' lang='grc' dir='ltr'>δέ</span> <span class='ocrx_word' id='word_1_67' title='bbox 881 1132 954 1205; x_wconf 83' lang='grc' dir='ltr'>τοὺς</span> <span class='ocrx_word' id='word_1_68' title='bbox 998 1153 1087 1217; x_wconf 89' lang='lat' dir='ltr'><strong>men,</strong></span> <span class='ocrx_word' id='word_1_69' title='bbox 1122 1138 1208 1200; x_wconf 89' lang='lat' dir='ltr'><strong>nulli</strong></span> <span class='ocrx_word' id='word_1_70' title='bbox 1239 1139 1426 1219; x_wconf 87' lang='lat' dir='ltr'><strong>aptandum</strong></span> <span class='ocrx_word' id='word_1_71' title='bbox 1452 1142 1649 1206; x_wconf 74' lang='lat' dir='ltr'><strong>substantie</strong></span> <span class='ocrx_word' id='word_1_72' title='bbox 1676 1161 1752 1225; x_wconf 78' lang='lat' dir='ltr'><strong>qua</strong></span> 
     </span>
     <span class='ocr_line' id='line_1_8' title="bbox 208 1231 1745 1320; baseline 0.008 -24"><span class='ocrx_word' id='word_1_73' title='bbox 208 1231 952 1320; x_wconf 74' lang='grc' dir='ltr'>μὴδνταςιὶιςδνταςδεοὺςάναγορειίοαντες,κοί</span> <span class='ocrx_word' id='word_1_74' title='bbox 997 1237 1190 1320; x_wconf 73' lang='lat' dir='ltr'><strong>subjaceat,</strong></span> <span class='ocrx_word' id='word_1_75' title='bbox 1203 1241 1262 1303; x_wconf 90' lang='lat' dir='ltr'><strong>alii</strong></span> <span class='ocrx_word' id='word_1_76' title='bbox 1277 1255 1357 1304; x_wconf 81' lang='lat' dir='ltr'><strong>vero</strong></span> <span class='ocrx_word' id='word_1_77' title='bbox 1381 1243 1431 1305; x_wconf 92' lang='lat' dir='ltr'><strong>uti</strong></span> <span class='ocrx_word' id='word_1_78' title='bbox 1452 1243 1532 1310; x_wconf 89' lang='lat' dir='ltr'><strong>deos</strong></span> <span class='ocrx_word' id='word_1_79' title='bbox 1551 1245 1745 1309; x_wconf 80' lang='lat' dir='ltr'><strong>salutarunt</strong></span> 
     </span>
     <span class='ocr_line' id='line_1_9' title="bbox 207 1333 1745 1430; baseline 0.008 -30"><span class='ocrx_word' id='word_1_80' title='bbox 207 1337 262 1401; x_wconf 85' lang='grc' dir='ltr'><strong>τὸν</strong></span> <span class='ocrx_word' id='word_1_81' title='bbox 284 1335 378 1422; x_wconf 82' lang='grc' dir='ltr'>μόνον</span> <span class='ocrx_word' id='word_1_82' title='bbox 399 1336 477 1402; x_wconf 87' lang='grc' dir='ltr'>δντα</span> <span class='ocrx_word' id='word_1_83' title='bbox 496 1333 736 1422; x_wconf 81' lang='grc' dir='ltr'>παρωσάμενοι·</span> <span class='ocrx_word' id='word_1_84' title='bbox 762 1334 791 1400; x_wconf 93' lang='grc' dir='ltr'>οί</span> <span class='ocrx_word' id='word_1_85' title='bbox 812 1336 848 1402; x_wconf 87' lang='grc' dir='ltr'>δέ</span> <span class='ocrx_word' id='word_1_86' title='bbox 873 1334 953 1401; x_wconf 91' lang='grc' dir='ltr'>είναι</span> <span class='ocrx_word' id='word_1_87' title='bbox 996 1358 1053 1407; x_wconf 90' lang='lat' dir='ltr'><strong>eos</strong></span> <span class='ocrx_word' id='word_1_88' title='bbox 1076 1343 1220 1423; x_wconf 89' lang='lat' dir='ltr'><strong>quinon</strong></span> <span class='ocrx_word' id='word_1_89' title='bbox 1238 1345 1399 1424; x_wconf 83' lang='lat' dir='ltr'><strong>existunt,</strong></span> <span class='ocrx_word' id='word_1_90' title='bbox 1423 1364 1501 1410; x_wconf 90' lang='lat' dir='ltr'><strong>eum</strong></span> <span class='ocrx_word' id='word_1_91' title='bbox 1528 1349 1745 1430; x_wconf 86' lang='lat' dir='ltr'><strong>repudiantes</strong></span> 
     </span>
     <span class='ocr_line' id='line_1_10' title="bbox 208 1438 1742 1528; baseline 0.007 -23"><span class='ocrx_word' id='word_1_92' title='bbox 208 1440 265 1524; x_wconf 70' lang='grc' dir='ltr'><strong>μὲν</strong></span> <span class='ocrx_word' id='word_1_93' title='bbox 286 1449 330 1525; x_wconf 78' lang='grc' dir='ltr'><strong>τῷ</strong></span> <span class='ocrx_word' id='word_1_94' title='bbox 352 1438 436 1525; x_wconf 82' lang='grc' dir='ltr'>λόγῳ</span> <span class='ocrx_word' id='word_1_95' title='bbox 457 1439 720 1526; x_wconf 79' lang='grc' dir='ltr'>ὑποστησάμενοι,</span> <span class='ocrx_word' id='word_1_96' title='bbox 744 1441 788 1526; x_wconf 79' lang='grc' dir='ltr'><strong>μὴ</strong></span> <span class='ocrx_word' id='word_1_97' title='bbox 812 1440 875 1525; x_wconf 75' lang='grc' dir='ltr'><strong>μὴν</strong></span> <span class='ocrx_word' id='word_1_98' title='bbox 896 1439 951 1502; x_wconf 82' lang='grc' dir='ltr'>καὶ</span> <span class='ocrx_word' id='word_1_99' title='bbox 995 1448 1056 1527; x_wconf 91' lang='lat' dir='ltr'><strong>qui</strong></span> <span class='ocrx_word' id='word_1_100' title='bbox 1074 1446 1166 1511; x_wconf 82' lang='lat' dir='ltr'><strong>solu‘s</strong></span> <span class='ocrx_word' id='word_1_101' title='bbox 1179 1449 1268 1511; x_wconf 87' lang='lat' dir='ltr'><strong>Deus</strong></span> <span class='ocrx_word' id='word_1_102' title='bbox 1284 1453 1350 1528; x_wconf 82' lang='lat' dir='ltr'><strong>est3</strong></span> <span class='ocrx_word' id='word_1_103' title='bbox 1368 1450 1554 1514; x_wconf 82' lang='lat' dir='ltr'><strong>aliiautem</strong></span> <span class='ocrx_word' id='word_1_104' title='bbox 1570 1468 1626 1514; x_wconf 88' lang='lat' dir='ltr'><strong>ore</strong></span> <span class='ocrx_word' id='word_1_105' title='bbox 1642 1455 1742 1515; x_wconf 90' lang='lat' dir='ltr'><strong>tenus</strong></span> 
     </span>
     <span class='ocr_line' id='line_1_11' title="bbox 207 1543 1743 1633; baseline 0.004 -21"><span class='ocrx_word' id='word_1_106' title='bbox 207 1553 352 1630; x_wconf 80' lang='grc' dir='ltr'>προνοεῖν</span> <span class='ocrx_word' id='word_1_107' title='bbox 372 1554 434 1610; x_wconf 82' lang='grc' dir='ltr'><strong>τῶν</strong></span> <span class='ocrx_word' id='word_1_108' title='bbox 450 1545 501 1611; x_wconf 81' lang='grc' dir='ltr'>ἐπί</span> <span class='ocrx_word' id='word_1_109' title='bbox 522 1553 592 1631; x_wconf 76' lang='grc' dir='ltr'>γῆς,</span> <span class='ocrx_word' id='word_1_110' title='bbox 610 1544 690 1632; x_wconf 86' lang='grc' dir='ltr'><strong>μηδέ</strong></span> <span class='ocrx_word' id='word_1_111' title='bbox 708 1545 826 1630; x_wconf 77' lang='grc' dir='ltr'>ἐφορᾶν</span> <span class='ocrx_word' id='word_1_112' title='bbox 840 1545 881 1608; x_wconf 81' lang='grc' dir='ltr'><strong>τά</strong></span> <span class='ocrx_word' id='word_1_113' title='bbox 899 1543 953 1609; x_wconf 86' lang='grc' dir='ltr'><strong>άν-</strong></span> <span class='ocrx_word' id='word_1_114' title='bbox 994 1567 1211 1632; x_wconf 89' lang='lat' dir='ltr'><strong>supposuere,</strong></span> <span class='ocrx_word' id='word_1_115' title='bbox 1227 1552 1334 1615; x_wconf 90' lang='lat' dir='ltr'><strong>Deum</strong></span> <span class='ocrx_word' id='word_1_116' title='bbox 1345 1551 1481 1632; x_wconf 91' lang='lat' dir='ltr'><strong>quidem</strong></span> <span class='ocrx_word' id='word_1_117' title='bbox 1498 1571 1580 1633; x_wconf 85' lang='lat' dir='ltr'><strong>esse,</strong></span> <span class='ocrx_word' id='word_1_118' title='bbox 1593 1554 1651 1618; x_wconf 90' lang='lat' dir='ltr'><strong>sed</strong></span> <span class='ocrx_word' id='word_1_119' title='bbox 1666 1571 1743 1618; x_wconf 82' lang='lat' dir='ltr'><strong>oon-</strong></span> 
     </span>
     <span class='ocr_line' id='line_1_12' title="bbox 207 1645 1745 1741; baseline 0.007 -29"><span class='ocrx_word' id='word_1_120' title='bbox 207 1647 347 1733; x_wconf 84' lang='grc' dir='ltr'>θρίιπινο</span> <span class='ocrx_word' id='word_1_121' title='bbox 370 1645 655 1734; x_wconf 75' lang='grc' dir='ltr'>παραδεδεγμένοι·</span> <span class='ocrx_word' id='word_1_122' title='bbox 688 1647 808 1733; x_wconf 83' lang='grc' dir='ltr'>άθρδυς</span> <span class='ocrx_word' id='word_1_123' title='bbox 829 1647 864 1712; x_wconf 89' lang='grc' dir='ltr'>δέ</span> <span class='ocrx_word' id='word_1_124' title='bbox 896 1649 951 1713; x_wconf 84' lang='grc' dir='ltr'>οὖν</span> <span class='ocrx_word' id='word_1_125' title='bbox 993 1653 1169 1718; x_wconf 82' lang='lat' dir='ltr'><strong>tendentes</strong></span> <span class='ocrx_word' id='word_1_126' title='bbox 1184 1671 1294 1737; x_wconf 88' lang='lat' dir='ltr'><strong>neque</strong></span> <span class='ocrx_word' id='word_1_127' title='bbox 1310 1671 1389 1720; x_wconf 90' lang='lat' dir='ltr'><strong>eum</strong></span> <span class='ocrx_word' id='word_1_128' title='bbox 1401 1657 1501 1722; x_wconf 91' lang='lat' dir='ltr'><strong>rebus</strong></span> <span class='ocrx_word' id='word_1_129' title='bbox 1512 1659 1655 1722; x_wconf 87' lang='lat' dir='ltr'><strong>terrenis</strong></span> <span class='ocrx_word' id='word_1_130' title='bbox 1670 1677 1745 1741; x_wconf 91' lang='lat' dir='ltr'><strong>pro·</strong></span> 
     </span>
     <span class='ocr_line' id='line_1_13' title="bbox 204 1752 1742 1842; baseline 0.005 -24"><span class='ocrx_word' id='word_1_131' title='bbox 204 1752 235 1818; x_wconf 89' lang='grc' dir='ltr'>οί</span> <span class='ocrx_word' id='word_1_132' title='bbox 256 1752 372 1831; x_wconf 86' lang='grc' dir='ltr'>πάντες</span> <span class='ocrx_word' id='word_1_133' title='bbox 385 1754 429 1832; x_wconf 85' lang='grc' dir='ltr'><strong>εἰς</strong></span> <span class='ocrx_word' id='word_1_134' title='bbox 445 1753 502 1819; x_wconf 87' lang='grc' dir='ltr'>ίνα</span> <span class='ocrx_word' id='word_1_135' title='bbox 520 1752 614 1839; x_wconf 75' lang='grc' dir='ltr'>λόγον</span> <span class='ocrx_word' id='word_1_136' title='bbox 636 1752 822 1838; x_wconf 82' lang='grc' dir='ltr'>άρνησίθεον</span> <span class='ocrx_word' id='word_1_137' title='bbox 848 1771 949 1837; x_wconf 77' lang='grc' dir='ltr'>περιε-</span> <span class='ocrx_word' id='word_1_138' title='bbox 994 1757 1108 1820; x_wconf 88' lang='lat' dir='ltr'><strong>videre</strong></span> <span class='ocrx_word' id='word_1_139' title='bbox 1130 1774 1240 1839; x_wconf 86' lang='lat' dir='ltr'><strong>neque</strong></span> <span class='ocrx_word' id='word_1_140' title='bbox 1263 1757 1412 1823; x_wconf 89' lang='lat' dir='ltr'><strong>humana</strong></span> <span class='ocrx_word' id='word_1_141' title='bbox 1433 1761 1623 1842; x_wconf 78' lang='lat' dir='ltr'>prospicere</span> <span class='ocrx_word' id='word_1_142' title='bbox 1638 1779 1742 1841; x_wconf 90' lang='lat' dir='ltr'><strong>nego-</strong></span> 
     </span>
     <span class='ocr_line' id='line_1_14' title="bbox 205 1856 1740 1946; baseline 0.004 -23"><span class='ocrx_word' id='word_1_143' title='bbox 205 1857 383 1944; x_wconf 87' lang='grc' dir='ltr'>τράπησαν,</span> <span class='ocrx_word' id='word_1_144' title='bbox 400 1860 443 1946; x_wconf 74' lang='grc' dir='ltr'><strong>μὴ</strong></span> <span class='ocrx_word' id='word_1_145' title='bbox 459 1859 539 1924; x_wconf 89' lang='grc' dir='ltr'>είναι</span> <span class='ocrx_word' id='word_1_146' title='bbox 553 1858 635 1927; x_wconf 83' lang='grc' dir='ltr'>Θεὸν</span> <span class='ocrx_word' id='word_1_147' title='bbox 653 1856 880 1943; x_wconf 76' lang='grc' dir='ltr'>διανοηθέντες.</span> <span class='ocrx_word' id='word_1_148' title='bbox 897 1856 949 1922; x_wconf 73' lang='lat' dir='ltr'><strong>&#39;lo-</strong></span> <span class='ocrx_word' id='word_1_149' title='bbox 993 1859 1058 1921; x_wconf 87' lang='lat' dir='ltr'><strong>tia:</strong></span> <span class='ocrx_word' id='word_1_150' title='bbox 1078 1859 1254 1924; x_wconf 80' lang='lat' dir='ltr'><strong>confertim</strong></span> <span class='ocrx_word' id='word_1_151' title='bbox 1277 1879 1360 1941; x_wconf 83' lang='lat' dir='ltr'><strong>ergo</strong></span> <span class='ocrx_word' id='word_1_152' title='bbox 1382 1862 1418 1926; x_wconf 89' lang='lat' dir='ltr'><strong>hi</strong></span> <span class='ocrx_word' id='word_1_153' title='bbox 1441 1880 1557 1928; x_wconf 89' lang='lat' dir='ltr'><strong>omnes</strong></span> <span class='ocrx_word' id='word_1_154' title='bbox 1578 1865 1612 1927; x_wconf 93' lang='lat' dir='ltr'><strong>in</strong></span> <span class='ocrx_word' id='word_1_155' title='bbox 1636 1883 1740 1929; x_wconf 89' lang='lat' dir='ltr'><strong>unam</strong></span> 
     </span>
     <span class='ocr_line' id='line_1_15' title="bbox 205 1960 1741 2049; baseline 0.005 -23"><span class='ocrx_word' id='word_1_156' title='bbox 205 1961 257 2026; x_wconf 83' lang='grc' dir='ltr'><strong>πεί</strong></span> <span class='ocrx_word' id='word_1_157' title='bbox 273 1960 308 2026; x_wconf 89' lang='grc' dir='ltr'>δέ</span> <span class='ocrx_word' id='word_1_158' title='bbox 324 1962 367 2048; x_wconf 74' lang='grc' dir='ltr'><strong>μὴ</strong></span> <span class='ocrx_word' id='word_1_159' title='bbox 384 1960 523 2048; x_wconf 79' lang='grc' dir='ltr'>ἐτόλμων</span> <span class='ocrx_word' id='word_1_160' title='bbox 538 1963 591 2028; x_wconf 82' lang='grc' dir='ltr'>διὰ</span> <span class='ocrx_word' id='word_1_161' title='bbox 601 1961 756 2048; x_wconf 80' lang='grc' dir='ltr'>στόματος</span> <span class='ocrx_word' id='word_1_162' title='bbox 766 1971 859 2026; x_wconf 91' lang='grc' dir='ltr'>τοῦτο</span> <span class='ocrx_word' id='word_1_163' title='bbox 870 1960 948 2045; x_wconf 81' lang='grc' dir='ltr'>φάο·</span> <span class='ocrx_word' id='word_1_164' title='bbox 993 1961 1150 2026; x_wconf 87' lang='lat' dir='ltr'><strong>atbeismi</strong></span> <span class='ocrx_word' id='word_1_165' title='bbox 1163 1964 1620 2049; x_wconf 83' lang='lat' dir='ltr'><strong>sententiamooufluxernnt,</strong></span> <span class='ocrx_word' id='word_1_166' title='bbox 1632 1970 1741 2033; x_wconf 90' lang='lat' dir='ltr'><strong>Deum</strong></span> 
     </span>
     <span class='ocr_line' id='line_1_16' title="bbox 204 2059 1742 2152; baseline 0.006 -23"><span class='ocrx_word' id='word_1_167' title='bbox 204 2086 272 2131; x_wconf 84' lang='grc' dir='ltr'>κειν</span> <span class='ocrx_word' id='word_1_168' title='bbox 298 2065 416 2152; x_wconf 82' lang='grc' dir='ltr'>(ἐνηγε</span> <span class='ocrx_word' id='word_1_169' title='bbox 440 2067 503 2152; x_wconf 82' lang='grc' dir='ltr'>γὰρ</span> <span class='ocrx_word' id='word_1_170' title='bbox 525 2068 598 2144; x_wconf 88' lang='grc' dir='ltr'>τοὺς</span> <span class='ocrx_word' id='word_1_171' title='bbox 628 2059 748 2143; x_wconf 79' lang='grc' dir='ltr'>πάντας</span> <span class='ocrx_word' id='word_1_172' title='bbox 770 2066 811 2130; x_wconf 83' lang='grc' dir='ltr'><strong>τά</strong></span> <span class='ocrx_word' id='word_1_173' title='bbox 833 2065 951 2149; x_wconf 80' lang='grc' dir='ltr'>φυσικά</span> <span class='ocrx_word' id='word_1_174' title='bbox 994 2081 1145 2130; x_wconf 88' lang='lat' dir='ltr'><strong>nonesse</strong></span> <span class='ocrx_word' id='word_1_175' title='bbox 1169 2067 1411 2133; x_wconf 79' lang='lat' dir='ltr'><strong>existimantes.</strong></span> <span class='ocrx_word' id='word_1_176' title='bbox 1424 2072 1589 2146; x_wconf 90' lang='lat' dir='ltr'><strong>Quoniam</strong></span> <span class='ocrx_word' id='word_1_177' title='bbox 1612 2075 1742 2138; x_wconf 82' lang='lat' dir='ltr'><strong>veroid</strong></span> 
     </span>
     <span class='ocr_line' id='line_1_17' title="bbox 203 2167 1745 2257; baseline 0.005 -23"><span class='ocrx_word' id='word_1_178' title='bbox 203 2167 370 2254; x_wconf 86' lang='grc' dir='ltr'>σπίρματα</span> <span class='ocrx_word' id='word_1_179' title='bbox 383 2170 437 2234; x_wconf 82' lang='grc' dir='ltr'>καὶ</span> <span class='ocrx_word' id='word_1_180' title='bbox 452 2169 567 2254; x_wconf 76' lang='grc' dir='ltr'>οἱπερὶ</span> <span class='ocrx_word' id='word_1_181' title='bbox 585 2179 641 2235; x_wconf 90' lang='grc' dir='ltr'>τοῦ</span> <span class='ocrx_word' id='word_1_182' title='bbox 656 2168 739 2236; x_wconf 83' lang='grc' dir='ltr'>Θεοῦ</span> <span class='ocrx_word' id='word_1_183' title='bbox 754 2169 878 2254; x_wconf 83' lang='grc' dir='ltr'>φυσικοί</span> <span class='ocrx_word' id='word_1_184' title='bbox 894 2167 947 2233; x_wconf 88' lang='grc' dir='ltr'>λο-</span> <span class='ocrx_word' id='word_1_185' title='bbox 992 2168 1117 2233; x_wconf 81' lang='lat' dir='ltr'><strong>diserte</strong></span> <span class='ocrx_word' id='word_1_186' title='bbox 1145 2172 1324 2236; x_wconf 91' lang='lat' dir='ltr'><strong>enuntiare</strong></span> <span class='ocrx_word' id='word_1_187' title='bbox 1347 2190 1414 2237; x_wconf 90' lang='lat' dir='ltr'><strong>non</strong></span> <span class='ocrx_word' id='word_1_188' title='bbox 1437 2173 1607 2239; x_wconf 82' lang='lat' dir='ltr'><strong>audebant</strong></span> <span class='ocrx_word' id='word_1_189' title='bbox 1630 2173 1745 2257; x_wconf 87' lang='lat' dir='ltr'><strong>(urge-</strong></span> 
     </span>
     <span class='ocr_line' id='line_1_18' title="bbox 202 2271 1742 2362; baseline 0.003 -24"><span class='ocrx_word' id='word_1_190' title='bbox 202 2275 308 2360; x_wconf 83' lang='grc' dir='ltr'>γισμοέ</span> <span class='ocrx_word' id='word_1_191' title='bbox 322 2274 441 2360; x_wconf 79' lang='grc' dir='ltr'>ἐπίτην</span> <span class='ocrx_word' id='word_1_192' title='bbox 452 2273 622 2361; x_wconf 77' lang='grc' dir='ltr'>ὁμολογίαν</span> <span class='ocrx_word' id='word_1_193' title='bbox 634 2284 691 2362; x_wconf 81' lang='grc' dir='ltr'><strong>της</strong></span> <span class='ocrx_word' id='word_1_194' title='bbox 703 2284 759 2341; x_wconf 90' lang='grc' dir='ltr'>τοῦ</span> <span class='ocrx_word' id='word_1_195' title='bbox 772 2272 856 2340; x_wconf 89' lang='grc' dir='ltr'>Θεοῦ</span> <span class='ocrx_word' id='word_1_196' title='bbox 867 2272 946 2362; x_wconf 79' lang='grc' dir='ltr'><strong>γνὼ-</strong></span> <span class='ocrx_word' id='word_1_197' title='bbox 991 2271 1074 2335; x_wconf 90' lang='lat' dir='ltr'><strong>bant</strong></span> <span class='ocrx_word' id='word_1_198' title='bbox 1096 2273 1187 2336; x_wconf 90' lang='lat' dir='ltr'><strong>enim</strong></span> <span class='ocrx_word' id='word_1_199' title='bbox 1204 2290 1259 2338; x_wconf 87' lang='lat' dir='ltr'><strong>eos</strong></span> <span class='ocrx_word' id='word_1_200' title='bbox 1275 2280 1413 2340; x_wconf 82' lang='lat' dir='ltr'><strong>cunctos</strong></span> <span class='ocrx_word' id='word_1_201' title='bbox 1433 2277 1535 2341; x_wconf 89' lang='lat' dir='ltr'><strong>insita</strong></span> <span class='ocrx_word' id='word_1_202' title='bbox 1561 2279 1742 2344; x_wconf 85' lang='lat' dir='ltr'><strong>instinctus</strong></span> 
     </span>
     <span class='ocr_line' id='line_1_19' title="bbox 204 2375 1740 2465; baseline 0.003 -23"><span class='ocrx_word' id='word_1_203' title='bbox 204 2399 301 2456; x_wconf 86' lang='grc' dir='ltr'>σεως·</span> <span class='ocrx_word' id='word_1_204' title='bbox 316 2377 363 2442; x_wconf 86' lang='grc' dir='ltr'>διὸ</span> <span class='ocrx_word' id='word_1_205' title='bbox 378 2375 515 2463; x_wconf 80' lang='grc' dir='ltr'>χείλεσιν</span> <span class='ocrx_word' id='word_1_206' title='bbox 531 2379 587 2465; x_wconf 87' lang='grc' dir='ltr'><strong>μέν</strong></span> <span class='ocrx_word' id='word_1_207' title='bbox 602 2379 662 2444; x_wconf 80' lang='grc' dir='ltr'>οὐκ</span> <span class='ocrx_word' id='word_1_208' title='bbox 673 2377 814 2465; x_wconf 79' lang='grc' dir='ltr'>ἐτόλμων</span> <span class='ocrx_word' id='word_1_209' title='bbox 828 2376 949 2464; x_wconf 86' lang='grc' dir='ltr'>άρνεῐσ-</span> <span class='ocrx_word' id='word_1_210' title='bbox 991 2375 1122 2439; x_wconf 88' lang='lat' dir='ltr'><strong>semina</strong></span> <span class='ocrx_word' id='word_1_211' title='bbox 1143 2393 1182 2440; x_wconf 84' lang='lat' dir='ltr'><strong>ae</strong></span> <span class='ocrx_word' id='word_1_212' title='bbox 1204 2380 1377 2443; x_wconf 81' lang='lat' dir='ltr'><strong>naturales</strong></span> <span class='ocrx_word' id='word_1_213' title='bbox 1402 2378 1444 2443; x_wconf 89' lang='lat' dir='ltr'><strong>de</strong></span> <span class='ocrx_word' id='word_1_214' title='bbox 1466 2380 1536 2444; x_wconf 91' lang='lat' dir='ltr'><strong>Deo</strong></span> <span class='ocrx_word' id='word_1_215' title='bbox 1558 2387 1740 2464; x_wconf 86' lang='lat' dir='ltr'><strong>ooneeptus</strong></span> 
     </span>
     <span class='ocr_line' id='line_1_20' title="bbox 204 2478 1739 2568; baseline 0.003 -21"><span class='ocrx_word' id='word_1_216' title='bbox 204 2481 266 2564; x_wconf 86' lang='grc' dir='ltr'>θαι,</span> <span class='ocrx_word' id='word_1_217' title='bbox 288 2481 359 2546; x_wconf 82' lang='grc' dir='ltr'>ἀλλ’</span> <span class='ocrx_word' id='word_1_218' title='bbox 373 2480 489 2548; x_wconf 83' lang='grc' dir='ltr'>είδίνοιι</span> <span class='ocrx_word' id='word_1_219' title='bbox 516 2491 770 2568; x_wconf 88' lang='grc' dir='ltr'>προσεποιοῦντο,</span> <span class='ocrx_word' id='word_1_220' title='bbox 794 2483 832 2546; x_wconf 87' lang='grc' dir='ltr'>οῦ</span> <span class='ocrx_word' id='word_1_221' title='bbox 854 2481 949 2568; x_wconf 85' lang='grc' dir='ltr'>μόνον</span> <span class='ocrx_word' id='word_1_222' title='bbox 991 2478 1035 2542; x_wconf 85' lang='lat' dir='ltr'><strong>ed</strong></span> <span class='ocrx_word' id='word_1_223' title='bbox 1055 2478 1279 2545; x_wconf 82' lang='lat' dir='ltr'><strong>confitendam</strong></span> <span class='ocrx_word' id='word_1_224' title='bbox 1306 2482 1368 2546; x_wconf 89' lang='lat' dir='ltr'><strong>Dei</strong></span> <span class='ocrx_word' id='word_1_225' title='bbox 1394 2484 1641 2565; x_wconf 70' lang='lat' dir='ltr'><strong>cognitionem</strong></span> <span class='ocrx_word' id='word_1_226' title='bbox 1665 2485 1739 2550; x_wconf 86' lang='lat' dir='ltr'><strong>ideo</strong></span> 
     </span>
     <span class='ocr_line' id='line_1_21' title="bbox 204 2583 1738 2673; baseline 0.005 -25"><span class='ocrx_word' id='word_1_227' title='bbox 204 2583 270 2667; x_wconf 87' lang='grc' dir='ltr'>ἐνα,</span> <span class='ocrx_word' id='word_1_228' title='bbox 285 2584 370 2652; x_wconf 71' lang='grc' dir='ltr'>ἀλλὰ</span> <span class='ocrx_word' id='word_1_229' title='bbox 383 2589 439 2651; x_wconf 86' lang='grc' dir='ltr'>καί</span> <span class='ocrx_word' id='word_1_230' title='bbox 454 2583 580 2673; x_wconf 78' lang='grc' dir='ltr'>μυρίους</span> <span class='ocrx_word' id='word_1_231' title='bbox 592 2585 714 2671; x_wconf 52' lang='lat' dir='ltr'><strong>brodo·</strong></span> <span class='ocrx_word' id='word_1_232' title='bbox 728 2595 767 2672; x_wconf 73' lang='grc' dir='ltr'><strong>τῇ</strong></span> <span class='ocrx_word' id='word_1_233' title='bbox 781 2607 820 2672; x_wconf 88' lang='grc' dir='ltr'><strong>γε</strong></span> <span class='ocrx_word' id='word_1_234' title='bbox 834 2583 949 2672; x_wconf 77' lang='grc' dir='ltr'>καρδίᾳ</span> <span class='ocrx_word' id='word_1_235' title='bbox 991 2585 1092 2649; x_wconf 88' lang='lat' dir='ltr'><strong>labiis</strong></span> <span class='ocrx_word' id='word_1_236' title='bbox 1106 2601 1232 2663; x_wconf 87' lang='lat' dir='ltr'><strong>negare</strong></span> <span class='ocrx_word' id='word_1_237' title='bbox 1248 2603 1315 2651; x_wconf 92' lang='lat' dir='ltr'><strong>non</strong></span> <span class='ocrx_word' id='word_1_238' title='bbox 1327 2586 1507 2669; x_wconf 84' lang='lat' dir='ltr'><strong>audebant,</strong></span> <span class='ocrx_word' id='word_1_239' title='bbox 1530 2590 1738 2655; x_wconf 87' lang='lat' dir='ltr'><strong>simulabant</strong></span> 
     </span>
     <span class='ocr_line' id='line_1_22' title="bbox 203 2687 1740 2776; baseline 0.001 -20"><span class='ocrx_word' id='word_1_240' title='bbox 203 2689 334 2768; x_wconf 80' lang='grc' dir='ltr'>ἑαυτοὺς</span> <span class='ocrx_word' id='word_1_241' title='bbox 358 2688 498 2772; x_wconf 78' lang='grc' dir='ltr'>ἔπειθον,</span> <span class='ocrx_word' id='word_1_242' title='bbox 521 2689 724 2776; x_wconf 75' lang='grc' dir='ltr'>ἀφραίνοντες</span> <span class='ocrx_word' id='word_1_243' title='bbox 745 2687 872 2774; x_wconf 80' lang='grc' dir='ltr'>άληθῶς</span> <span class='ocrx_word' id='word_1_244' title='bbox 893 2692 948 2756; x_wconf 86' lang='grc' dir='ltr'>καί</span> <span class='ocrx_word' id='word_1_245' title='bbox 991 2703 1071 2754; x_wconf 84' lang='lat' dir='ltr'><strong>vero</strong></span> <span class='ocrx_word' id='word_1_246' title='bbox 1094 2691 1182 2755; x_wconf 89' lang='lat' dir='ltr'><strong>seire</strong></span> <span class='ocrx_word' id='word_1_247' title='bbox 1207 2707 1254 2771; x_wconf 90' lang='lat' dir='ltr'><strong>se,</strong></span> <span class='ocrx_word' id='word_1_248' title='bbox 1274 2708 1342 2755; x_wconf 90' lang='lat' dir='ltr'><strong>non</strong></span> <span class='ocrx_word' id='word_1_249' title='bbox 1358 2710 1465 2756; x_wconf 90' lang='lat' dir='ltr'><strong>unum</strong></span> <span class='ocrx_word' id='word_1_250' title='bbox 1478 2693 1655 2759; x_wconf 79' lang='lat' dir='ltr'><strong>dumtaxat</strong></span> <span class='ocrx_word' id='word_1_251' title='bbox 1666 2713 1740 2760; x_wconf 88' lang='lat' dir='ltr'><strong>esse</strong></span> 
     </span>
    </p>
   </div>
   <div class='ocr_carea' id='block_1_3' title="bbox 203 2791 1847 2880">
    <p class='ocr_par' dir='ltr' id='par_1_3' title="bbox 203 2791 1847 2880">
     <span class='ocr_line' id='line_1_23' title="bbox 203 2791 1847 2880; baseline 0 -19"><span class='ocrx_word' id='word_1_252' title='bbox 203 2793 408 2880; x_wconf 85' lang='grc' dir='ltr'>μυραίνοντες</span> <span class='ocrx_word' id='word_1_253' title='bbox 423 2793 471 2860; x_wconf 80' lang='grc' dir='ltr'>δτι</span> <span class='ocrx_word' id='word_1_254' title='bbox 487 2796 530 2880; x_wconf 83' lang='grc' dir='ltr'><strong>μὴ</strong></span> <span class='ocrx_word' id='word_1_255' title='bbox 546 2795 630 2860; x_wconf 83' lang='grc' dir='ltr'>ἐστιν</span> <span class='ocrx_word' id='word_1_256' title='bbox 643 2794 732 2860; x_wconf 79' lang='grc' dir='ltr'>ἐντῦ</span> <span class='ocrx_word' id='word_1_257' title='bbox 747 2795 840 2859; x_wconf 83' lang='grc' dir='ltr'>παντί</span> <span class='ocrx_word' id='word_1_258' title='bbox 854 2791 946 2872; x_wconf 83' lang='grc' dir='ltr'>Θεδς·</span> <span class='ocrx_word' id='word_1_259' title='bbox 991 2794 1109 2874; x_wconf 87' lang='lat' dir='ltr'><strong>Deum,</strong></span> <span class='ocrx_word' id='word_1_260' title='bbox 1138 2793 1197 2858; x_wconf 90' lang='lat' dir='ltr'><strong>sed</strong></span> <span class='ocrx_word' id='word_1_261' title='bbox 1223 2795 1418 2860; x_wconf 86' lang='lat' dir='ltr'><strong>innumeros</strong></span> <span class='ocrx_word' id='word_1_262' title='bbox 1444 2796 1553 2879; x_wconf 89' lang='lat' dir='ltr'><strong>deos),</strong></span> <span class='ocrx_word' id='word_1_263' title='bbox 1577 2799 1613 2862; x_wconf 90' lang='lat' dir='ltr'><strong>in</strong></span> <span class='ocrx_word' id='word_1_264' title='bbox 1639 2800 1739 2864; x_wconf 88' lang='lat' dir='ltr'><strong>eorde</strong></span> <span class='ocrx_word' id='word_1_265' title='bbox 1840 2841 1847 2852; x_wconf 82' lang='lat'><em>.</em></span> 
     </span>
    </p>
   </div>
   <div class='ocr_carea' id='block_1_4' title="bbox 199 2896 1741 3401">
    <p class='ocr_par' dir='ltr' id='par_1_4' title="bbox 199 2896 1741 3401">
     <span class='ocr_line' id='line_1_24' title="bbox 201 2896 1741 2984; baseline 0.002 -21"><span class='ocrx_word' id='word_1_266' title='bbox 201 2898 334 2984; x_wconf 77' lang='grc' dir='ltr'>ἐλεγχος</span> <span class='ocrx_word' id='word_1_267' title='bbox 345 2897 381 2962; x_wconf 90' lang='grc' dir='ltr'>δέ</span> <span class='ocrx_word' id='word_1_268' title='bbox 394 2897 436 2982; x_wconf 76' lang='grc' dir='ltr'><strong>ην</strong></span> <span class='ocrx_word' id='word_1_269' title='bbox 449 2907 505 2962; x_wconf 91' lang='grc' dir='ltr'>τοῦ</span> <span class='ocrx_word' id='word_1_270' title='bbox 517 2896 611 2963; x_wconf 87' lang='grc' dir='ltr'>άθέου</span> <span class='ocrx_word' id='word_1_271' title='bbox 627 2898 728 2962; x_wconf 78' lang='grc' dir='ltr'>αὐτῶν</span> <span class='ocrx_word' id='word_1_272' title='bbox 742 2896 896 2984; x_wconf 83' lang='grc' dir='ltr'>λογισμοῦ</span> <span class='ocrx_word' id='word_1_273' title='bbox 907 2897 948 2962; x_wconf 83' lang='grc' dir='ltr'><strong>τά</strong></span> <span class='ocrx_word' id='word_1_274' title='bbox 991 2902 1105 2961; x_wconf 82' lang='lat' dir='ltr'><strong>autem</strong></span> <span class='ocrx_word' id='word_1_275' title='bbox 1119 2898 1185 2962; x_wconf 92' lang='lat' dir='ltr'><strong>sibi</strong></span> <span class='ocrx_word' id='word_1_276' title='bbox 1207 2898 1404 2980; x_wconf 86' lang='lat' dir='ltr'><strong>suadebant,</strong></span> <span class='ocrx_word' id='word_1_277' title='bbox 1427 2902 1585 2967; x_wconf 83' lang='lat' dir='ltr'><strong>vecordes</strong></span> <span class='ocrx_word' id='word_1_278' title='bbox 1602 2920 1637 2966; x_wconf 90' lang='lat' dir='ltr'><strong>re</strong></span> <span class='ocrx_word' id='word_1_279' title='bbox 1659 2921 1741 2968; x_wconf 86' lang='lat' dir='ltr'><strong>vera</strong></span> 
     </span>
     <span class='ocr_line' id='line_1_25' title="bbox 201 2998 1741 3087; baseline 0.003 -19"><span class='ocrx_word' id='word_1_280' title='bbox 201 3001 252 3068; x_wconf 81' lang='grc' dir='ltr'>ὑπ’</span> <span class='ocrx_word' id='word_1_281' title='bbox 263 3003 365 3068; x_wconf 78' lang='grc' dir='ltr'>αὐτῶν</span> <span class='ocrx_word' id='word_1_282' title='bbox 380 2999 535 3087; x_wconf 80' lang='grc' dir='ltr'>δρώμενα·</span> <span class='ocrx_word' id='word_1_283' title='bbox 548 3001 625 3085; x_wconf 83' lang='grc' dir='ltr'>(ἀπὸ</span> <span class='ocrx_word' id='word_1_284' title='bbox 637 3002 698 3087; x_wconf 81' lang='grc' dir='ltr'>γὰρ</span> <span class='ocrx_word' id='word_1_285' title='bbox 709 3008 765 3066; x_wconf 82' lang='grc' dir='ltr'>τοῦ</span> <span class='ocrx_word' id='word_1_286' title='bbox 776 3009 900 3085; x_wconf 88' lang='grc' dir='ltr'>καρποῦ</span> <span class='ocrx_word' id='word_1_287' title='bbox 912 3001 947 3066; x_wconf 92' lang='grc' dir='ltr'><strong>τδ</strong></span> <span class='ocrx_word' id='word_1_288' title='bbox 991 3006 1027 3065; x_wconf 88' lang='lat' dir='ltr'><strong>et</strong></span> <span class='ocrx_word' id='word_1_289' title='bbox 1052 3003 1271 3083; x_wconf 88' lang='lat' dir='ltr'><strong>insanientes,</strong></span> <span class='ocrx_word' id='word_1_290' title='bbox 1283 3005 1391 3068; x_wconf 88' lang='lat' dir='ltr'><strong>Deum</strong></span> <span class='ocrx_word' id='word_1_291' title='bbox 1419 3005 1454 3068; x_wconf 91' lang='lat' dir='ltr'><strong>in</strong></span> <span class='ocrx_word' id='word_1_292' title='bbox 1477 3012 1600 3070; x_wconf 89' lang='lat' dir='ltr'><strong>natura</strong></span> <span class='ocrx_word' id='word_1_293' title='bbox 1627 2998 1741 3072; x_wconf 80' lang='lat' dir='ltr'><strong>rerum</strong></span> 
     </span>
     <span class='ocr_line' id='line_1_26' title="bbox 200 3104 1739 3192; baseline 0.003 -21"><span class='ocrx_word' id='word_1_294' title='bbox 200 3106 327 3191; x_wconf 75' lang='grc' dir='ltr'>δένδρον</span> <span class='ocrx_word' id='word_1_295' title='bbox 355 3104 633 3192; x_wconf 77' lang='grc' dir='ltr'>ἐπιγινώσκεται),</span> <span class='ocrx_word' id='word_1_296' title='bbox 663 3106 717 3169; x_wconf 83' lang='grc' dir='ltr'><strong>ὅτε</strong></span> <span class='ocrx_word' id='word_1_297' title='bbox 745 3104 850 3171; x_wconf 77' lang='grc' dir='ltr'>τοίνυν</span> <span class='ocrx_word' id='word_1_298' title='bbox 879 3113 947 3182; x_wconf 82' lang='grc' dir='ltr'>ταις</span> <span class='ocrx_word' id='word_1_299' title='bbox 992 3121 1059 3168; x_wconf 93' lang='lat' dir='ltr'><strong>non</strong></span> <span class='ocrx_word' id='word_1_300' title='bbox 1085 3107 1240 3170; x_wconf 82' lang='lat' dir='ltr'><strong>existere.</strong></span> <span class='ocrx_word' id='word_1_301' title='bbox 1274 3109 1423 3183; x_wconf 89' lang='lat' dir='ltr'><strong>Quorum</strong></span> <span class='ocrx_word' id='word_1_302' title='bbox 1448 3109 1549 3173; x_wconf 89' lang='lat' dir='ltr'><strong>athea</strong></span> <span class='ocrx_word' id='word_1_303' title='bbox 1570 3115 1739 3176; x_wconf 89' lang='lat' dir='ltr'><strong>sententia</strong></span> 
     </span>
     <span class='ocr_line' id='line_1_27' title="bbox 199 3206 1739 3297; baseline 0.005 -23"><span class='ocrx_word' id='word_1_304' title='bbox 199 3209 347 3297; x_wconf 80' lang='grc' dir='ltr'>πράξεσιν</span> <span class='ocrx_word' id='word_1_305' title='bbox 369 3209 479 3288; x_wconf 78' lang='grc' dir='ltr'>αὐταῖς</span> <span class='ocrx_word' id='word_1_306' title='bbox 500 3211 618 3294; x_wconf 81' lang='grc' dir='ltr'>καὶτῷ</span> <span class='ocrx_word' id='word_1_307' title='bbox 640 3208 739 3296; x_wconf 79' lang='grc' dir='ltr'>λοιπῷ</span> <span class='ocrx_word' id='word_1_308' title='bbox 761 3206 818 3296; x_wconf 87' lang='grc' dir='ltr'>βίιρ</span> <span class='ocrx_word' id='word_1_309' title='bbox 841 3217 948 3273; x_wconf 83' lang='grc' dir='ltr'>πῦσαν</span> <span class='ocrx_word' id='word_1_310' title='bbox 991 3209 1200 3287; x_wconf 81' lang='lat' dir='ltr'><strong>arguebatur</strong></span> <span class='ocrx_word' id='word_1_311' title='bbox 1222 3227 1264 3273; x_wconf 83' lang='lat' dir='ltr'><strong>ex</strong></span> <span class='ocrx_word' id='word_1_312' title='bbox 1286 3212 1444 3293; x_wconf 90' lang='lat' dir='ltr'><strong>operibus</strong></span> <span class='ocrx_word' id='word_1_313' title='bbox 1459 3211 1493 3294; x_wconf 90' lang='lat' dir='ltr'><strong>(e</strong></span> <span class='ocrx_word' id='word_1_314' title='bbox 1518 3213 1632 3280; x_wconf 80' lang='lat' dir='ltr'><strong>fructu</strong></span> <span class='ocrx_word' id='word_1_315' title='bbox 1648 3218 1739 3281; x_wconf 92' lang='lat' dir='ltr'><strong>enim</strong></span> 
     </span>
     <span class='ocr_line' id='line_1_28' title="bbox 200 3310 1740 3401; baseline 0.005 -23"><span class='ocrx_word' id='word_1_316' title='bbox 200 3315 302 3378; x_wconf 84' lang='grc' dir='ltr'>αῦτῦν</span> <span class='ocrx_word' id='word_1_317' title='bbox 316 3315 375 3400; x_wconf 81' lang='grc' dir='ltr'><strong>τήν</strong></span> <span class='ocrx_word' id='word_1_318' title='bbox 390 3315 498 3401; x_wconf 75' lang='grc' dir='ltr'>ψυχὴν</span> <span class='ocrx_word' id='word_1_319' title='bbox 520 3311 706 3400; x_wconf 79' lang='grc' dir='ltr'>διέφθειραν,</span> <span class='ocrx_word' id='word_1_320' title='bbox 722 3313 807 3398; x_wconf 80' lang='grc' dir='ltr'>αὐτῷ</span> <span class='ocrx_word' id='word_1_321' title='bbox 827 3310 949 3398; x_wconf 79' lang='grc' dir='ltr'>σώματι</span> <span class='ocrx_word' id='word_1_322' title='bbox 991 3311 1091 3375; x_wconf 89' lang='lat' dir='ltr'><strong>arbor</strong></span> <span class='ocrx_word' id='word_1_323' title='bbox 1109 3313 1346 3398; x_wconf 83' lang='lat' dir='ltr'><strong>dignoscitur,)</strong></span> <span class='ocrx_word' id='word_1_324' title='bbox 1369 3316 1505 3397; x_wconf 88' lang='lat' dir='ltr'><strong>quando</strong></span> <span class='ocrx_word' id='word_1_325' title='bbox 1526 3335 1647 3401; x_wconf 88' lang='lat' dir='ltr'><strong>nempe</strong></span> <span class='ocrx_word' id='word_1_326' title='bbox 1667 3326 1740 3384; x_wconf 92' lang='lat' dir='ltr'><strong>tum</strong></span> 
     </span>
    </p>
   </div>
   <div class='ocr_carea' id='block_1_5' title="bbox 196 3413 1836 3921">
    <p class='ocr_par' dir='ltr' id='par_1_5' title="bbox 196 3413 1836 3921">
     <span class='ocr_line' id='line_1_29' title="bbox 198 3413 1737 3504; baseline 0.003 -21"><span class='ocrx_word' id='word_1_327' title='bbox 198 3419 242 3496; x_wconf 79' lang='grc' dir='ltr'><strong>εἰς</strong></span> <span class='ocrx_word' id='word_1_328' title='bbox 264 3427 370 3484; x_wconf 76' lang='grc' dir='ltr'>πᾶσαν</span> <span class='ocrx_word' id='word_1_329' title='bbox 384 3416 582 3503; x_wconf 76' lang='grc' dir='ltr'>ἐνδεδυμένοι</span> <span class='ocrx_word' id='word_1_330' title='bbox 603 3416 732 3502; x_wconf 79' lang='grc' dir='ltr'>φθοράν,</span> <span class='ocrx_word' id='word_1_331' title='bbox 748 3413 790 3493; x_wconf 82' lang='grc' dir='ltr'><strong>ὡς</strong></span> <span class='ocrx_word' id='word_1_332' title='bbox 811 3418 866 3481; x_wconf 84' lang='grc' dir='ltr'>καί</span> <span class='ocrx_word' id='word_1_333' title='bbox 889 3415 943 3500; x_wconf 68' lang='lat' dir='ltr'><strong>db</strong></span> <span class='ocrx_word' id='word_1_334' title='bbox 992 3413 1208 3496; x_wconf 82' lang='lat' dir='ltr'><strong>facinoribus,</strong></span> <span class='ocrx_word' id='word_1_335' title='bbox 1217 3419 1290 3480; x_wconf 91' lang='lat' dir='ltr'><strong>tum</strong></span> <span class='ocrx_word' id='word_1_336' title='bbox 1304 3419 1434 3500; x_wconf 89' lang='lat' dir='ltr'><strong>reliquo</strong></span> <span class='ocrx_word' id='word_1_337' title='bbox 1450 3421 1587 3485; x_wconf 86' lang='lat' dir='ltr'><strong>vivendi</strong></span> <span class='ocrx_word' id='word_1_338' title='bbox 1600 3439 1737 3504; x_wconf 79' lang='lat' dir='ltr'><strong>genere,</strong></span> 
     </span>
     <span class='ocr_line' id='line_1_30' title="bbox 197 3519 1836 3608; baseline 0.002 -21"><span class='ocrx_word' id='word_1_339' title='bbox 197 3521 289 3608; x_wconf 75' lang='grc' dir='ltr'>ρενας</span> <span class='ocrx_word' id='word_1_340' title='bbox 304 3521 429 3608; x_wconf 75' lang='grc' dir='ltr'>ἄρρεσιν</span> <span class='ocrx_word' id='word_1_341' title='bbox 441 3519 668 3607; x_wconf 84' lang='grc' dir='ltr'>ἐπιμαίνεσθαι,</span> <span class='ocrx_word' id='word_1_342' title='bbox 680 3522 736 3586; x_wconf 83' lang='grc' dir='ltr'>καί</span> <span class='ocrx_word' id='word_1_343' title='bbox 748 3519 864 3598; x_wconf 88' lang='grc' dir='ltr'>πάσαις</span> <span class='ocrx_word' id='word_1_344' title='bbox 876 3519 946 3585; x_wconf 87' lang='grc' dir='ltr'>άθε-</span> <span class='ocrx_word' id='word_1_345' title='bbox 992 3523 1098 3583; x_wconf 89' lang='lat' dir='ltr'><strong>totam</strong></span> <span class='ocrx_word' id='word_1_346' title='bbox 1117 3536 1215 3583; x_wconf 89' lang='lat' dir='ltr'><strong>suam</strong></span> <span class='ocrx_word' id='word_1_347' title='bbox 1243 3522 1467 3602; x_wconf 88' lang='lat' dir='ltr'><strong>inquinarunt</strong></span> <span class='ocrx_word' id='word_1_348' title='bbox 1483 3527 1642 3607; x_wconf 87' lang='lat' dir='ltr'><strong>animem,</strong></span> <span class='ocrx_word' id='word_1_349' title='bbox 1663 3546 1737 3591; x_wconf 92' lang='lat' dir='ltr'><strong>eam</strong></span> <span class='ocrx_word' id='word_1_350' title='bbox 1831 3537 1836 3550; x_wconf 84' lang='lat'><em>&#39;</em></span> 
     </span>
     <span class='ocr_line' id='line_1_31' title="bbox 196 3621 1740 3711; baseline 0.003 -23"><span class='ocrx_word' id='word_1_351' title='bbox 196 3622 387 3710; x_wconf 87' lang='grc' dir='ltr'>μιτουργίαις</span> <span class='ocrx_word' id='word_1_352' title='bbox 402 3626 457 3690; x_wconf 84' lang='grc' dir='ltr'>καί</span> <span class='ocrx_word' id='word_1_353' title='bbox 471 3624 706 3711; x_wconf 77' lang='grc' dir='ltr'>άρρητοποιίαις</span> <span class='ocrx_word' id='word_1_354' title='bbox 726 3621 947 3709; x_wconf 78' lang='grc' dir='ltr'>καταφθείρειν</span> <span class='ocrx_word' id='word_1_355' title='bbox 992 3623 1123 3704; x_wconf 82' lang='lat' dir='ltr'><strong>corpori</strong></span> <span class='ocrx_word' id='word_1_356' title='bbox 1138 3622 1309 3688; x_wconf 85' lang='lat' dir='ltr'><strong>tradentes</strong></span> <span class='ocrx_word' id='word_1_357' title='bbox 1321 3626 1355 3688; x_wconf 92' lang='lat' dir='ltr'><strong>in</strong></span> <span class='ocrx_word' id='word_1_358' title='bbox 1372 3643 1586 3709; x_wconf 82' lang='lat' dir='ltr'><strong>quacumque</strong></span> <span class='ocrx_word' id='word_1_359' title='bbox 1602 3647 1740 3711; x_wconf 78' lang='lat' dir='ltr'><strong>corrup</strong></span> 
     </span>
     <span class='ocr_line' id='line_1_32' title="bbox 199 3724 1740 3816; baseline 0.001 -20"><span class='ocrx_word' id='word_1_360' title='bbox 199 3727 341 3813; x_wconf 78' lang='grc' dir='ltr'>ἑαυτοὺς,</span> <span class='ocrx_word' id='word_1_361' title='bbox 360 3728 548 3816; x_wconf 86' lang='grc' dir='ltr'>βδελυκτοῦς</span> <span class='ocrx_word' id='word_1_362' title='bbox 568 3749 602 3794; x_wconf 88' lang='grc' dir='ltr'><strong>τε</strong></span> <span class='ocrx_word' id='word_1_363' title='bbox 618 3728 696 3794; x_wconf 90' lang='grc' dir='ltr'>είναι</span> <span class='ocrx_word' id='word_1_364' title='bbox 710 3724 860 3794; x_wconf 73' lang='grc' dir='ltr'>διἀῦτά·</span> <span class='ocrx_word' id='word_1_365' title='bbox 882 3735 947 3806; x_wconf 81' lang='grc' dir='ltr'>πῶς</span> <span class='ocrx_word' id='word_1_366' title='bbox 994 3729 1071 3808; x_wconf 90' lang='lat' dir='ltr'><strong>tela,</strong></span> <span class='ocrx_word' id='word_1_367' title='bbox 1087 3743 1126 3791; x_wconf 90' lang='lat' dir='ltr'><strong>eo</strong></span> <span class='ocrx_word' id='word_1_368' title='bbox 1143 3744 1251 3808; x_wconf 84' lang='lat' dir='ltr'><strong>usque</strong></span> <span class='ocrx_word' id='word_1_369' title='bbox 1274 3732 1313 3792; x_wconf 90' lang='lat' dir='ltr'><strong>ut</strong></span> <span class='ocrx_word' id='word_1_370' title='bbox 1339 3732 1481 3794; x_wconf 86' lang='lat' dir='ltr'><strong>maseuli</strong></span> <span class='ocrx_word' id='word_1_371' title='bbox 1504 3733 1546 3795; x_wconf 81' lang='lat' dir='ltr'><strong>&#39;in</strong></span> <span class='ocrx_word' id='word_1_372' title='bbox 1572 3735 1740 3798; x_wconf 81' lang='lat' dir='ltr'><strong>masculos</strong></span> 
     </span>
     <span class='ocr_line' id='line_1_33' title="bbox 196 3829 1745 3921; baseline 0.001 -21"><span class='ocrx_word' id='word_1_373' title='bbox 196 3836 257 3902; x_wconf 87' lang='grc' dir='ltr'>οῦιι</span> <span class='ocrx_word' id='word_1_374' title='bbox 271 3836 311 3903; x_wconf 81' lang='grc' dir='ltr'><strong>ἂν</strong></span> <span class='ocrx_word' id='word_1_375' title='bbox 333 3836 397 3903; x_wconf 82' lang='grc' dir='ltr'>εἶεν</span> <span class='ocrx_word' id='word_1_376' title='bbox 411 3833 569 3921; x_wconf 74' lang='grc' dir='ltr'>πρόδηλον</span> <span class='ocrx_word' id='word_1_377' title='bbox 592 3835 640 3900; x_wconf 79' lang='grc' dir='ltr'>ὅτι</span> <span class='ocrx_word' id='word_1_378' title='bbox 654 3834 715 3901; x_wconf 78' lang='grc' dir='ltr'><strong>κᾶν</strong></span> <span class='ocrx_word' id='word_1_379' title='bbox 743 3831 868 3919; x_wconf 83' lang='grc' dir='ltr'>μυρίους</span> <span class='ocrx_word' id='word_1_380' title='bbox 884 3833 948 3900; x_wconf 84' lang='grc' dir='ltr'>ὲπι-</span> <span class='ocrx_word' id='word_1_381' title='bbox 995 3829 1108 3895; x_wconf 84' lang='lat' dir='ltr'><strong>furore</strong></span> <span class='ocrx_word' id='word_1_382' title='bbox 1120 3832 1321 3913; x_wconf 88' lang='lat' dir='ltr'><strong>insanirent,</strong></span> <span class='ocrx_word' id='word_1_383' title='bbox 1337 3851 1376 3897; x_wconf 89' lang='lat' dir='ltr'><strong>ao</strong></span> <span class='ocrx_word' id='word_1_384' title='bbox 1392 3851 1451 3917; x_wconf 90' lang='lat' dir='ltr'><strong>per</strong></span> <span class='ocrx_word' id='word_1_385' title='bbox 1466 3851 1609 3918; x_wconf 72' lang='lat' dir='ltr'><strong>quaeque</strong></span> <span class='ocrx_word' id='word_1_386' title='bbox 1625 3838 1745 3902; x_wconf 87' lang='lat' dir='ltr'><strong>imma·</strong></span> 
     </span>
    </p>
   </div>
   <div class='ocr_carea' id='block_1_6' title="bbox 196 4048 1746 5252">
    <p class='ocr_par' dir='ltr' id='par_1_6' title="bbox 196 4048 1746 5252">
     <span class='ocr_line' id='line_1_34' title="bbox 197 4048 1746 4130; baseline 0.001 -16"><span class='ocrx_word' id='word_1_387' title='bbox 197 4057 324 4114; x_wconf 74' lang='lat' dir='ltr'><strong>directos</strong></span> <span class='ocrx_word' id='word_1_388' title='bbox 341 4073 427 4112; x_wconf 82' lang='lat' dir='ltr'><strong>anans</strong></span> <span class='ocrx_word' id='word_1_389' title='bbox 438 4055 573 4113; x_wconf 83' lang='lat' dir='ltr'><strong>absolute</strong></span> <span class='ocrx_word' id='word_1_390' title='bbox 594 4054 721 4129; x_wconf 84' lang='lat' dir='ltr'><strong>positos:</strong></span> <span class='ocrx_word' id='word_1_391' title='bbox 742 4053 796 4110; x_wconf 86' lang='lat' dir='ltr'><strong>sed</strong></span> <span class='ocrx_word' id='word_1_392' title='bbox 806 4051 899 4111; x_wconf 78' lang='lat' dir='ltr'><strong>verba</strong></span> <span class='ocrx_word' id='word_1_393' title='bbox 918 4058 950 4109; x_wconf 82' lang='lat' dir='ltr'><strong>et</strong></span> <span class='ocrx_word' id='word_1_394' title='bbox 994 4048 1054 4107; x_wconf 88' lang='lat' dir='ltr'><strong>reti</strong></span> <span class='ocrx_word' id='word_1_395' title='bbox 1062 4051 1131 4122; x_wconf 82' lang='lat' dir='ltr'><strong>tela,</strong></span> <span class='ocrx_word' id='word_1_396' title='bbox 1143 4050 1225 4107; x_wconf 83' lang='lat' dir='ltr'><strong>loona</strong></span> <span class='ocrx_word' id='word_1_397' title='bbox 1240 4058 1341 4109; x_wconf 83' lang='lat' dir='ltr'><strong>noster</strong></span> <span class='ocrx_word' id='word_1_398' title='bbox 1351 4060 1397 4110; x_wconf 88' lang='lat' dir='ltr'><strong>ast</strong></span> <span class='ocrx_word' id='word_1_399' title='bbox 1409 4054 1639 4130; x_wconf 82' lang='lat' dir='ltr'><strong>quasiinpanno</strong></span> <span class='ocrx_word' id='word_1_400' title='bbox 1649 4057 1746 4115; x_wconf 84' lang='lat' dir='ltr'><strong>laoero</strong></span> 
     </span>
     <span class='ocr_line' id='line_1_35' title="bbox 197 4137 1740 4216; baseline 0.001 -17"><span class='ocrx_word' id='word_1_401' title='bbox 197 4143 358 4200; x_wconf 86' lang='lat' dir='ltr'><strong>sententias</strong></span> <span class='ocrx_word' id='word_1_402' title='bbox 375 4140 495 4214; x_wconf 76' lang='lat' dir='ltr'><strong>regerit,</strong></span> <span class='ocrx_word' id='word_1_403' title='bbox 512 4159 577 4214; x_wconf 72' lang='lat' dir='ltr'><strong>quta</strong></span> <span class='ocrx_word' id='word_1_404' title='bbox 589 4141 730 4216; x_wconf 75' lang='lat' dir='ltr'><strong>peculiari</strong></span> <span class='ocrx_word' id='word_1_405' title='bbox 747 4139 814 4213; x_wconf 83' lang='lat' dir='ltr'><strong>jure</strong></span> <span class='ocrx_word' id='word_1_406' title='bbox 826 4139 865 4194; x_wconf 83' lang='lat' dir='ltr'><strong>ad</strong></span> <span class='ocrx_word' id='word_1_407' title='bbox 883 4155 949 4196; x_wconf 87' lang='lat' dir='ltr'><strong>enm</strong></span> <span class='ocrx_word' id='word_1_408' title='bbox 995 4153 1132 4211; x_wconf 79' lang='lat' dir='ltr'><strong>purpura</strong></span> <span class='ocrx_word' id='word_1_409' title='bbox 1144 4137 1219 4194; x_wconf 77' lang='lat' dir='ltr'><strong>&#39;l&#39;um</strong></span> <span class='ocrx_word' id='word_1_410' title='bbox 1237 4137 1362 4210; x_wconf 85' lang='lat' dir='ltr'><strong>demum,</strong></span> <span class='ocrx_word' id='word_1_411' title='bbox 1375 4140 1452 4212; x_wconf 89' lang='lat' dir='ltr'><strong>quod</strong></span> <span class='ocrx_word' id='word_1_412' title='bbox 1464 4140 1496 4196; x_wconf 90' lang='lat' dir='ltr'><strong>in</strong></span> <span class='ocrx_word' id='word_1_413' title='bbox 1512 4141 1615 4215; x_wconf 87' lang='lat' dir='ltr'><strong>primis</strong></span> <span class='ocrx_word' id='word_1_414' title='bbox 1627 4143 1674 4201; x_wconf 88' lang='lat' dir='ltr'><strong>vir</strong></span> <span class='ocrx_word' id='word_1_415' title='bbox 1685 4145 1740 4200; x_wconf 85' lang='lat' dir='ltr'><strong>ori-</strong></span> 
     </span>
     <span class='ocr_line' id='line_1_36' title="bbox 197 4222 1743 4302; baseline 0.001 -17"><span class='ocrx_word' id='word_1_416' title='bbox 197 4231 345 4302; x_wconf 86' lang='lat' dir='ltr'><strong>pertinere</strong></span> <span class='ocrx_word' id='word_1_417' title='bbox 356 4245 526 4285; x_wconf 78' lang='grc' dir='ltr'>οοσσεοειυιι</span> <span class='ocrx_word' id='word_1_418' title='bbox 538 4233 591 4298; x_wconf 85' lang='lat' dir='ltr'><strong>ast,</strong></span> <span class='ocrx_word' id='word_1_419' title='bbox 608 4232 643 4284; x_wconf 88' lang='lat' dir='ltr'><strong>ut</strong></span> <span class='ocrx_word' id='word_1_420' title='bbox 659 4227 812 4284; x_wconf 85' lang='lat' dir='ltr'><strong>innumera</strong></span> <span class='ocrx_word' id='word_1_421' title='bbox 828 4243 893 4299; x_wconf 76' lang='lat' dir='ltr'><strong>qun</strong></span> <span class='ocrx_word' id='word_1_422' title='bbox 905 4225 949 4282; x_wconf 91' lang='lat' dir='ltr'><strong>di·</strong></span> <span class='ocrx_word' id='word_1_423' title='bbox 993 4222 1071 4279; x_wconf 85' lang='lat' dir='ltr'><strong>tions</strong></span> <span class='ocrx_word' id='word_1_424' title='bbox 1083 4223 1232 4298; x_wconf 85' lang='lat' dir='ltr'><strong>expandit,</strong></span> <span class='ocrx_word' id='word_1_425' title='bbox 1250 4225 1327 4282; x_wconf 88' lang='lat' dir='ltr'><strong>ratio</strong></span> <span class='ocrx_word' id='word_1_426' title='bbox 1344 4225 1488 4283; x_wconf 66' lang='lat' dir='ltr'><strong>habmtnr</strong></span> <span class='ocrx_word' id='word_1_427' title='bbox 1504 4233 1676 4302; x_wconf 86' lang='lat' dir='ltr'><strong>temporum,</strong></span> <span class='ocrx_word' id='word_1_428' title='bbox 1689 4247 1743 4287; x_wconf 86' lang='lat' dir='ltr'><strong>nae</strong></span> 
     </span>
     <span class='ocr_line' id='line_1_37' title="bbox 196 4310 1742 4387; baseline 0.002 -16"><span class='ocrx_word' id='word_1_429' title='bbox 196 4321 303 4371; x_wconf 76' lang='lat' dir='ltr'><strong>cuntur</strong></span> <span class='ocrx_word' id='word_1_430' title='bbox 313 4313 469 4387; x_wconf 81' lang='lat' dir='ltr'><strong>partieipia</strong></span> <span class='ocrx_word' id='word_1_431' title='bbox 481 4319 512 4369; x_wconf 89' lang='lat' dir='ltr'><strong>et</strong></span> <span class='ocrx_word' id='word_1_432' title='bbox 523 4312 660 4372; x_wconf 69' lang='lat' dir='ltr'><strong>verbane</strong></span> <span class='ocrx_word' id='word_1_433' title='bbox 676 4312 819 4371; x_wconf 79' lang='lat' dir='ltr'><strong>voeabula</strong></span> <span class='ocrx_word' id='word_1_434' title='bbox 831 4327 947 4384; x_wconf 76' lang='lat' dir='ltr'><strong>rompo-</strong></span> <span class='ocrx_word' id='word_1_435' title='bbox 993 4310 1161 4382; x_wconf 85' lang='lat' dir='ltr'><strong>negllgatur</strong></span> <span class='ocrx_word' id='word_1_436' title='bbox 1178 4327 1244 4368; x_wconf 85' lang='lat' dir='ltr'><strong>oum</strong></span> <span class='ocrx_word' id='word_1_437' title='bbox 1265 4313 1362 4370; x_wconf 85' lang='lat' dir='ltr'><strong>atheis</strong></span> <span class='ocrx_word' id='word_1_438' title='bbox 1379 4313 1513 4371; x_wconf 75' lang='lat' dir='ltr'><strong>volitatio</strong></span> <span class='ocrx_word' id='word_1_439' title='bbox 1535 4321 1597 4372; x_wconf 82' lang='lat' dir='ltr'><strong>tam</strong></span> <span class='ocrx_word' id='word_1_440' title='bbox 1620 4317 1742 4374; x_wconf 78' lang='lat' dir='ltr'><strong>Eusebii</strong></span> 
     </span>
     <span class='ocr_line' id='line_1_38' title="bbox 197 4398 1740 4473; baseline 0.002 -15"><span class='ocrx_word' id='word_1_441' title='bbox 197 4404 263 4458; x_wconf 84' lang='lat' dir='ltr'><strong>sita:</strong></span> <span class='ocrx_word' id='word_1_442' title='bbox 275 4417 303 4458; x_wconf 84' lang='lat' dir='ltr'><strong>v.</strong></span> <span class='ocrx_word' id='word_1_443' title='bbox 313 4403 331 4457; x_wconf 87' lang='grc'><strong>9</strong></span> <span class='ocrx_word' id='word_1_444' title='bbox 340 4399 466 4457; x_wconf 81' lang='lat' dir='ltr'><strong>formula</strong></span> <span class='ocrx_word' id='word_1_445' title='bbox 475 4401 562 4472; x_wconf 81' lang='lat' dir='ltr'><strong>qnam</strong></span> <span class='ocrx_word' id='word_1_446' title='bbox 571 4399 662 4456; x_wconf 87' lang='lat' dir='ltr'><strong>semel</strong></span> <span class='ocrx_word' id='word_1_447' title='bbox 671 4405 703 4455; x_wconf 87' lang='lat' dir='ltr'><strong>et</strong></span> <span class='ocrx_word' id='word_1_448' title='bbox 712 4399 820 4456; x_wconf 85' lang='lat' dir='ltr'><strong>iterum</strong></span> <span class='ocrx_word' id='word_1_449' title='bbox 829 4399 891 4471; x_wconf 82' lang='lat' dir='ltr'><strong>jam</strong></span> <span class='ocrx_word' id='word_1_450' title='bbox 903 4398 947 4455; x_wconf 84' lang='lat' dir='ltr'><strong>vi·</strong></span> <span class='ocrx_word' id='word_1_451' title='bbox 994 4401 1159 4470; x_wconf 86' lang='lat' dir='ltr'><strong>opportuna</strong></span> <span class='ocrx_word' id='word_1_452' title='bbox 1171 4403 1202 4454; x_wconf 90' lang='lat' dir='ltr'><strong>et</strong></span> <span class='ocrx_word' id='word_1_453' title='bbox 1223 4399 1383 4472; x_wconf 80' lang='lat' dir='ltr'><strong>eommoda,</strong></span> <span class='ocrx_word' id='word_1_454' title='bbox 1401 4417 1488 4473; x_wconf 82' lang='lat' dir='ltr'><strong>qnam</strong></span> <span class='ocrx_word' id='word_1_455' title='bbox 1500 4403 1685 4461; x_wconf 67' lang='lat' dir='ltr'><strong>Theodoreto</strong></span> <span class='ocrx_word' id='word_1_456' title='bbox 1697 4405 1740 4460; x_wconf 89' lang='lat' dir='ltr'><strong>in-</strong></span> 
     </span>
     <span class='ocr_line' id='line_1_39' title="bbox 197 4483 1741 4560; baseline 0.001 -17"><span class='ocrx_word' id='word_1_457' title='bbox 197 4486 302 4557; x_wconf 84' lang='lat' dir='ltr'><strong>dimus,</strong></span> <span class='ocrx_word' id='word_1_458' title='bbox 318 4489 354 4540; x_wconf 83' lang='grc' dir='ltr'>τῦι</span> <span class='ocrx_word' id='word_1_459' title='bbox 370 4489 468 4554; x_wconf 76' lang='grc' dir='ltr'>φυσικά</span> <span class='ocrx_word' id='word_1_460' title='bbox 485 4489 621 4554; x_wconf 75' lang='grc' dir='ltr'>σπῦρματα</span> <span class='ocrx_word' id='word_1_461' title='bbox 637 4490 684 4540; x_wconf 81' lang='grc' dir='ltr'>καί</span> <span class='ocrx_word' id='word_1_462' title='bbox 701 4490 727 4540; x_wconf 83' lang='grc' dir='ltr'><strong>οι</strong></span> <span class='ocrx_word' id='word_1_463' title='bbox 743 4489 860 4552; x_wconf 75' lang='grc' dir='ltr'>περὶτοῦ</span> <span class='ocrx_word' id='word_1_464' title='bbox 879 4485 948 4538; x_wconf 84' lang='grc' dir='ltr'>Θεοῦ</span> <span class='ocrx_word' id='word_1_465' title='bbox 993 4483 1091 4540; x_wconf 84' lang='lat' dir='ltr'><strong>solans</strong></span> <span class='ocrx_word' id='word_1_466' title='bbox 1104 4489 1135 4540; x_wconf 90' lang='lat' dir='ltr'><strong>st</strong></span> <span class='ocrx_word' id='word_1_467' title='bbox 1147 4499 1372 4558; x_wconf 76' lang='lat' dir='ltr'><strong>mparvaoanea.</strong></span> <span class='ocrx_word' id='word_1_468' title='bbox 1383 4517 1416 4530; x_wconf 88' lang='lat'>-</span> <span class='ocrx_word' id='word_1_469' title='bbox 1429 4486 1583 4544; x_wconf 78' lang='lat' dir='ltr'><strong>Sehnlzias</strong></span> <span class='ocrx_word' id='word_1_470' title='bbox 1593 4488 1667 4560; x_wconf 85' lang='lat' dir='ltr'><strong>legit</strong></span> <span class='ocrx_word' id='word_1_471' title='bbox 1678 4491 1741 4544; x_wconf 86' lang='grc' dir='ltr'>ῦπα-</span> 
     </span>
     <span class='ocr_line' id='line_1_40' title="bbox 198 4571 1743 4644; baseline 0.001 -15"><span class='ocrx_word' id='word_1_472' title='bbox 198 4579 301 4642; x_wconf 81' lang='grc' dir='ltr'>φυπιιοέ</span> <span class='ocrx_word' id='word_1_473' title='bbox 321 4575 450 4643; x_wconf 77' lang='grc' dir='ltr'>λογισμοί,</span> <span class='ocrx_word' id='word_1_474' title='bbox 472 4578 503 4628; x_wconf 89' lang='lat' dir='ltr'><strong>st</strong></span> <span class='ocrx_word' id='word_1_475' title='bbox 523 4571 597 4628; x_wconf 87' lang='lat' dir='ltr'><strong>illud</strong></span> <span class='ocrx_word' id='word_1_476' title='bbox 612 4571 882 4643; x_wconf 75' lang='lat' dir='ltr'><strong>frequentissimum</strong></span> <span class='ocrx_word' id='word_1_477' title='bbox 902 4574 949 4626; x_wconf 80' lang='grc' dir='ltr'><strong>τὸν</strong></span> <span class='ocrx_word' id='word_1_478' title='bbox 993 4575 1116 4640; x_wconf 84' lang='grc' dir='ltr'>κείμενον</span> <span class='ocrx_word' id='word_1_479' title='bbox 1128 4573 1299 4640; x_wconf 82' lang='grc' dir='ltr'>τεταγμίνον,</span> <span class='ocrx_word' id='word_1_480' title='bbox 1317 4575 1348 4628; x_wconf 90' lang='lat' dir='ltr'><strong>et</strong></span> <span class='ocrx_word' id='word_1_481' title='bbox 1365 4579 1536 4630; x_wconf 64' lang='lat' dir='ltr'><strong>nommant</strong></span> <span class='ocrx_word' id='word_1_482' title='bbox 1551 4578 1617 4644; x_wconf 76' lang='grc' dir='ltr'>μηδῦ</span> <span class='ocrx_word' id='word_1_483' title='bbox 1634 4577 1683 4644; x_wconf 79' lang='grc' dir='ltr'><strong>τὴν</strong></span> <span class='ocrx_word' id='word_1_484' title='bbox 1695 4579 1743 4644; x_wconf 76' lang='grc' dir='ltr'><strong>αρ-</strong></span> 
     </span>
     <span class='ocr_line' id='line_1_41' title="bbox 198 4655 1741 4731; baseline 0.001 -17"><span class='ocrx_word' id='word_1_485' title='bbox 198 4663 240 4715; x_wconf 71' lang='lat' dir='ltr'><strong>lat</strong></span> <span class='ocrx_word' id='word_1_486' title='bbox 252 4663 359 4715; x_wconf 80' lang='grc' dir='ltr'>πάντων</span> <span class='ocrx_word' id='word_1_487' title='bbox 371 4661 439 4716; x_wconf 82' lang='grc' dir='ltr'>Θεὸν</span> <span class='ocrx_word' id='word_1_488' title='bbox 451 4663 482 4715; x_wconf 87' lang='lat' dir='ltr'><strong>et</strong></span> <span class='ocrx_word' id='word_1_489' title='bbox 494 4655 584 4714; x_wconf 84' lang='lat' dir='ltr'><strong>diotio</strong></span> <span class='ocrx_word' id='word_1_490' title='bbox 597 4661 659 4729; x_wconf 82' lang='grc' dir='ltr'>βίος,</span> <span class='ocrx_word' id='word_1_491' title='bbox 672 4657 784 4713; x_wconf 82' lang='lat' dir='ltr'><strong>dotato</strong></span> <span class='ocrx_word' id='word_1_492' title='bbox 799 4655 950 4712; x_wconf 87' lang='lat' dir='ltr'><strong>hominnm</strong></span> <span class='ocrx_word' id='word_1_493' title='bbox 992 4661 1045 4727; x_wconf 81' lang='grc' dir='ltr'><strong>χην</strong></span> <span class='ocrx_word' id='word_1_494' title='bbox 1067 4661 1134 4711; x_wconf 81' lang='grc' dir='ltr'>είναι</span> <span class='ocrx_word' id='word_1_495' title='bbox 1154 4657 1222 4712; x_wconf 85' lang='grc' dir='ltr'>Θεδν</span> <span class='ocrx_word' id='word_1_496' title='bbox 1243 4655 1287 4713; x_wconf 83' lang='lat' dir='ltr'><strong>sio</strong></span> <span class='ocrx_word' id='word_1_497' title='bbox 1303 4657 1409 4716; x_wconf 83' lang='lat' dir='ltr'><strong>vertit:</strong></span> <span class='ocrx_word' id='word_1_498' title='bbox 1421 4674 1473 4716; x_wconf 87' lang='grc' dir='ltr'>ειεσ</span> <span class='ocrx_word' id='word_1_499' title='bbox 1493 4660 1579 4716; x_wconf 69' lang='lat' dir='ltr'><strong>adm</strong></span> <span class='ocrx_word' id='word_1_500' title='bbox 1600 4675 1661 4716; x_wconf 85' lang='grc' dir='ltr'>εεεε</span> <span class='ocrx_word' id='word_1_501' title='bbox 1680 4661 1741 4731; x_wconf 77' lang='lat' dir='ltr'><strong>ejas</strong></span> 
     </span>
     <span class='ocr_line' id='line_1_42' title="bbox 197 4741 1742 4817; baseline -0.001 -15"><span class='ocrx_word' id='word_1_502' title='bbox 197 4762 313 4817; x_wconf 84' lang='lat' dir='ltr'><strong>genere,</strong></span> <span class='ocrx_word' id='word_1_503' title='bbox 331 4751 384 4813; x_wconf 79' lang='grc' dir='ltr'>πῦς</span> <span class='ocrx_word' id='word_1_504' title='bbox 408 4747 425 4800; x_wconf 86' lang='grc' dir='ltr'>δ</span> <span class='ocrx_word' id='word_1_505' title='bbox 450 4747 519 4814; x_wconf 83' lang='grc' dir='ltr'>βίος;</span> <span class='ocrx_word' id='word_1_506' title='bbox 545 4743 594 4816; x_wconf 86' lang='grc' dir='ltr'>(σί.</span> <span class='ocrx_word' id='word_1_507' title='bbox 612 4741 810 4799; x_wconf 78' lang='grc' dir='ltr'>Μουιίεοοοιι.</span> <span class='ocrx_word' id='word_1_508' title='bbox 825 4741 948 4813; x_wconf 79' lang='grc' dir='ltr'>Ρνοίσρρ.</span> <span class='ocrx_word' id='word_1_509' title='bbox 994 4743 1151 4815; x_wconf 56' lang='lat' dir='ltr'><strong>operiam,</strong></span> <span class='ocrx_word' id='word_1_510' title='bbox 1169 4759 1205 4798; x_wconf 87' lang='lat' dir='ltr'><strong>ao</strong></span> <span class='ocrx_word' id='word_1_511' title='bbox 1221 4741 1331 4799; x_wconf 84' lang='lat' dir='ltr'><strong>dividit</strong></span> <span class='ocrx_word' id='word_1_512' title='bbox 1348 4742 1436 4800; x_wconf 79' lang='lat' dir='ltr'><strong>aliter</strong></span> <span class='ocrx_word' id='word_1_513' title='bbox 1456 4761 1492 4800; x_wconf 87' lang='lat' dir='ltr'><strong>ao</strong></span> <span class='ocrx_word' id='word_1_514' title='bbox 1509 4759 1576 4800; x_wconf 88' lang='lat' dir='ltr'><strong>nos:</strong></span> <span class='ocrx_word' id='word_1_515' title='bbox 1593 4747 1742 4814; x_wconf 79' lang='grc' dir='ltr'>διεηῦειραν</span> 
     </span>
     <span class='ocr_line' id='line_1_43' title="bbox 196 4829 1741 4906; baseline -0.002 -16"><span class='ocrx_word' id='word_1_516' title='bbox 196 4833 457 4906; x_wconf 78' lang='lat' dir='ltr'><strong>oap.v1,a,x,1;)</strong></span> <span class='ocrx_word' id='word_1_517' title='bbox 476 4835 530 4887; x_wconf 81' lang='lat' dir='ltr'><strong>eto.</strong></span> <span class='ocrx_word' id='word_1_518' title='bbox 542 4829 627 4886; x_wconf 81' lang='lat' dir='ltr'><strong>Adde</strong></span> <span class='ocrx_word' id='word_1_519' title='bbox 639 4829 772 4886; x_wconf 77' lang='lat' dir='ltr'><strong>audiam</strong></span> <span class='ocrx_word' id='word_1_520' title='bbox 783 4835 950 4886; x_wconf 80' lang='lat' dir='ltr'><strong>nostrornm</strong></span> <span class='ocrx_word' id='word_1_521' title='bbox 993 4833 1065 4899; x_wconf 73' lang='grc' dir='ltr'>αὐτῷ</span> <span class='ocrx_word' id='word_1_522' title='bbox 1083 4832 1191 4898; x_wconf 74' lang='grc' dir='ltr'>σάματι,</span> <span class='ocrx_word' id='word_1_523' title='bbox 1209 4833 1246 4896; x_wconf 84' lang='grc' dir='ltr'><strong>εῑς</strong></span> <span class='ocrx_word' id='word_1_524' title='bbox 1258 4834 1345 4896; x_wconf 75' lang='grc' dir='ltr'>πάσαν</span> <span class='ocrx_word' id='word_1_525' title='bbox 1363 4835 1417 4885; x_wconf 85' lang='lat' dir='ltr'><strong>eto.</strong></span> <span class='ocrx_word' id='word_1_526' title='bbox 1430 4835 1493 4886; x_wconf 86' lang='lat' dir='ltr'><strong>tum</strong></span> <span class='ocrx_word' id='word_1_527' title='bbox 1509 4830 1679 4904; x_wconf 87' lang='lat' dir='ltr'><strong>paulopost</strong></span> <span class='ocrx_word' id='word_1_528' title='bbox 1690 4831 1741 4887; x_wconf 87' lang='lat' dir='ltr'><strong>ha·</strong></span> 
     </span>
     <span class='ocr_line' id='line_1_44' title="bbox 196 4913 1740 4990; baseline 0 -16"><span class='ocrx_word' id='word_1_529' title='bbox 196 4915 456 4975; x_wconf 83' lang='lat' dir='ltr'><strong>stMontsfaloonii</strong></span> <span class='ocrx_word' id='word_1_530' title='bbox 465 4920 554 4988; x_wconf 83' lang='lat' dir='ltr'><strong>atque</strong></span> <span class='ocrx_word' id='word_1_531' title='bbox 563 4913 696 4972; x_wconf 80' lang='lat' dir='ltr'><strong>&lt;larderii</strong></span> <span class='ocrx_word' id='word_1_532' title='bbox 705 4931 887 4986; x_wconf 75' lang='lat' dir='ltr'><strong>demensum,</strong></span> <span class='ocrx_word' id='word_1_533' title='bbox 898 4914 948 4971; x_wconf 85' lang='lat' dir='ltr'><strong>ad·</strong></span> <span class='ocrx_word' id='word_1_534' title='bbox 992 4915 1056 4972; x_wconf 87' lang='lat' dir='ltr'><strong>bet:</strong></span> <span class='ocrx_word' id='word_1_535' title='bbox 1067 4919 1124 4981; x_wconf 87' lang='grc' dir='ltr'>πῦς</span> <span class='ocrx_word' id='word_1_536' title='bbox 1136 4916 1186 4969; x_wconf 85' lang='grc' dir='ltr'>οῦκ</span> <span class='ocrx_word' id='word_1_537' title='bbox 1194 4916 1227 4969; x_wconf 78' lang='grc' dir='ltr'><strong>ἐν</strong></span> <span class='ocrx_word' id='word_1_538' title='bbox 1240 4919 1302 4970; x_wconf 73' lang='grc' dir='ltr'>εἰσιν</span> <span class='ocrx_word' id='word_1_539' title='bbox 1314 4917 1442 4984; x_wconf 83' lang='grc' dir='ltr'>πρόδηλα</span> <span class='ocrx_word' id='word_1_540' title='bbox 1452 4921 1507 4972; x_wconf 81' lang='lat' dir='ltr'><strong>eto.</strong></span> <span class='ocrx_word' id='word_1_541' title='bbox 1517 4915 1590 4973; x_wconf 71' lang='lat' dir='ltr'><strong>Haeo</strong></span> <span class='ocrx_word' id='word_1_542' title='bbox 1598 4917 1686 4990; x_wconf 85' lang='lat' dir='ltr'><strong>paulo</strong></span> <span class='ocrx_word' id='word_1_543' title='bbox 1694 4916 1740 4974; x_wconf 84' lang='lat' dir='ltr'><strong>fn-</strong></span> 
     </span>
     <span class='ocr_line' id='line_1_45' title="bbox 197 5000 1739 5076; baseline 0.001 -16"><span class='ocrx_word' id='word_1_544' title='bbox 197 5004 234 5061; x_wconf 89' lang='lat' dir='ltr'><strong>de</strong></span> <span class='ocrx_word' id='word_1_545' title='bbox 245 5003 399 5076; x_wconf 85' lang='lat' dir='ltr'><strong>utriusque</strong></span> <span class='ocrx_word' id='word_1_546' title='bbox 411 5001 533 5062; x_wconf 82' lang='lat' dir='ltr'><strong>Eusebii</strong></span> <span class='ocrx_word' id='word_1_547' title='bbox 545 5001 747 5058; x_wconf 83' lang='lat' dir='ltr'><strong>oommentarii</strong></span> <span class='ocrx_word' id='word_1_548' title='bbox 759 5001 823 5061; x_wconf 83' lang='lat' dir='ltr'><strong>sive</strong></span> <span class='ocrx_word' id='word_1_549' title='bbox 839 5001 948 5072; x_wconf 79' lang='lat' dir='ltr'><strong>brevis,</strong></span> <span class='ocrx_word' id='word_1_550' title='bbox 991 5002 1063 5073; x_wconf 86' lang='lat' dir='ltr'><strong>sius,</strong></span> <span class='ocrx_word' id='word_1_551' title='bbox 1075 5017 1110 5058; x_wconf 87' lang='lat' dir='ltr'><strong>ao</strong></span> <span class='ocrx_word' id='word_1_552' title='bbox 1119 5000 1210 5057; x_wconf 85' lang='lat' dir='ltr'><strong>semel</strong></span> <span class='ocrx_word' id='word_1_553' title='bbox 1223 5005 1347 5073; x_wconf 85' lang='lat' dir='ltr'><strong>tantum,</strong></span> <span class='ocrx_word' id='word_1_554' title='bbox 1356 5018 1422 5074; x_wconf 84' lang='lat' dir='ltr'><strong>qma</strong></span> <span class='ocrx_word' id='word_1_555' title='bbox 1435 5002 1587 5059; x_wconf 71' lang='lat' dir='ltr'><strong>messione</strong></span> <span class='ocrx_word' id='word_1_556' title='bbox 1600 5002 1678 5075; x_wconf 85' lang='lat' dir='ltr'><strong>data,</strong></span> <span class='ocrx_word' id='word_1_557' title='bbox 1687 5021 1739 5064; x_wconf 81' lang='lat' dir='ltr'><strong>aa·</strong></span> 
     </span>
     <span class='ocr_line' id='line_1_46' title="bbox 196 5086 1742 5165; baseline 0 -19"><span class='ocrx_word' id='word_1_558' title='bbox 196 5091 260 5150; x_wconf 83' lang='lat' dir='ltr'><strong>siva</strong></span> <span class='ocrx_word' id='word_1_559' title='bbox 271 5089 442 5161; x_wconf 76' lang='lat' dir='ltr'><strong>integrioris</strong></span> <span class='ocrx_word' id='word_1_560' title='bbox 460 5089 566 5156; x_wconf 79' lang='lat' dir='ltr'><strong>seriem</strong></span> <span class='ocrx_word' id='word_1_561' title='bbox 583 5093 756 5163; x_wconf 83' lang='lat' dir='ltr'><strong>perpetuam</strong></span> <span class='ocrx_word' id='word_1_562' title='bbox 774 5095 808 5146; x_wconf 87' lang='lat' dir='ltr'><strong>et</strong></span> <span class='ocrx_word' id='word_1_563' title='bbox 826 5105 948 5146; x_wconf 83' lang='lat' dir='ltr'><strong>eonsen-</strong></span> <span class='ocrx_word' id='word_1_564' title='bbox 992 5104 1056 5144; x_wconf 85' lang='lat' dir='ltr'><strong>sam</strong></span> <span class='ocrx_word' id='word_1_565' title='bbox 1073 5086 1261 5160; x_wconf 83' lang='lat' dir='ltr'><strong>praebuerunt</strong></span> <span class='ocrx_word' id='word_1_566' title='bbox 1279 5086 1463 5146; x_wconf 72' lang='lat' dir='ltr'><strong>damribendi</strong></span> <span class='ocrx_word' id='word_1_567' title='bbox 1480 5089 1591 5165; x_wconf 81' lang='lat' dir='ltr'><strong>stylum</strong></span> <span class='ocrx_word' id='word_1_568' title='bbox 1608 5095 1638 5150; x_wconf 84' lang='lat' dir='ltr'><strong>et</strong></span> <span class='ocrx_word' id='word_1_569' title='bbox 1659 5089 1742 5148; x_wconf 84' lang='lat' dir='ltr'><strong>indo·</strong></span> 
     </span>
     <span class='ocr_line' id='line_1_47' title="bbox 196 5173 1193 5252; baseline -0.005 -16"><span class='ocrx_word' id='word_1_570' title='bbox 196 5183 322 5250; x_wconf 73' lang='lat' dir='ltr'><strong>tanam,</strong></span> <span class='ocrx_word' id='word_1_571' title='bbox 336 5177 406 5238; x_wconf 88' lang='lat' dir='ltr'><strong>dum</strong></span> <span class='ocrx_word' id='word_1_572' title='bbox 417 5177 449 5237; x_wconf 85' lang='lat' dir='ltr'><strong>in</strong></span> <span class='ocrx_word' id='word_1_573' title='bbox 465 5183 554 5251; x_wconf 83' lang='lat' dir='ltr'><strong>rupta</strong></span> <span class='ocrx_word' id='word_1_574' title='bbox 566 5182 596 5234; x_wconf 88' lang='lat' dir='ltr'><strong>et</strong></span> <span class='ocrx_word' id='word_1_575' title='bbox 612 5175 660 5234; x_wconf 84' lang='lat' dir='ltr'><strong>bis</strong></span> <span class='ocrx_word' id='word_1_576' title='bbox 672 5176 798 5252; x_wconf 83' lang='lat' dir='ltr'><strong>repetite</strong></span> <span class='ocrx_word' id='word_1_577' title='bbox 815 5175 949 5236; x_wconf 73' lang='lat' dir='ltr'><strong>rneoao-</strong></span> <span class='ocrx_word' id='word_1_578' title='bbox 992 5176 1052 5234; x_wconf 86' lang='lat' dir='ltr'><strong>lem</strong></span> <span class='ocrx_word' id='word_1_579' title='bbox 1065 5173 1193 5234; x_wconf 71' lang='lat' dir='ltr'><strong>amobit</strong></span> 
     </span>
    </p>
   </div>
   <div class='ocr_carea' id='block_1_7' title="bbox 0 0 2026 6104">
    <p class='ocr_par' dir='ltr' id='par_1_7' title="bbox 0 0 2026 6104">
     <span class='ocr_line' id='line_1_48' title="bbox 0 0 2026 6104; baseline 0 0"><span class='ocrx_word' id='word_1_580' title='bbox 0 0 2026 6104; x_wconf 95' lang='lat' dir='ltr'><strong> </strong></span> 
     </span>
    </p>
   </div>
  </div>
 </body>
</html>
