4006 6090
837 471 882 536 IN
905 471 1091 537 assinos
1681 469 1747 536 335

243 611 289 678 Τδ
311 611 347 678 δὲ
369 612 506 699 συνεχὲς,
521 621 577 678 τοῦ
600 605 697 699 λόγου
718 621 757 698 τη
780 611 948 700 δοξολογίρι
1035 617 1130 679 Hanc
1152 615 1318 679 sermonis
1340 615 1462 678 seriem
1485 613 1667 696 doxologia
1690 617 1741 680 in-

199 715 355 803 διέκσψεν,
378 717 420 795 ὡς
441 719 496 781 καί
511 717 641 802 γράφων
664 725 729 795 τοῖς
747 716 906 795 Γαλάταις
930 717 947 782 δ
991 721 1152 801 terrupit:
1169 719 1218 782 sic
1234 721 1361 782 Paulus
1376 719 1527 784 scribens
1539 719 1579 782 ad
1592 721 1742 801 Galatas,
1791 762 1793 766 -

200 820 339 899 Παῦλος.
355 821 463 886 Εἰπὼν
476 821 550 906 γάρ·
562 819 663 904 Χάρις
679 819 750 906 ὑμίν
768 822 822 884 καί
838 818 948 905 εἰρήνη
993 823 1141 887 dumait:
1159 823 1297 887 «Gratia
1309 822 1404 886 vobis
1416 828 1449 886 et
1460 841 1527 904 pax
1538 825 1635 888 aDeo
1646 829 1743 905 patre

199 925 262 990 ἀπὸ
277 935 333 991 τοῦ
347 924 431 992 Θεοῦ
446 925 572 1010 Πατρός
585 924 676 1010 ήμῶν
687 922 872 1009 καίΚυρίου
885 924 949 1011 Ἰη-
993 931 1118 1006 nostro,
1139 931 1173 990 et
1194 927 1337 989 Domino
1359 927 1442 990 Jesu
1465 927 1607 1008 Christo,
1624 930 1683 1009 qui
1706 946 1744 992 se

202 1039 260 1094 coo
281 1030 430 1115 Χριστοῦ,
454 1037 511 1092 τοῦ
533 1027 640 1105 δόντος
662 1027 774 1093 ἑαυτὸν
793 1026 872 1113 ὑπὲρ
886 1037 948 1092 τῶν
993 1030 1086 1094 dedit
1099 1047 1159 1111 pro
1175 1031 1321 1110 peccatis
1344 1032 1469 1094 nostris
1484 1031 1671 1095 secundum
1688 1051 1744 1095 vo-

199 1134 359 1220 ἁμαρτιῶν
373 1131 473 1219 ήμῶν,
489 1133 574 1196 κατὰ
589 1133 627 1196 τὸ
647 1131 779 1218 θέλημα
793 1141 851 1197 τοῦ
864 1131 949 1199 Θεοῦ
993 1137 1160 1198 luntatem
1173 1135 1233 1198 Dei
1246 1139 1280 1198 et
1292 1137 1411 1215 Patris,
1426 1155 1442 1194 ν
1457 1134 1644 1215 subjunxit:
1660 1138 1741 1200 «cui

199 1238 255 1300 καί
269 1236 405 1320 Πατρός,
429 1234 602 1321 ἐπήγαγεν·
617 1231 660 1323 ’ῼ
683 1233 704 1318 ή
724 1235 801 1315 δόξα
816 1237 861 1313 είς
875 1240 948 1313 τοὺς
993 1241 1104 1318 gloria
1120 1241 1155 1302 in
1166 1239 1300 1303 saeeula.
1319 1241 1456 1302 Arnen.»
1471 1239 1514 1302 Et
1525 1240 1617 1303 alibi:
1637 1243 1743 1314 «Quo-

199 1343 324 1418 αίιῖινας.
339 1338 454 1426 Ἀμήν.
477 1339 543 1405 Καὶ
558 1340 713 1427 ἀλλαχοῦ·
730 1339 827 1424 Ὣνή
850 1340 948 1406 θιοθε-
992 1362 1068 1407 rum
1085 1348 1137 1407 est
1152 1343 1300 1406 filiorum
1316 1343 1459 1424 adoptio,
1476 1348 1510 1406 et
1524 1343 1636 1422 gloria
1652 1348 1686 1407 et
1709 1363 1744 1407 a·

200 1443 253 1510 σία
268 1445 324 1508 καί
345 1444 422 1524 δόξα
442 1444 532 1529 καίή
555 1441 686 1528 λατρεία
701 1445 756 1509 καί
774 1443 795 1529 ή
812 1446 947 1531 ἐπαγγε-
991 1448 1121 1512 doratio
1134 1454 1168 1511 et
1182 1450 1376 1530 promissi03
1394 1448 1571 1528 exquibus
1585 1449 1741 1512 estChri-

197 1548 261 1631 λία,
285 1549 319 1630 ἐξ
344 1552 387 1615 ὧν
418 1548 593 1634 δΧριστδς
619 1551 654 1614 τὸ
677 1552 762 1615 κατὰ
787 1549 902 1634 σάρκα,
928 1552 946 1615 δ
990 1557 1074 1632 stus,
1099 1552 1287 1616 secuudum
1309 1571 1455 1632 carnem,
1479 1554 1538 1634 qui
1563 1559 1742 1635 estsuper

198 1652 470 1718 bacciniorum
499 1652 580 1731 Θεὸς
606 1652 777 1739 εὐλογητὸς
804 1654 848 1733 εἰς
873 1659 947 1733 τοὺς
991 1657 1105 1719 omnia
1126 1658 1217 1720 Deus
1247 1657 1445 1720 benedictus
1476 1658 1511 1720 iu
1540 1660 1675 1721 secula.
1700 1660 1741 1720 A·

199 1758 324 1834 αίῶνας.
340 1756 454 1843 Ἀμήν.
470 1757 536 1823 Καί
558 1767 612 1822 νῦν
627 1757 644 1821 ὁ
660 1755 826 1843 προφήτης
841 1757 948 1844 ὲννσή-
992 1777 1111 1823 ιιιειι.»
1135 1759 1179 1822 Et
1200 1775 1291 1822 nunc
1313 1760 1477 1841 propheta
1500 1762 1559 1842 qui
1587 1763 1683 1824 novit
1706 1767 1740 1824 et

198 1880 258 1938 σας
279 1858 373 1945 τήντε
396 1861 534 1927 καθόλου
557 1859 706 1944 πρόνοιαν
733 1851 788 1926 καί
810 1865 851 1926 τὰ
873 1885 949 1950 συμ-
994 1865 1187 1926 universam
1203 1863 1450 1944 providentiam
1468 1869 1625 1928 etrerum
1639 1868 1745 1928 Israe-

198 1965 299 2031 θάντα
313 1966 385 2050 περὶ
398 1968 452 2031 τὸν
474 1964 616 2050 Ἰσραήλ,
639 1966 789 2050 πυρωθεὶς
806 1965 869 2032 ἀπὸ
891 1977 948 2054 της
993 1968 1037 2032 lis
1052 1967 1243 2045 historiam,
1265 1967 1432 2032 ineffabili
1449 1986 1562 2033 amore
1585 1971 1646 2033 Dei
1662 1987 1746 2049 erga

199 2068 322 2155 ἀφάτσυ
337 2067 579 2154 φιλανθρωπίας,
603 2068 767 2155 δοξολυγεί
779 2071 832 2134 τὸν
855 2069 947 2153 Θεὸν,
993 2070 1147 2134 homiues
1163 2087 1356 2150 succensus,
1372 2072 1539 2154 hymnum
1554 2075 1623 2138 Deo
1639 2076 1742 2154 canit,
1803 2083 1806 2090 '

198 2174 241 2253 ὼς
256 2175 396 2257 ἄληκτον
411 2175 530 2260 ἔχοντα
544 2172 646 2253 δόξαν.
659 2172 738 2258 Περί
750 2173 785 2238 δὲ
797 2183 853 2238 τοῦ
867 2174 947 2238 λαοῦ
992 2175 1132 2238 babenti
1158 2176 1304 2252 gloriam
1322 2177 1492 2240 oblivione
1518 2179 1739 2258 superiorem.

198 2300 293 2366 φησιν
305 2283 326 2366 ή
339 2279 386 2345 ὅτι
397 2276 489 2365 δίκην
500 2280 597 2345 αὐτόν
608 2278 786 2364 ἀπαιτήσει,
800 2283 855 2360 καί
869 2281 948 2345 nari·
996 2314 1035 2326 ·-
1053 2279 1100 2342 De
1116 2281 1240 2361 populo
1255 2283 1369 2344 autem
1394 2298 1456 2344 suo
1473 2282 1566 2362 dicit,
1581 2284 1636 2346 vel
1651 2284 1740 2363 quod

198 2405 287 2449 σεται
309 2385 389 2470 μετὰ
402 2393 512 2466 ταῦτα,
535 2385 557 2470 ή
580 2386 628 2448 δτι
643 2381 806 2468 ἐκδικήσει
822 2385 879 2470 μὲν
892 2387 947 2450 τὸν
993 2399 1128 2464 poenam
1152 2385 1278 2462 exiget,
1302 2387 1336 2446 et
1358 2390 1475 2465 postea
1502 2387 1664 2468 quiescet,
1687 2389 1744 2452 vel

199 2489 287 2572 λαδν,
311 2488 363 2552 ἐπ’
373 2486 458 2573 αὐτῷ
472 2487 507 2552 δὲ
529 2487 823 2573 παρακληθήσεται,
845 2490 882 2554 δν
896 2488 949 2554 διὰ
992 2487 1081 2569 quod
1096 2487 1280 2566 castigabit
1295 2489 1432 2570 quidem
1451 2491 1626 2571 populum,
1642 2493 1685 2556 ab
1701 2509 1741 2556 eo

198 2595 259 2678 τήν
272 2589 399 2657 ἐκείνων
414 2590 503 2670 ἀξίαν
519 2592 704 2678 [οἰκτειρεῐή
717 2593 796 2659 ὅπου
811 2593 873 2678 γὰρ
888 2613 949 2656 πα-
991 2597 1107 2676 tamen
1123 2593 1346 2672 invocabitur,
1362 2612 1403 2656 ac
1416 2610 1476 2674 pro
1492 2596 1629 2658 illorum
1642 2597 1742 2660 meri·

198 2695 362 2782 ράκλησις,
378 2695 566 2782 συγγνώμης
591 2695 685 2783 χρεία
707 2699 762 2762 καί
778 2697 950 2785 φιλανθρω-
993 2699 1048 2778 tis,
1075 2699 1302 2764 miserebitur.
1330 2699 1395 2763 Ubi
1425 2699 1517 2762 enim
1544 2699 1747 2782 deprecati0,

198 2800 271 2879 πίας
293 2800 412 2886 καιρός.
429 2838 470 2850 -
492 2799 647 2887 Καθάπερ
668 2803 731 2888 γὰρ
754 2802 808 2867 ὅτε
830 2802 950 2886 κληρον
994 2805 1130 2868 veniam
1143 2821 1216 2868 esse
1231 2807 1363 2884 oportet
1384 2804 1664 2886 occasionemque
1682 2808 1751 2869 cle·

198 2915 344 2992 πατρῷον
358 2908 418 2991 τήν
434 2904 487 2970 ὑπ’
498 2905 624 2972 ἐκείνων
639 2915 701 2973 τῶν
715 2905 876 2972 δυοσεθῶν
892 2906 948 2994 βα·
993 2909 1139 2972 montiae.
1157 2909 1350 2972 -Etenim
1370 2908 1533 2988 quoniam
1556 2911 1692 2992 terram,
1709 2910 1751 2973 il-

199 3007 311 3074 σιλέων
325 3008 563 3094 κατασχεθῆναι
578 3018 640 3096 γην
654 3019 711 3074 τοῦ
726 3009 858 3096 Ἰσραήλ
873 3011 948 3076 ἔδω-
993 3013 1061 3075 lam
1077 3017 1213 3093 patrum
1236 3010 1477 3090 haereditatem,
1494 3013 1587 3076 Deus
1609 3014 1747 3077 illorum

199 3133 255 3178 κεν
271 3115 287 3177 δ
303 3114 414 3180 τούτου
429 3114 519 3198 Θεὸς,
536 3114 603 3179 ἔστί
620 3113 764 3201 βασιλεία
778 3125 840 3182 τῶν
855 3117 949 3202 obpa—
994 3115 1187 3197 permiserit
1206 3116 1366 3196 occupari
1382 3115 1425 3178 ab
1448 3115 1517 3179 iilis
1532 3119 1683 3182 scelestis
1698 3135 1753 3181 re-

203 3227 265 3284 νων
276 3216 298 3303 ή
310 3217 431 3304 θεωρία
445 3229 507 3286 των
521 3219 708 3305 γεγονότων·
724 3222 804 3304 αὕτη
821 3218 856 3286 δὲ
867 3223 952 3286 κατὰ
995 3220 1109 3298 gibus,
1126 3233 1273 3297 regnum
1289 3221 1453 3284 coelorum
1470 3223 1522 3284 est
1544 3223 1752 3303 contempla-

199 3325 255 3388 τὸν
277 3321 393 3407 Κύριον
415 3322 503 3400 ὲντθς
524 3323 615 3409 ήμῶν
637 3323 719 3388 ἐστι·
739 3325 780 3390 τὰ
808 3325 842 3390 δὲ
865 3325 952 3404 ἐντδς
995 3324 1043 3387 tio
1058 3340 1173 3386 rernm
1190 3338 1266 3403 quae
1281 3324 1443 3386 existunt.
1463 3327 1541 3406 Ipsa
1558 3343 1639 3388 vero
1655 3327 1747 3389 intra
1774 3385 1778 3392 .

205 3427 284 3512 [ὅτε]
305 3427 365 3492 ὑπὸ
383 3426 538 3512 δαιμόνων
552 3427 757 3514 κεκράτηται,
780 3427 888 3507 καλῶς
902 3428 952 3493 λέ-
995 3444 1057 3491 nos
1068 3433 1119 3491 est
1129 3428 1317 3491 secundum
1331 3430 1524 3509 Dominum,
1537 3432 1596 3495 sed
1608 3431 1743 3510 quando

202 3552 312 3618 γονιαι
333 3531 363 3596 οἱ
386 3531 559 3617 ἀλλόφυλοι
577 3534 636 3618 τήν
650 3541 712 3618 γήν
726 3540 783 3617 της
798 3533 953 3620 ἐπαγγελ-
996 3532 1159 3595 interiora
1173 3549 1194 3594 a
1209 3531 1350 3595 Diabolo
1373 3539 1536 3614 occupata
1549 3539 1640 3613 sunt,
1656 3539 1751 3598 recte

202 3635 272 3713 λίας
287 3634 446 3723 κατέχειν.
997 3635 1160 3698 dicuntur
1168 3635 1333 3719 allophyli
1349 3637 1514 3700 invasisse
1529 3642 1654 3701 terram
1670 3656 1745 3720 pro·

998 3756 1181 3803 mrssronrs.
1248 3787 1249 3792 ι

244 3864 276 3908 v.
295 3846 403 3909 15-18.
419 3843 470 3908 Τὰ
481 3843 596 3909 εἴδωλα
613 3847 675 3911 των
694 3845 789 3911 ἐθνῶν
800 3845 947 3934 ἀργύριον
1034 3862 1066 3906 v.
1096 3843 1213 3908 15·18.v
1227 3841 1321 3908 Idola
1339 3843 1494 3925 aestima,
1520 3848 1690 3926 ανροιιίιιοι
1711 3849 1744 3910 et

200 3949 255 4014 καί
269 3947 409 4034 χρυσίον,
425 3950 505 4038 ἔργα
515 3958 630 4036 χείρων
642 3948 822 4034 ἀνθρώπων
839 3951 947 4038 Στύρα
991 3965 1119 4027 numm,
1144 3964 1239 4028 opera
1261 3963 1415 4013 νιααιιννι
1435 3948 1615 4012 δανείσαντα·
1631 3967 1665 4014 οε
1686 3949 1745 4014 ltu-

200 4053 319 4138 ἔχουσι,
331 4055 385 4118 καί
397 4053 435 4117 οὐ
446 4051 651 4138 λαλήσουσιν
663 4054 845 4140 θφθαλμσυς
856 4057 948 4143 ἔχου
993 4053 1073 4132 θοαί,
1091 4057 1123 4119 εί
1143 4071 1207 4117 nort
1228 4053 1420 4134 laqueatam
1442 4053 1548 4118 οιιοίον
1563 4052 1687 4134 habeat,
1714 4059 1747 4119 et

202 4178 242 4239 σι,
259 4159 314 4222 καί
329 4158 387 4221 οὐκ
409 4158 549 4242 ὄψονται.
566 4154 691 4245 Ομοιοι
715 4161 821 4237 αὐτοῖς
835 4159 950 4245 γένων-
994 4176 1057 4223 ooo
1071 4157 1229 4223 uidebant.
1253 4157 1483 4224 similabitis
1496 4157 1590 4240 fiant
1610 4159 1669 4262 qai
1689 4156 1751 4239 sa»

201 4282 254 4340 ται
267 4262 297 4325 σί
311 4271 472 4340 ποιοῦντες
487 4261 578 4327 cort.
996 4265 1089 4331 αἰναί
1101 4281 1148 4330 σα.

245 4360 314 4430 Ἵνα
328 4367 385 4444 τὰς
399 4364 560 4450 αἰσθήσεις
582 4365 786 4436 ἀπσθάλλωσι
800 4370 858 4446 τὰς
874 4367 961 4455 ψεκ-
1042 4371 1087 4435 Ut
1100 4371 1219 4452 procul
1233 4368 1390 4450 rejiciant
1411 4387 1533 4432 sensus
1549 4309 1749 4449 contempti-

202 4469 260 4544 τὰς
274 4467 395 4546 καθ’θς
418 4470 640 4557 εἰσκινοθμενοι
659 4474 700 4537 τά
722 4473 837 4538 εἴδωλα
862 4473 953 4553 θεοὺς
997 4475 1093 4553 biles,
1113 4474 1237 4554 quibus
1261 4479 1343 4536 motr
1317 4474 1453 4537 ί“Ι)εοε
1475 4474 1748 4537 nominabanti·

202 4574 280 4637 είναι
302 4573 501 4659 ὀνομάζουσι,
524 4578 579 4641 καί
602 4579 682 4641 οὕτω
707 4576 799 4644 θείαν
822 4581 953 4662 εὕρωσιν
997 4579 1074 4643 dola
1088 4579 1257 4658 gentium,
1274 4581 1308 4640 et
1327 4578 1375 4640 sio
1399 4577 1552 4640 divinum
1575 4578 1750 4658 reperiant

203 4675 364 4761 αἴσθησιν·
390 4679 471 4742 οὕτω
493 4680 555 4764 γὰρ
583 4679 728 4767 πείθομαι
754 4681 953 4767 καταρᾶσθαι
996 4699 1144 4746 εειιειιιιι.
1172 4681 1245 4756 Qua
1267 4679 1405 4761 quidem
1432 4681 1602 4744 sententia
1628 4698 1750 4744 censeo

202 4783 257 4845 τὸν
272 4782 361 4866 ἅγιον
377 4781 558 4868 ψαλμῳδόν.
997 4782 1128 4867 [idolis]
1142 4783 1357 4847 maledixisse
1372 4783 1581 4864 psalmorum
1603 4787 1749 4864 poetam.

247 4903 279 4948 ν.
299 4887 351 4950 21.
368 4885 552 4973 Ευλογηεδς
566 4887 683 4975 Κύριος
698 4889 737 4956 ὲκ
756 4889 848 4975 Σιὼν,
865 4894 955 4960 aaa
1043 4905 1074 4948 v.
1091 4887 1144 4950 21.
1160 4885 1350 4951 Benedicta
1363 4887 1521 4952 Dominae
1534 4888 1672 4968 ιαόθοιι,
1691 4890 1752 5036 ςινιι·

204 4997 318 5054 τοικων
332 4985 553 5077 Ιερσυοαλήμ.
1000 4989 1359 5056 mecaenatem.

239 5216 267 5255 v.
280 5197 370 5254 15-18.
384 5196 454 5257 Vct.
465 5198 490 5252 5.
636 5235 640 5244 .
1036 5216 1064 5258 v.
1076 5197 1119 5254 21.
1132 5193 1207 5252 Ibid.
