4036 6090
292 394 365 458 *128
979 399 1189 463 ORIGENES

306 536 581 621 ἀναιρεῖται,ἀνοια
589 531 972 622 καὶκακίατυγχόινονται.
982 535 1049 621 Πρὸ
1094 540 1234 621 soboles,
1251 559 1370 622 nempe
1393 543 1422 606 si
1446 543 1643 620 ignorantia
1661 547 1695 606 et
1717 544 1847 606 malitia

305 644 366 728 γάρ
381 651 442 706 τῶν
458 641 578 726 ἀρετῶν
593 643 648 706 καί
667 641 855 726 ἐπιστημῶν,
872 650 932 706 τῶν
948 638 1050 726 όφελί-
1094 643 1289 707 suocedunt.
1310 646 1348 707 In
1373 647 1483 709 locum
1508 649 1597 710 enim
1621 647 1788 710 virtutum
1811 652 1846 710 et

307 765 372 830 μων
387 743 514 827 τέκνων,
530 754 590 810 τῶν
606 745 748 811 διανοιῶν
763 743 861 809 κακία
872 746 926 809 καὶ
939 745 1050 830 ἄγνοια
1095 749 1325 828 scientiarum,
1343 766 1417 830 quae
1432 755 1513 812 sunt
1528 750 1668 830 proficui
1681 749 1753 828 filii,
1765 749 1843 813 sub-

305 847 480 934 ὑφίσταται.
492 847 595 914 Ἀλλὰ
607 851 660 913 καὶ
671 851 774 915 παντά
785 857 828 934 τῷ
839 849 923 945 κατὰ
933 847 1050 933 τέχνην
1094 853 1283 915 stitnuntur
1295 853 1542 931 cogitationum
1554 855 1685 916 malitia
1697 858 1730 916 et
1745 855 1841 932 igno

209 1032 215 1044 Ι
305 954 327 1039 ἢ
351 951 526 1037 ἐπιστήμην
549 955 734 1037 ένεργοῦντι,
758 953 816 1016 οὐκ
837 951 927 1029 εὐθὺς
952 955 988 1016 τύ
1014 953 1049 1016 εύ
1095 958 1216 1019 rantis.
1239 957 1280 1020 Ei
1304 973 1394 1036 ver0,
1418 959 1477 1039 qui
1500 963 1605 1020 artem
1622 963 1682 1020 aut
1701 956 1847 1038 discipli·

306 1065 443 1140 ποιησαν
464 1055 679 1142 παραγίνεται,
695 1055 779 1120 ἀλλὰ
801 1057 880 1141 μετὰ
895 1057 931 1119 τὸ
946 1054 1050 1120 ἀνεπι-
1098 1077 1178 1123 nam
1191 1065 1333 1140 exercet,
1346 1077 1414 1123 non
1429 1078 1561 1142 semper
1572 1063 1685 1124 omnia
1696 1062 1762 1124 cito
1774 1078 1848 1142 pro·

306 1158 433 1244 ληπτως
449 1161 627 1245 εὐεργησαι.
642 1158 834 1243 Ἀναιρεῖται
853 1161 907 1225 σύν
923 1158 1050 1237 εἰκότως
1095 1165 1229 1245 eadunt,
1254 1170 1292 1228 nt
1312 1165 1397 1229 bene
1420 1183 1503 1246 opus
1526 1169 1659 1245 agatur,
1678 1164 1735 1228 sed
1757 1169 1846 1244 post·

309 1265 441 1350 ἀπαρχὴ
457 1262 862 1348 παντύςπόνσυὼςραύλη,
879 1264 924 1328 δτι
937 1264 1052 1348 δέπερί
1097 1285 1200 1349 quam
1234 1270 1307 1332 sine
1343 1268 1602 1349 reprehensione
1639 1285 1722 1350 opus
1758 1269 1844 1332 bene

308 1369 417 1453 ψυχῶν
431 1370 472 1433 τά
492 1367 648 1452 λεγόμενα
670 1366 792 1452 σῶμασι
812 1365 1052 1453 συμπεπλεγμέ-
1097 1377 1211 1438 actum
1238 1379 1297 1436 est.
1329 1373 1508 1437 Tolluntur
1542 1389 1624 1450 ergo
1660 1377 1848 1453 opportune

307 1493 378 1556 νων,
390 1471 486 1557 δῆλον
497 1471 626 1537 ἀπὸτοῦ
637 1471 841 1557 προσκεῖσθαι
852 1473 885 1538 έν
896 1481 960 1550 τοῖς
972 1493 1050 1555 σκη-
1099 1477 1258 1557 primitiae
1269 1475 1515 1558 cujuscumque
1531 1476 1655 1540 laboris
1668 1477 1718 1539 nti
1734 1478 1847 1540 minus

307 1576 446 1662 νῶμασι·
470 1576 664 1661 σκηνώματα
684 1578 747 1662 γάρ
774 1577 884 1662 ψυχῶν
911 1577 1051 1663 σώματα.
1097 1579 1203 1643 bonae.
1221 1580 1315 1655 Quod
1326 1597 1405 1643 vero
1417 1580 1575 1660 praedicta
1585 1582 1656 1644 sint
1666 1581 1707 1644 de
1719 1583 1847 1644 anima-

309 1679 454 1766 Πονηρδν
470 1680 606 1746 ἐνταῦθα
620 1684 674 1746 τόν
690 1678 837 1747 ἐπίπονον
853 1680 988 1767 ἄγγελον
999 1681 1053 1746 καί
1097 1682 1161 1747 bus
1172 1699 1247 1762 quse
1257 1683 1537 1764 suntcorporibus
1549 1685 1722 1765 copulatae,
1733 1685 1844 1765 palam

308 1787 444 1869 πονηρόν
460 1785 555 1867 εἶπεν,
579 1785 616 1848 οὐ
637 1793 676 1870 τῇ
699 1783 798 1869 κακία
819 1785 1052 1871 πεποιουμένον,
1098 1792 1150 1852 est
1165 1807 1207 1852 ex
1221 1789 1323 1850 verbo
1338 1788 1451 1852 addito
1466 1789 1503 1851 in
1517 1788 1742 1854 tabernuculis.
1766 1790 1844 1852 Ani·

240 1870 245 1882 ’
308 1889 392 1954 ἀλλά
406 1892 478 1966 τούς
500 1887 614 1966 πόνους
636 1891 690 1953 καί
713 1889 831 1966 ῶδύνας
854 1891 1050 1975 ἐνεργοῦντα.
1098 1911 1231 1957 marum
1247 1895 1337 1956 enim
1356 1892 1573 1956 tabernacula
1594 1897 1674 1956 sunt
1695 1910 1844 1973 corpora.

309 2032 350 2042 —
362 1993 532 2078 Ἀπαρχην
546 1992 653 2077 εἴρηκε
665 1992 767 2059 πόνων
779 1996 837 2079 την
852 1994 979 2080 πληγην
995 1997 1053 2080 τὴν
1098 1999 1162 2059 Hic
1176 2013 1255 2060 vero
1266 1996 1353 2060 dixit
1366 1998 1529 2074 angelum
1552 1998 1691 2060 noxium
1714 2001 1748 2060 et
1769 2015 1845 2076 pra-

308 2097 359 2162 ἐπὶ
381 2107 446 2174 τοῖς
472 2096 691 2182 πρωτοτόκους,
714 2098 774 2162 οὐκ
798 2098 907 2185 ἐπειδὴ
930 2109 1053 2184 πρῶτον
1098 2119 1190 2180 vum,
1206 2101 1344 2164 minime
1361 2102 1396 2164 in
1412 2102 1542 2163 malitia
1556 2105 1717 2180 creatum,
1729 2101 1787 2164 sed
1800 2102 1846 2165 la-

309 2199 359 2266 έπ’
381 2201 485 2278 αὐτοῖς
507 2199 664 2287 ἤλγησαν,
688 2200 759 2266 ἀλλ’
780 2201 888 2288 ἐπειδη
913 2200 1054 2287 μείζονος
1098 2206 1217 2269 borum
1233 2209 1266 2267 et
1280 2223 1508 2269 aerumnarum
1522 2205 1686 2287 opificem.

308 2301 426 2387 ταύτης
451 2314 613 2389 συμφορᾶς
637 2305 697 2369 oba
722 2303 915 2370 ἀπέλαυσαν.
939 2305 984 2372 Τό
1008 2309 1054 2372 αί-
1142 2311 1312 2374 Primitiae
1331 2312 1463 2374 censuit
1477 2310 1629 2372 laborum
1644 2312 1782 2391 plagam
1806 2311 1841 2372 in

310 2428 375 2472 τιον
395 2416 439 2493 τῷ
456 2409 583 2493 arture
601 2407 769 2493 ὁμωνύμως
787 2407 924 2494 ἐκλήθη·
939 2413 974 2474 τὸ
992 2413 1054 2497 γόιρ
1099 2415 1335 2495 primogenitis
1355 2416 1550 2492 irrogatam,
1566 2431 1634 2477 non
1657 2413 1731 2476 ideo
1754 2414 1843 2494 quod

311 2511 514 2596 ἀποτέλεσμα
527 2521 582 2576 τοῦ
597 2511 701 2597 θυμοῦ
716 2513 770 2576 καί
790 2514 882 2591 αὐτὸς
898 2513 998 2601 θυμὸς
1012 2514 1054 2579 ei·
1099 2519 1209 2599 prima
1225 2519 1291 2582 snit
1302 2519 1337 2581 in
1354 2536 1469 2581 eorum
1486 2517 1666 2597 damtione,
1683 2517 1740 2581 aed
1755 2517 1843 2599 quod

311 2638 415 2702 ρηται,
431 2617 485 2680 καί
499 2614 749 2700 retrovertatur
765 2624 821 2700 τῆς
838 2617 944 2703 ύργης,
957 2617 1053 2704 ὀργή·
1099 2622 1260 2702 maiorem
1284 2623 1344 2684 illa
1365 2620 1592 2683 calamitatem
1616 2637 1684 2682 non
1715 2620 1844 2701 experti

309 2722 365 2786 καί
389 2722 426 2786 τό
448 2719 650 2805 ἀποτέλεσμα
672 2729 733 2785 τῶν
755 2719 857 2787 πόνων
880 2724 934 2786 καί
961 2725 1055 2802 αὐτὸς
1099 2731 1189 2790 sunt.
1211 2728 1319 2788 Causa
1334 2741 1393 2805 pro
1409 2740 1518 2786 causor
1535 2722 1657 2786 effectu
1679 2723 1839 2806 homony-

311 2823 406 2903 πόνος
420 2822 556 2911 λέγεται,
579 2825 634 2890 καί
656 2823 708 2890 ἐπὶ
729 2832 786 2910 της
808 2824 932 2905 έλπιδος
955 2827 1055 2894 bosd—
1100 2849 1155 2893 ma
1174 2832 1334 2894 sumitur:
1359 2826 1496 2891 effeetus
1516 2828 1606 2890 enim
1626 2828 1694 2906 irae,
1712 2832 1746 2890 et
1769 2827 1842 2908 ipsa

314 2949 384 3006 τως.
1100 2935 1151 2998 ira
1162 2937 1274 2996 esset
1286 2932 1475 3011 indignatio
1488 2948 1587 3011 opere
1599 2937 1843 3012 consummata,

1100 3038 1292 3117 indignatio
1304 3041 1364 3100 est.
1377 3038 1421 3099 Et
1431 3035 1585 3098 laborum
1598 3034 1737 3114 fructus,
1750 3036 1844 3099 labor

1101 3145 1172 3225 ipse
1188 3142 1322 3220 dicitur,
1339 3146 1372 3204 et
1387 3141 1428 3204 de
1443 3157 1502 3220 spe
1517 3139 1683 3202 similiter.

354 3261 386 3306 ν.
403 3244 454 3307 52.
473 3241 537 3307 Καὶ
553 3241 675 3327 ἀπηρεν
689 3241 731 3320 ὡς
747 3243 889 3328 πρόδατα
910 3247 963 3310 τόν
978 3245 1056 3312 λαόν
1145 3266 1176 3309 v.
1200 3247 1251 3308 52.
1276 3247 1323 3309 Et
1342 3244 1478 3309 obstulit
1498 3244 1584 3308 στοαί
1597 3260 1669 3308 occa
1688 3242 1844 3324 μορμόνα

311 3347 418 3428 αὐτοῦ,
434 3347 488 3410 καί
503 3348 624 3433 ηγαγεν
640 3348 753 3426 αύτούς
772 3347 845 3413 ὡσεὶ
867 3347 1008 3436 ποίμνιον
1022 3350 1056 3418 ἐν
1101 3367 1205 3429 sunm,
1225 3354 1256 3414 ct
1263 3349 1420 3431 perducit
1430 3365 1481 3412 eoa
1497 3351 1659 3438 tamquam
1671 3347 1846 3428 proaemio

313 3449 431 3536 ἐρήμῳ.
1104 3455 1236 3520 deserta

352 3553 436 3640 Ἐγὼ
462 3553 566 3640 μέντοι
588 3554 740 3641 εὑρίσκων
763 3557 981 3644 γεγραμμένον
1004 3560 1056 3625 ότε
1147 3557 1286 3622 Interim
1303 3574 1367 3636 ego
1382 3557 1545 3637 scriptum
1568 3557 1738 3637 reperiens
1756 3555 1845 3636 quod

309 3659 482 3747 διεμέριζεν
497 3661 514 3725 ό
529 3657 678 3746 Ὕψιστος
700 3661 786 3746 έθνη,
809 3661 944 3748 ἐγενηθη
969 3667 1054 3750 μερίς
1102 3681 1208 3744 quum
1224 3663 1420 3743 dispertitus
1443 3661 1595 3724 estDens
1611 3666 1740 3739 gentes,
1757 3659 1845 3722 facta

308 3763 427 3849 Kopion
442 3763 519 3842 λαὸς
534 3766 631 3830 αὐτοῦ
647 3763 773 3848 Ἰακὼδ,
789 3766 889 3832 πάλαι
910 3767 966 3853 μέν
981 3769 1053 3832 ύπε·
1104 3774 1155 3832 est
1169 3787 1246 3850 pars
1262 3767 1396 3829 Domini
1411 3767 1556 3847 populus
1573 3763 1645 3844 ejns
1660 3764 1775 3843 Jacob,
1795 3765 1844 3827 in·

310 3868 472 3956 λάμόανον
494 3879 593 3934 τοῦτω
614 3868 778 3956 γεγονέναι
799 3874 883 3937 κατὰ
906 3873 1055 3958 σύγχυσιν
1102 3873 1228 3950 tellexi,
1245 3872 1279 3935 id
1294 3869 1430 3951 quidem
1445 3871 1527 3932 olim
1542 3868 1668 3933 tactum
1684 3869 1788 3932 fnisse
1810 3870 1844 3931 in

308 3983 370 4038 τῶν
384 3973 547 4060 γλωσσῶν·
563 3983 689 4039 σκοπῶν
705 3974 740 4039 δέ
755 3978 894 4060 ὕστερον,
911 3979 1055 4062 εὕρισκον
1102 3976 1297 4041 confusione
1313 3974 1521 4052 linguarum,
1544 3973 1602 4036 sed
1625 3974 1768 4036 ulterius
1793 3974 1842 4036 in·

309 4078 353 4162 μὴ
376 4076 525 4143 δύνασθαι
547 4087 638 4142 τοῦτο
660 4081 720 4163 πρὸ
743 4087 800 4163 τῆς
822 4078 974 4164 γενέσεως
997 4089 1052 4144 τοῦ
1102 4081 1310 4161 ίτοερίοἰευε,
1326 4078 1446 4155 detexi,
1465 4075 1539 4138 fieri
1554 4075 1587 4138 id
1610 4092 1678 4139 non
1693 4075 1843 4155 potuisse

308 4180 423 4268 Ἰακὼβ
438 4181 488 4247 ἐπ’
503 4182 622 4247 ἐκεῖνον
637 4184 690 4246 τόν
705 4181 818 4268 χρόνον
834 4183 1054 4269 ἀναφέρεσθαι,
1104 4190 1181 4248 ante
1197 4189 1308 4248 ortum
1324 4180 1439 4259 Jacob,
1452 4184 1486 4242 et
1500 4178 1543 4241 ad
1554 4178 1639 4242 illud
1650 4183 1783 4259 tempus
1795 4197 1844 4240 re

309 4284 401 4372 έξέδη
428 4286 463 4351 δέ
487 4284 583 4370 ἡνίκα
604 4284 750 4351 Ἰουδαῖοι
765 4287 897 4372 έξηλθυν
923 4289 961 4353 ἐκ
991 4299 1051 4375 γης
1102 4275 1194 4368 terri,
1210 4286 1346 4370 quando
1357 4284 1467 4348 Judaei
1481 4287 1600 4346 eterra
1610 4283 1748 4364 AEgypti
1761 4284 1848 4345 exie·

309 4389 481 4475 Αίγύπτου,
506 4389 578 4455 τότε
603 4401 726 4476 πρῶτον
749 4391 942 4478 ἐχρημάτισε
966 4397 1052 4480 μερὶς
1103 4397 1193 4473 runt,
1220 4396 1302 4454 tuno
1329 4389 1477 4468 primum
1503 4391 1642 4450 vocatus
1669 4390 1722 4449 est
1741 4385 1846 4449 Jacob

311 4494 394 4563 Θεοῦ
409 4495 426 4559 ό
440 4493 566 4582 Ἰακὼβ,
582 4493 739 4560 τουτέστιν
755 4496 771 4560 ό
787 4495 820 4575 ἐξ
835 4496 951 4583 Ἰακὼβ
967 4497 1053 4575 λαός.
1103 4514 1180 4579 pars
1195 4496 1267 4573 Dei,
1283 4493 1318 4556 id
1333 4497 1384 4556 est
1398 4492 1543 4573 populns
1559 4508 1601 4554 ex
1615 4491 1720 4554 Jacob
1738 4494 1841 4553 ortus.

310 4598 401 4665 Ἀλλ’
412 4600 487 4684 όπερ
502 4598 662 4686 ἐλέγομεν,
678 4598 749 4663 τότε
771 4598 848 4678 λαός
863 4599 946 4667 Θεοῦ
961 4602 978 4666 ό
993 4602 1054 4668 Ἰσ-
1104 4600 1167 4665 Sed
1204 4598 1292 4681 quod
1333 4596 1546 4660 dicebamus:
1585 4597 1667 4656 tnnc
1701 4593 1844 4674 populus

311 4702 395 4789 ραηλ
410 4703 631 4790 ἐχρημάτισεν,
648 4705 700 4769 ότε
716 4712 772 4788 τῆς
789 4703 954 4790 Αἰγύπτου
970 4705 1058 4790 ἐξηλ-
1104 4707 1165 4768 Dei
1193 4704 1296 4767 Israel
1319 4703 1535 4781 nuncupatus
1562 4702 1621 4779 est,
1645 4696 1779 4778 quando
1801 4697 1843 4760 ab

312 4807 357 4888 θε,
379 4809 434 4872 καί
457 4809 510 4871 ότε
537 4808 593 4893 μέν
617 4807 701 4892 ἦσαν
725 4808 759 4876 ἐν
785 4807 944 4895 Αἰγύπτῳ,
967 4813 1054 4876 οὔπω
1104 4811 1259 4889 Aegypto
1287 4805 1402 4883 exivit,
1426 4805 1462 4867 in
1489 4819 1555 4884 quo
1578 4805 1675 4865 erant
1689 4819 1766 4864 oves
1790 4819 1846 4881 pa·

312 4912 396 4996 ἠσαν
410 4909 511 4996 ἀγέλη
529 4911 781 4998 διεσκεδασμένοι
797 4913 831 4978 ἐν
846 4914 937 4998 αὐτῇ,
954 4913 1001 4978 διὸ
1016 4913 1058 4990 ῶς
1103 4910 1260 4976 labnndae
1275 4927 1334 4991 per
1352 4909 1413 4971 hos
1427 4925 1538 4986 agros,
1557 4906 1631 4970 ideo
1654 4907 1729 4969 illos
1751 4908 1789 4969 ct
1808 4921 1842 4968 α-

349 5117 377 5155 v.
389 5100 431 5155 52.
445 5100 582 5158 Laurent.
604 5103 682 5159 Plut.
696 5119 725 5173 r,
739 5104 780 5158 14.
802 5102 847 5159 cf.
860 5103 939 5160 Dant
959 5119 1058 5174 xxxn,
1104 5103 1130 5156 9.
1144 5100 1159 5154 l
1172 5097 1237 5154 Gor.
1251 5113 1301 5166 xv,
1313 5095 1356 5166 27,
1370 5097 1418 5166 Ps,
1432 5111 1499 5164 ext,
1513 5093 1536 5149 7·
