4020 6098
740 461 784 524 IN
808 459 1008 524 PSALMUM
1031 461 1165 524 CXVIII
1657 467 1721 530 269

181 593 294 680 λόγους
309 593 486 679 ἐπηλπιοα·
500 597 547 662 διδ
570 607 662 662 τοῦτο
678 599 756 683 πρός
773 605 838 675 τοῖς
852 617 928 682 προ-
972 599 1023 663 uti
1038 601 1145 664 stulta
1170 599 1316 664 irrident
1331 601 1392 682 qui
1410 600 1494 666 fides
1510 592 1721 684 alieni'sunt,

181 695 281 784 τόροις
307 696 566 786 ἀποκριθήσομαι
581 709 644 780 τοῖς
670 699 853 781 ὀνειδίζουσί
876 721 927 788 μοι
970 703 1030 768 sed
1042 721 1128 786 quae
1140 703 1376 770 demonstrabo
1392 706 1516 770 referta
1528 723 1601 771 esse
1611 709 1721 772 scien-

180 801 284 886 λόγον.
972 812 1071 874 tiaeet
1085 812 1271 894 sapientiae3
1285 811 1421 893 quando
1441 810 1579 893 quidem
1606 814 1641 876 in
1653 831 1722 876 ser·

972 911 1092 978 mones
1120 915 1366 996 supersperavi,
1383 920 1565 997 propterea
1586 933 1722 997 respon-

972 1016 1056 1081 debo
1068 1017 1237 1099 predictis
1250 1018 1538 1100 exprobrantibus
1550 1019 1636 1083 mibi
1647 1037 1721 1082 ver·

199 1169 201 1174 ,
973 1122 1067 1186 bum.

222 1241 255 1286 ν.
271 1221 324 1304 43,
341 1221 393 1286 44.
415 1219 481 1287 Καί
497 1222 540 1308 μὴ
564 1221 710 1308 περιίλης
724 1220 764 1287 ἐκ
778 1229 833 1286 τοῦ
857 1219 927 1286 στό-
1016 1244 1049 1289 ν.
1080 1227 1133 1307 43,
1151 1225 1203 1289 44.
1219 1226 1265 1290 rt
1288 1243 1328 1290 πο
1354 1226 1490 1310 auferas
1511 1225 1550 1291 dc
1575 1243 1629 1291 ore
1654 1243 1721 1291 mco

180 1325 278 1412 ματός
294 1346 353 1412 μου
368 1324 463 1412 λόγον
486 1323 636 1410 ἀληθείας
651 1329 710 1404 ἕως
730 1325 862 1412 σφόδρα,
879 1325 927 1390 ότι
971 1330 1100 1396 corbem
1124 1331 1275 1396 οιονίαίίο
1299 1348 1534 1414 usquequaque,
1574 1331 1654 1413 quic
1683 1332 1720 1395 ic

180 1427 448 1514 ίπίτοίςκρίμαοί
463 1451 519 1495 σου
535 1427 706 1514 ἐπηλπισα.
721 1428 787 1496 Καί
801 1429 928 1516 φυλάξω
964 1433 1106 1516 jttdicit'r
1120 1435 1187 1499 toto
1216 1435 1452 1517 supersperavi.
1475 1436 1521 1499 Et
1543 1433 1722 1501 macedium

180 1535 234 1600 τόν
256 1533 352 1619 νόμον
363 1554 420 1600 σου
436 1533 613 1618 διαπαντός,
633 1534 677 1611 εἰς
691 1537 744 1600 τόν
759 1533 859 1600 αίωνα
873 1537 929 1600 καί
973 1539 1074 1622 legem
1087 1544 1178 1605 tuom
1192 1554 1315 1620 semper
1337 1541 1374 1603 io
1388 1538 1539 1605 οαοιιίαοι
1558 1542 1592 1602 et
1603 1539 1641 1602 ιἰι
1665 1553 1721 1603 αα-

183 1637 227 1714 είς
242 1638 295 1702 τδν
310 1637 410 1704 αίῶνα
423 1648 479 1703 τοῦ
494 1639 614 1715 αἰῶνος.
972 1642 1081 1708 colom
1094 1641 1230 1708 scendi.

224 1741 334 1808 Ταῠτά
356 1760 460 1828 φησιν,
477 1741 518 1819 ὡς
534 1741 668 1808 δυνατοῦ
684 1742 772 1820 όντος
788 1751 846 1807 τοῦ
863 1741 926 1828 ηδη
1017 1747 1097 1809 Haec
1111 1746 1159 1808 ita
1174 1746 1232 1826 ait,
1249 1748 1288 1808 ut
1302 1750 1425 1826 potens
1449 1745 1495 1809 sit
1509 1745 1567 1808 ille
1588 1745 1647 1825 qui
1669 1762 1721 1808 re-

183 1844 388 1930 ἀνειληφότας
404 1845 499 1931 λόγον
514 1843 675 1930 ἀληθείας,
688 1845 862 1912 ἀποθέσθαι
875 1847 929 1909 αθ-
972 1849 1062 1929 cepit
1076 1848 1217 1912 verbum
1232 1848 1396 1927 veritatIs,
1413 1848 1448 1911 id
1463 1848 1629 1927 amittere,
1646 1863 1721 1927 pos·

178 1950 242 2031 τδν,
259 1947 456 2033 περιελόντος
472 1950 567 2014 αὐτόν
577 1959 633 2014 τοῦ
646 1948 728 2016 Θεοῦ
740 1949 778 2014 ἐκ
789 1959 845 2014 τοῦ
857 1947 927 2014 στό-
972 1951 1085 2032 sitque
1099 1954 1190 2016 Deus
1206 1952 1293 2016 illud
1308 1952 1591 2032 verbumeripcre
1606 1951 1721 2016 abillo

181 2074 279 2140 ματος
301 2063 357 2118 τοῦ
380 2053 443 2139 ἠδη
467 2055 561 2119 αὐτόν
584 2053 800 2140 ἀνειληφότας,
815 2053 926 2119 ἐπάνδ
973 2073 1031 2120 ore
1045 2055 1081 2118 in
1097 2073 1164 2137 quo
1179 2060 1279 2119 antea
1291 2060 1463 2137 receptum
1475 2060 1535 2135 est,
1547 2057 1663 2120 statim
1678 2059 1719 2119 ut

179 2158 243 2245 ἠδη
266 2157 432 2240 διδάσκων,
454 2154 581 2237 ἀνάξιον
602 2157 714 2223 ἑαυτὸν
736 2155 853 2243 ποιήσῃ
872 2169 928 2224 τοῦ
969 2159 1041 2240 jam
1053 2157 1200 2239 edoctus,
1216 2166 1323 2224 semet
1337 2159 1441 2224 iaciat
1458 2158 1640 2237 indignum
1652 2177 1721 2223 ser·

180 2259 295 2347 λόγου·
310 2259 358 2324 διδ
369 2260 475 2337 καλῶς
489 2260 628 2346 λέγεται·
639 2261 694 2347 Mb
707 2261 883 2348 ἀμέλειτοῦ
894 2263 928 2328 ἐν
973 2279 1082 2327 mone.
1099 2263 1178 2327 Ideo
1194 2262 1272 2342 jure
1288 2263 1465 2328 scribitur:
1492 2264 1596 2326 «Noli
1611 2263 1721 2341 negli-

183 2365 232 2429 ooi
251 2362 456 2450 χαρίσματος.
472 2363 604 2448 ’Apellei
622 2365 658 2430 δὲ
673 2366 709 2430 ob
735 2364 827 2451 μόνον
843 2366 861 2430 ό
884 2367 927 2452 μὴ
973 2385 1055 2447 gere
1070 2369 1218 2447 gratiam
1234 2385 1309 2450 qua
1332 2368 1367 2431 in
1389 2371 1424 2430 te
1447 2370 1538 2430 est.»
1563 2365 1720 2445 Negligit

181 2478 329 2555 γεωργῶν
339 2473 375 2534 τδ
386 2469 537 2554 χάρισμα,
550 2469 605 2533 καί
616 2468 757 2547 αὐξάνων
771 2470 857 2554 αθτδ,
874 2469 929 2533 ἀλ·
974 2478 1087 2538 autem
1104 2489 1188 2552 eam,
1203 2488 1272 2534 non
1287 2473 1398 2535 solum
1414 2471 1474 2551 qui
1491 2471 1626 2534 cultura
1649 2485 1723 2532 non·

180 2570 223 2637 λόι
237 2559 323 2636 καλό
340 2573 383 2658 μὴ
407 2570 480 2637 διῶν
505 2570 576 2638 κατ’
588 2572 674 2638 αὐτό.
698 2571 836 2658 bos-boa
851 2572 878 2637 δ’
890 2573 929 2640 όν
974 2581 1107 2640 exercet
1128 2576 1286 2654 gretiam,
1302 2591 1413 2656 neque
1429 2578 1535 2653 auget
1557 2590 1643 2654 eam,
1666 2591 1722 2637 ve-

180 2695 226 2751 τις
241 2675 269 2738 εί
283 2673 346 2739 ἀπό
369 2673 523 2761 πόματος
539 2677 595 2762 μὲν
614 2687 819 2762 περιαιρεῖται
834 2677 928 2764 λόγος
974 2699 1050 2743 rum
1073 2683 1108 2742 et
1134 2681 1191 2743 ille
1215 2680 1274 2760 qui
1300 2677 1401 2758 juxta
1431 2695 1507 2743 eam
1529 2693 1597 2740 non
1622 2678 1720 2740 vivit.

182 2773 342 2861 ἀληθείας,
358 2776 471 2842 ἀπὸδὲ
493 2777 624 2863 καρδίας
645 2778 795 2846 οὐδέποτε
810 2795 928 2865 περιαι-
974 2775 1107 2858 Quarest
1122 2781 1262 2846 fortasse
1282 2783 1369 2863 quis,
1385 2800 1429 2845 an
1445 2782 1488 2845 ab
1503 2798 1560 2845 ore
1583 2781 1721 2862 quidem

181 2889 290 2966 ρείται,
305 2883 358 2946 ίνα
373 2879 514 2964 σώζηται
528 2881 550 2967 ἡ
571 2883 698 2969 ἀφορμὴ
716 2891 773 2966 της
788 2884 930 2968 ἐπιστρο·
974 2887 1149 2951 auferatur
1159 2886 1479 2965 verbumveritatis,
1489 2886 1629 2948 minime
1640 2900 1720 2948 vero

182 2993 254 3071 φῆς,
276 2985 329 3049 διά
349 2987 385 3049 τό
411 2985 598 3070 ἐνυπάρχειν
619 2987 673 3051 τδν
695 2995 753 3071 τῆς
776 2987 933 3072 ἀληθείας,
974 2992 1107 3057 acorde
1125 2992 1299 3072 eripiatur,
1316 2993 1355 3054 ut
1374 2991 1509 3054 maneat
1531 2989 1720 3052 conversio-

180 3090 275 3176 λόγον
290 3099 333 3176 τῷ
353 3091 438 3170 ἀπαξ
461 3091 555 3155 αότδν
577 3090 768 3178 ἀνειληφότα
792 3093 845 3179 Τῷ
867 3094 929 3180 γάρ
975 3094 1032 3158 nis
1044 3093 1183 3174 occasio,
1193 3093 1267 3157 ideo
1279 3093 1368 3174 quod
1380 3093 1534 3158 subsistit
1545 3107 1654 3156 sermo
1668 3109 1724 3156 ve-

182 3193 359 3280 ἁμαρτωλῷ
374 3196 459 3258 είπεν
475 3193 491 3259 δ
507 3192 598 3270 Θεός·
612 3188 683 3258 Ἰνα
698 3192 728 3258 τί
742 3197 780 3258 σὺ
795 3196 929 3282 ἒιιδιηγῇ
974 3197 1086 3260 ritatis
1101 3198 1137 3260 in
1149 3213 1188 3260 eo
1203 3199 1262 3278 qui
1274 3199 1379 3261 semel
1395 3214 1473 3260 eum
1489 3195 1625 3276 recepit.
1646 3198 1725 3259 Pec-

184 3301 224 3364 τὰ
239 3295 435 3384 δικαιώματά
458 3317 528 3382 μου,
543 3297 598 3360 καί
618 3295 848 3384 ἀναλαρόάνεις
870 3300 929 3383 τὴν
976 3302 1082 3365 catori
1109 3303 1199 3364 enim
1226 3303 1317 3366 Deus
1339 3301 1442 3365 dixit:
1472 3303 1607 3377 «Quare
1629 3306 1670 3365 tu
1692 3318 1725 3364 e-

183 3403 338 3490 διαθήκην
355 3425 413 3488 μου
428 3403 479 3468 διά
494 3401 650 3488 στόματός
674 3423 749 3488 σου;
765 3403 825 3490 οὐχ
836 3406 887 3470 ίνα
899 3401 930 3469 τί
974 3423 1092 3470 narras
1120 3407 1296 3487 aequitates
1323 3423 1425 3486 meas,
1443 3411 1477 3470 et
1501 3407 1647 3470 assumis
1674 3410 1723 3470 te·

181 3511 220 3576 οὺ
235 3515 358 3595 φρονεῖς
373 3509 414 3572 τά
424 3505 622 3593 δικαιώματά
638 3527 714 3592 μου;
730 3507 815 3593 τάχα
826 3509 861 3572 δὲ
872 3510 927 3572 καί
973 3515 1182 3576 stamentum
1198 3527 1312 3574 meum
1330 3510 1366 3572 in
1383 3527 1440 3575 ore
1463 3511 1568 3573 tuci»
1585 3512 1659 3575 Non
1675 3510 1724 3573 di·

227 3686 486 3751 Hrtaa.ioo.43.
496 3689 640 3769 sperans
652 3702 734 3764 ergo
747 3687 782 3750 in
790 3685 929 3767 judiciis
975 3693 1036 3768 est,
1054 3691 1092 3751 ut
1106 3687 1248 3750 verbum
1264 3687 1453 3768 perpriasi
1467 3688 1637 3762 Quantum
1663 3687 1725 3750 ite·

183 3777 255 3854 Dei,
271 3775 414 3839 verbum
430 3775 584 3838 verItatIs
600 3775 641 3838 de
656 3774 754 3838 corde
770 3775 834 3838 sibi
860 3793 928 3840 non
974 3795 1051 3841 rum
1074 3777 1274 3857 periculum,
1290 3777 1320 3838 si
1334 3775 1494 3838 amittas?
1508 3776 1552 3839 Et
1567 3776 1641 3838 ideo
1657 3775 1721 3840 tibi

184 3866 307 3931 metuit
321 3861 458 3928 aulerri.
475 3865 545 3943 Scit
557 3867 670 3927 autem
687 3863 840 3944 quaedam
856 3882 929 3928 esse
974 3865 1112 3928 dicitur:
1132 3865 1232 3927 «Noli
1249 3864 1426 3942 negligere
1443 3869 1504 3927 etc.
1521 3865 1665 3928 Tollitur
1682 3881 1724 3927 ex

183 3957 430 4036 peccataque
456 3971 498 4014 ex
521 3970 577 4014 ore
604 3952 745 4015 verbum
773 3951 930 4017 auferant
972 3972 1029 4019 ore
1045 3952 1196 4032 verbum,
1208 3970 1286 4015 cum
1297 3952 1422 4015 dicitur
1431 3954 1608 4033 peccatori:
1619 3953 1725 4027 «Qua-

183 4042 346 4104 veritatis.
376 4041 584 4103 «Peccatori
619 4042 710 4104 enim
725 4047 822 4105 etc.»
856 4043 928 4105 Non
974 4061 1010 4106 re
1025 4048 1065 4106 tu
1081 4048 1177 4106 etc.»
1206 4040 1402 4104 condixit:
1429 4043 1538 4116 Quare
1563 4042 1723 4121 cogitasti

185 4131 276 4193 enim
303 4129 367 4191 ait:
384 4130 492 4204 Quare
507 4131 684 4192 immemor
710 4130 802 4212 (lege
817 4131 929 4210 potios
970 4130 1124 4212 justitias
1139 4130 1255 4194 meas?
1270 4146 1333 4210 per
1347 4145 1381 4196 oo
1404 4133 1504 4207 tuam,
1531 4147 1598 4193 non
1625 4129 1721 4210 dixit,

185 4234 314 4282 memor
328 4234 400 4284 ιιιοι
425 4215 530 4281 tribuo
546 4217 646 4298 codd.)
662 4235 697 4281 es
716 4217 929 4297 justitiarum
974 4237 1034 4302 per
1050 4237 1107 4282 cor
1121 4224 1230 4282 tuum.
1254 4221 1369 4282 Sermo
1395 4218 1571 4282 cohibetur
1588 4219 1722 4298 indigni

184 4323 337 4370 mearum
349 4307 408 4368 i...
435 4306 629 4370 Cavendum
653 4307 761 4384 igitur
788 4313 855 4387 est,
886 4325 929 4371 ne
974 4309 1091 4388 animi,
1104 4325 1170 4371 non
1183 4308 1370 4370 obstruitur
1381 4308 1590 4388 poenitentia3
1604 4324 1724 4371 caven·

184 4395 319 4478 quando
337 4412 379 4457 ex
394 4411 450 4458 ore
466 4399 580 4458 nostro
594 4395 689 4458 verbi
704 4397 857 4460 veritatis
872 4414 930 4459 au·
975 4396 1056 4461 dum
1073 4402 1187 4460 tamen
1210 4401 1271 4474 est,
1295 4414 1337 4458 ne
1362 4397 1434 4475 Ipsa
1457 4396 1600 4459 Interius
1622 4397 1724 4459 corda

184 4483 313 4546 feratur
342 4483 524 4563 eloquium.
552 4485 639 4546 Hinc
666 4484 751 4547 illud
774 4484 930 4565 estquod
974 4486 1165 4564 turbentur,
1182 4488 1216 4548 et
1230 4483 1382 4547 offundat
1397 4482 1553 4547 tenebras
1580 4485 1722 4563 malitia,

184 4571 365 4654 Apostolus
395 4576 522 4634 monet:
552 4572 665 4634 «Noli
692 4575 725 4634 te
750 4573 929 4652 negligere
976 4578 1015 4638 ut
1030 4591 1086 4641 cor
1101 4575 1198 4636 vanis
1225 4571 1490 4651 cogitationibus
1515 4572 1723 4636 obcecatum

185 4659 274 4742 quod
290 4661 325 4722 in
341 4664 374 4722 te
391 4665 441 4723 est
456 4659 604 4723 chrisma
619 4663 681 4722 etc.
695 4679 724 4722 υ.
975 4663 1086 4726 lucem
1122 4661 1276 4724 veritatis
1308 4661 1451 4738 amittat,
1486 4659 1724 4742 fulgoremque

226 4752 417 4812 Annaosrus
429 4749 467 4812 io
480 4765 510 4810 o.
528 4749 581 4827 43,
593 4749 646 4810 44.
669 4750 821 4824 Quantus
836 4749 931 4813 labor
974 4752 1048 4814 veri
1062 4766 1181 4832 capere
1197 4765 1265 4811 non
1280 4749 1397 4829 possit.
1602 4745 1604 4752 ’

219 4927 248 4966 ν.
259 4909 303 4979 άθ,
313 4909 359 4964 44.
371 4909 440 4967 Vat.
453 4907 496 4978 14,
509 4908 552 4964 16.
571 4907 642 4976 Quae
655 4907 692 4963 ab
703 4907 789 4964 initio
806 4909 931 4966 obscura
975 4911 1091 4984 qnando
1113 4909 1210 4983 ipsum
1228 4925 1362 4965 sermone
1384 4927 1437 4964 suo
1455 4909 1610 4983 indignum
1629 4910 1726 4968 reddi·

183 5000 261 5064 snnt,
270 4993 389 5052 brevius
401 4993 577 5050 Heracleote
587 4993 774 5065 perstrinxit:
786 4997 931 5064 Περιαιριῑ-
975 4997 1060 5054 derit.
1074 4995 1138 5064 Quo
1151 4994 1229 5051 cIrca
1241 4994 1363 5050 dicitur:
1378 4995 1471 5052 “Noli
1482 4996 1634 5070 negligere
1645 5003 1722 5070 etc„

182 5099 227 5138 ται
243 5084 325 5151 λόγον
342 5083 627 5148 nestorianam,
644 5083 709 5136 όταν
726 5085 832 5147 ἀνάξιον
851 5087 931 5140 αότόν
974 5083 1021 5140 Δί)
1038 5083 1214 5138 Heracleote
1230 5081 1314 5138 codd
1332 5088 1450 5139 nostros
1467 5083 1686 5143 emendavimus
1697 5089 1724 5142 δ·

182 5171 279 5239 τοιηοη
296 5172 343 5222 τιό
359 5167 451 5236 λόγου.
474 5167 607 5224 “Aufert
627 5165 749 5224 verbnm
766 5186 785 5225 a
801 5168 930 5241 doctore,
974 5176 1049 5228 πάνυ
1062 5171 1125 5240 ἤδη.
1137 5168 1185 5226 Of.
1198 5185 1209 5227 r
1223 5167 1297 5226 rm.
1311 5185 1352 5239 rr,
1367 5169 1410 5225 14.
