4006 6090
275 445 341 510 eso
421 395 422 398 Ὺ
951 449 1162 516 omouuns

278 584 413 672 ἐγένετο,
429 589 466 654 οὐ
478 592 554 674 πρὸς
566 591 645 678 alpe
655 593 712 658 παῑ
724 591 839 676 σάρκα,
851 590 1024 676 ἀλλὰπρὸς
1070 613 1088 653 α
1112 607 1272 656 nonaum
1296 591 1466 670 sanguine
1482 595 1516 654 et
1527 607 1646 670 earne,
1663 590 1722 654 sed
1737 607 1815 654 oum

277 692 334 768 τάς
356 692 469 778 ἀρχάς,
494 697 572 779 πρὸς
593 697 651 775 τάς
676 691 829 778 ἔξουσίας,
852 696 929 780 πρὸς
951 696 1024 770 τοὺς
1068 695 1290 777 potestatibus
1314 702 1349 758 et
1362 695 1609 777 principatibus
1632 698 1666 758 et
1681 695 1818 758 reatori-

277 797 537 883 κοσμοκράτορας
548 809 604 864 τοῶ
617 800 748 878 σκότους
760 799 882 880 τούτου,
894 799 972 884 πρὸς
983 799 1024 862 τά
1067 799 1131 864 bus
1142 798 1262 864 mundi
1274 797 1396 863 harum
1407 800 1641 878 tenebrarum,
1653 814 1732 861 oum
1748 798 1814 878 spi-

275 904 472 987 πνευματικὰ
486 902 520 967 ἔν
534 911 600 981 τοῖς
614 902 819 989 ἐπουρανίοις.
1067 902 1249 966 ritualibus
1266 903 1428 983 nequitia
1443 903 1479 965 in
1494 899 1703 965 caelestibus.
1721 922 1739 961 ν

321 1024 352 1068 v.
373 1004 541 1072 17.Ῥοσαί
563 1029 602 1093 με
620 1009 659 1074 ἔκ
681 1018 741 1074 τῶν
763 1005 1023 1073 καταδιωκάντων
1109 1025 1142 1068 ν.
1165 1007 1195 1070 7.
1219 1005 1336 1070 libera
1357 1021 1406 1070 αιε
1427 1002 1728 1086 operaequeutilus
1748 1021 1808 1082 κιο,

277 1126 326 1192 pe,
342 1107 388 1173 ύτι
403 1109 663 1195 ἔκραιαιύθησαν
678 1110 755 1196 ὑπὲρ
771 1111 837 1198 ἔμέ.
1065 1111 1144 1192 quia
1159 1109 1337 1191 confortati
1350 1111 1428 1174 aunt
1440 1125 1538 1188 super
1551 1126 1611 1171 me.

319 1211 390 1278 Κᾶν
405 1212 590 1298 νικήσωμεν,
607 1215 800 1301 ἔρδύοθηρτν
813 1217 876 1281 ἀπὸ
888 1225 950 1281 τῶν
965 1236 1022 1279 κα-
1110 1215 1252 1277 Etiamsi
1276 1214 1469 1292 vioerimus,
1493 1211 1628 1275 liberati
1651 1229 1771 1284 sumus
1791 1229 1811 1273 e

274 1316 1021 1405 ταδιωκύντων,οἵτινεςέκραταιύθηοαν,δτεκα-
1064 1318 1347 1400 persequentibus
1362 1335 1440 1396 nos,
1456 1317 1516 1397 qui
1527 1315 1707 1378 confortati
1720 1316 1810 1392 sunt,

273 1421 551 1488 ταδυναστεύουαιν
567 1422 601 1488 ἔν
616 1434 680 1502 τοῖς
697 1423 802 1511 μέσοις
816 1422 889 1491 καθ’
899 1421 998 1510 ἡμῶν.
1066 1424 1200 1504 quando
1215 1421 1438 1504 tyrannidem
1453 1424 1612 1482 exercent
1628 1419 1663 1482 in
1687 1421 1811 1499 populo

1067 1525 1229 1590 adversus
1245 1543 1316 1588 nos.

306 1747 335 1786 v.
348 1731 372 1786 i.
385 1731 452 1788 Vat
464 1732 490 1788 4.

856 1960 1025 2080 retas
1053 1995 1226 2077 oxori.

313 2297 344 2343 v.
369 2281 399 2344 2.
427 2277 492 2345 Καὶ
516 2284 559 2368 μὴ
584 2279 727 2368 εἰσέλθῃς
749 2283 793 2362 εἰς
815 2283 915 2369 κρίσιν
938 2287 1018 2372 μετά
1106 2305 1138 2349 v.
1158 2287 1189 2350 2.
1211 2285 1256 2350 ut
1276 2302 1340 2350 uon
1360 2284 1465 2350 iratres
1490 2282 1711 2366 injusticiam
1736 2298 1809 2348 tutu

254 2393 324 2474 τού
339 2382 452 2449 δούλου
475 2406 542 2467 σου,
559 2388 606 2454 δτι
621 2387 658 2451 οὐ
681 2386 923 2473 δικαιωθήσεται
945 2389 1019 2454 ἔνύι-
1062 2408 1153 2457 seruo
1168 2395 1231 2470 tao,
1250 2391 1329 2472 quio
1350 2407 1414 2454 tou
1432 2388 1671 2473 justificabitur
1685 2388 1722 2451 ιἰι
1740 2405 1810 2452 roa·

275 2489 493 2566 πιύνσουπᾶς
509 2489 581 2568 ζῶν.
603 2494 701 2559 Vatia.
718 2495 793 2573 709,
810 2512 830 2556 1.
1062 2490 1496 2576 speetatrtoomoisoioeso.

314 2591 381 2658 Καὶ
408 2593 425 2658 δ
447 2592 518 2659 'lat
548 2615 661 2679 φησιν·
683 2595 761 2661 Ἐάν
781 2598 844 2682 γάρ
868 2595 1020 2684 βούληται
1097 2601 1166 2664 ulit
1180 2615 1314 2681 quoque
1329 2599 1411 2661 lob:
1434 2597 1599 2661 «Etenim
1618 2597 1648 2660 si
1664 2597 1811 2661 voluerit

269 2696 415 2781 κριθῆναι
437 2698 532 2783 αύτῷ,
547 2699 585 2763 ού
604 2701 647 2786 μὴ
671 2699 837 2784 ὑπακούσῃ
859 2701 954 2786 αὐτῷ,
969 2702 1022 2766 ἵνα
1065 2705 1107 2768 ab
1123 2722 1162 2768 eo
1169 2702 1328 2784 judicari,
1340 2719 1555 2784 nequequam
1571 2701 1614 2766 ab
1626 2702 1685 2764 illo
1697 2700 1812 2764 audie·

270 2802 314 2886 μὴ
332 2799 462 2887 ἀντείπῃ
475 2801 553 2886 προς
565 2801 621 2868 ἔνα
632 2803 727 2888 λόγον
742 2802 840 2868 αὐτοῦ
851 2803 890 2868 ἔκ
900 2801 1019 2891 χιλίων.
1064 2814 1131 2889 tur,
1144 2810 1192 2871 ita
1203 2810 1243 2871 ut
1253 2811 1400 2888 nequeat
1415 2805 1615 2887 respondere
1632 2820 1738 2868 unum
1750 2819 1810 2884 pro

268 2939 310 2952 -
327 2904 367 2970 Εἰ
381 2905 411 2970 οἱ
426 2903 737 2991 σοναποθνὴσκοντες
758 2916 803 2993 τῷ
825 2907 953 2995 Χριστῷ
976 2908 1019 2972 δι·
1063 2916 1195 2978 mille.»
1212 2948 1249 2959 -
1268 2913 1303 2977 Si
1313 2909 1548 2991 justificantur
1564 2909 1623 2991 qui
1634 2908 1810 2974 commori·

267 3018 440 3092 καιούνται,
457 3010 486 3074 οἱ
501 3009 615 3090 ζῶντες
631 3010 694 3096 ἄρα
709 3013 766 3097 τὴν
786 3011 1017 3097 ζωὴνάντικει·
1064 3023 1170 3081 untur
1192 3017 1227 3080 in
1250 3015 1393 3094 Christe,
1415 3015 1570 3078 viventes
1598 3030 1680 3092 ergo
1703 3013 1810 3076 vitam

269 3109 368 3196 μένην
382 3114 482 3199 τούτῳ
497 3124 540 3201 τῷ
563 3115 703 3201 θανάτῳ,
721 3118 759 3181 οὐ
780 3115 972 3182 δικαιούνται
987 3117 1018 3182 ἔ·
1062 3140 1139 3203 quae
1154 3122 1235 3185 huie
1260 3120 1361 3182 morti
1380 3119 1549 3182 contraria
1572 3122 1633 3197 est,
1656 3118 1692 3180 in
1715 3135 1810 3182 eons-

268 3214 383 3282 νιύπιον
398 3227 454 3283 τού
470 3218 563 3285 Θεού.
1062 3231 1162 3308 peotu
1179 3226 1239 3288 Dei
1254 3240 1321 3286 non
1334 3222 1576 3304 justificantur.

311 3341 342 3386 ν.
359 3323 390 3405 5,
407 3326 437 3388 6.
463 3322 664 3408 Ἐρελέτησα
685 3323 720 3390 ἔν
736 3333 814 3389 πᾶσι
836 3333 900 3402 τοῖς
915 3326 1018 3411 ἔργοις
1105 3348 1137 3392 ν.
1153 3332 1184 3409 5,
1201 3330 1231 3392 6.
1247 3325 1562 3392 Medicamenta
1580 3322 1725 3389 υαιιιιθιιι
1738 3341 1806 3406 ope-

267 3445 357 3492 οου...
374 3425 550 3492 Διεπέτασα
565 3431 642 3513 πρὸς
659 3431 695 3494 σὲ
706 3431 765 3506 τάς
775 3428 885 3515 χεῖράς
902 3449 979 3515 μου·
994 3427 1015 3514 ἡ
1059 3433 1152 3500 ribus
1163 3434 1261 3498 tuis...
1273 3429 1550 3511 nepotulorum
1560 3446 1649 3494 ureae
1659 3427 1702 3494 ud
1713 3432 1760 3494 to:
1774 3443 1808 3492 a»

266 3529 355 3616 ψυχή
373 3552 433 3617 μου
449 3531 491 3609 ὡς
506 3541 548 3618 γῆ
564 3533 696 3617 ἄνυδρός
711 3554 770 3598 σοι.
1058 3539 1148 3602 nima
1162 3554 1232 3602 ωοα
1245 3537 1333 3601 sicut
1346 3539 1437 3600 terro
1450 3534 1522 3600 siue
1535 3550 1621 3617 οριια
1634 3533 1703 3597 tili.

309 3633 347 3700 ‘0
361 3635 522 3722 γινώσκων
538 3640 610 3716 τοὺς
626 3637 738 3723 λύγους
755 3647 816 3705 τῶν
829 3637 1015 3724 γεγονότων,
1104 3642 1167 3716 Qui
1183 3641 1278 3704 novit
1292 3657 1411 3702 causas
1427 3655 1551 3717 rerum,
1570 3637 1753 3701 meditatur
1769 3637 1806 3700 in

265 3741 356 3817 ούτος
371 3741 486 3827 μελετᾷ
501 3741 535 3806 ἔν
550 3751 628 3806 πᾶσι
641 3751 707 3820 τοῖς
730 3745 832 3829 ἔργοις
850 3752 907 3807 τοῦ
923 3741 1015 3811 Θεοῦ.
1061 3745 1219 3810 omnibus
1231 3743 1388 3826 operibus
1400 3742 1472 3806 Dei.
1487 3775 1525 3786 -
1535 3743 1660 3805 Memor
1672 3741 1804 3804 dierum

266 3883 307 3896 -
324 3844 394 3911 Τῶν
408 3844 549 3932 ἀρχαίων
572 3846 719 3932 μνησθεὶς
738 3843 877 3933 ἡμερῶν,
892 3849 950 3927 τάς
965 3848 1018 3913 διά
1060 3849 1289 3929 antiquorum,
1304 3847 1368 3910 tibi
1392 3863 1453 3927 per
1474 3846 1708 3927 poenitentiam
1730 3862 1807 3908 mea

264 3949 431 4034 μετάνοιάν
459 3971 509 4015 σοι
534 3950 660 4035 πράξεις
682 3947 842 4033 ὑπέδειξα,
869 3951 1016 4036 καθαρῶς
1061 3955 1200 4035 exposui
1215 3953 1375 4032 facinora,
1391 3970 1476 4034 pura
1491 3956 1524 4014 te
1535 3968 1574 4013 oo
1590 3969 1671 4014 vera
1681 3951 1738 4015 siti
1751 3949 1807 4014 de·

263 4053 360 4130 ὄντως
375 4075 431 4119 σου
453 4054 561 4139 διψῶν,
576 4052 614 4118 ού
637 4055 731 4140 μόνον
753 4053 795 4132 ῶς
818 4055 935 4140 ἔλαφος
959 4055 1010 4121 ἔτι
1053 4059 1215 4137 sidereus,
1231 4074 1299 4120 non
1315 4056 1413 4120 modo
1433 4059 1472 4118 ut
1486 4073 1607 4118 cervus
1630 4054 1672 4118 ad
1696 4053 1805 4118 fontes

261 4158 318 4234 τὰς
333 4159 448 4243 πηγάς,
465 4158 548 4224 ἀλλὰ
563 4160 618 4223 καὶ
632 4157 674 4235 ύς
686 4158 817 4243 άνυδρος
829 4167 871 4244 γῆ
886 4157 1010 4245 διψῶσα
1054 4179 1230 4245 equarum,
1250 4161 1308 4225 sed
1324 4165 1364 4223 ut
1384 4164 1476 4224 terra
1490 4160 1564 4224 sine
1580 4177 1669 4241 aqua
1684 4159 1800 4223 bibere

261 4271 359 4327 πιεῖν·
374 4262 424 4326 σοὶ
438 4261 474 4327 δὲ
488 4262 619 4347 τοιαύτη
634 4263 690 4328 καὶ
713 4262 797 4350 μόνω
812 4265 958 4348 καὶπρὸς
973 4265 1010 4328 σὲ
1054 4268 1138 4331 sitit.
1151 4265 1225 4330 'libi
1239 4270 1364 4344 autem,
1381 4264 1444 4328 tibi
1459 4265 1523 4328 soli
1539 4268 1573 4327 et
1588 4264 1630 4327 ad
1646 4271 1679 4327 te
1695 4265 1804 4328 Deum

259 4367 315 4430 τὸν
330 4363 411 4433 Θεὸν
433 4361 556 4452 ἡψυχὴ
580 4385 650 4453 μου,
674 4364 716 4443 ὡς
735 4369 812 4452 πρὸς
828 4366 1011 4451 ἀνθρώπους
1055 4373 1170 4435 anima
1191 4387 1276 4450 mea,
1304 4371 1394 4433 siout
1420 4367 1463 4432 ad
1484 4384 1623 4450 sponsos
1646 4372 1803 4449 properat

260 4467 296 4532 δὲ
317 4467 498 4556 superpollet
514 4467 642 4556 γόνιμος
664 4466 770 4536 τελεία
787 4469 1012 4556 assimilaltur·
1056 4475 1184 4540 nubilis
1197 4476 1296 4554 virgo
1305 4474 1420 4537 adulta
1429 4478 1463 4536 et
1474 4477 1605 4551 vegeta.
1619 4475 1714 4536 lianc
1723 4487 1802 4535 vero

161 4641 164 4648 ,
258 4571 419 4657 ταύτηνδέ
430 4574 489 4660 τὴν
500 4573 633 4659 ἄνυδρον
642 4583 703 4660 γῆν
711 4574 828 4653 καὶτὰς
841 4576 1011 4660 παραπλη-
1056 4585 1181 4644 terram
1199 4578 1273 4642 sine
1289 4595 1378 4660 aqua
1393 4580 1428 4640 et
1442 4577 1570 4641 similes
1590 4577 1722 4640 animas
1737 4577 1804 4640 eri-

259 4675 344 4756 σέους
360 4678 467 4763 ψυχάς
483 4676 634 4763 ἀνύδρους
654 4677 769 4756 τύπους
794 4678 951 4786 διέρχεται
975 4684 1011 4747 ιδ
1055 4683 1114 4748 das
1125 4684 1310 4765 perlustrat
1320 4682 1461 4763 spiritus
1473 4679 1680 4760 immundus,
1693 4697 1802 4762 neque

259 4791 383 4868 πνεῦμα
393 4783 430 4846 τὸ
442 4781 632 4868 ἀκάθαρτον,
642 4783 702 4869 οὐχ
713 4781 858 4870 εύρῑσκον
870 4785 946 4871 παρ’
955 4787 1009 4851 αὐ·
1055 4785 1804 4870 invenitapudeosmansiouemautrequiem.

292 5002 341 5060 Pa.
355 5019 447 5064 exin.
459 5021 487 5062 v.
499 5005 527 5061 2.
539 5005 606 5063 θοι.
619 5008 644 5062 5.
657 5005 725 5064 Job.
735 5009 816 5077 rx,3.
1054 5007 1152 5066 ubivis
1170 5009 1295 5079 legatur,
1314 5005 1440 5077 insignis
1461 5009 1524 5074 est,
1543 5021 1598 5060 nee
1618 5020 1716 5060 moror
1733 5005 1805 5075 quin

294 5091 358 5148 ab
374 5092 438 5148 θαι.
448 5091 474 5163 δ,
485 5091 527 5162 ia,
537 5109 623 5164 aquo
632 5109 702 5166 pars
711 5094 864 5167 posterior,
873 5114 1009 5168 quaemo·
1055 5114 1120 5152 eam
1132 5093 1302 5152 Senioribus
1310 5091 1519 5151 Alexandrinis
1532 5091 1669 5150 tribuam.
1679 5091 1723 5150 cf.
1734 5091 1804 5149 Luo.

258 5175 307 5250 gis
323 5176 472 5236 oobaerere
492 5177 642 5241 videbitur
661 5196 729 5238 ααια
749 5198 792 5254 ps.
816 5197 889 5255 uxn,
906 5185 933 5242 2.
951 5183 1009 5242 Sed
1055 5198 1098 5254 ιι,
1111 5183 1154 5238 25.
