4008 6094
966 401 1176 465 ORIGENES

878 643 1046 721 Psolmue
1071 642 1251 720 XXVII.

347 879 380 952 V:
409 861 437 923 1.
464 855 597 942 Μήποτε
623 853 872 941 παρασιωπήσης
900 853 948 919 ἐπ’
967 852 1047 940 ἐμοὶ,
1135 873 1167 920 ν.
1193 858 1221 920 l.
1244 859 1418 940 Nequoado
1437 863 1537 930 sileas
1551 882 1572 930 ιι
1586 868 1837 946 mactastimi-

304 965 358 1027 καί
386 960 619 1048 ὁμοιωθησομοιι
648 969 712 1038 τοῖς
739 957 980 1025 καταδαίνοῦσιν
1006 959 1050 1035 είς
1091 957 1181 1024 lator·
1202 959 1655 1035 paracoemumenum.

304 1065 434 1132 λάκκον.
460 1070 525 1134 Vae.
543 1068 617 1148 639,
633 1067 663 1128 2.
1763 1121 1775 1132 ,

346 1169 412 1236 Τοῦ
423 1180 477 1236 νοῦ
489 1167 641 1254 λάκκοςὴ
655 1166 766 1254 ἄγνοια
781 1165 874 1248 ἐστιν,
887 1165 930 1243 εἰς
941 1164 983 1250 ἣν
993 1165 1047 1251 ἐμ·
1137 1165 1259 1231 Mentis
1275 1170 1380 1251 lacus,
1396 1173 1590 1251 ignorantia
1606 1179 1670 1240 est:
1684 1177 1720 1240 in
1734 1194 1838 1258 quam

305 1274 419 1357 πίπτει,
431 1271 723 1360 παραοαοπησίισης
732 1271 816 1356 αὐτῷ
831 1277 888 1354 της
899 1278 954 1334 τοῦ
966 1269 1048 1336 Θεοῦ
1092 1266 1218 1334 decidit
1239 1289 1345 1354 mens,
1367 1278 1482 1340 statim
1510 1281 1550 1340 ut
1571 1278 1623 1344 illi
1649 1281 1749 1344 sileat
1774 1282 1836 1344 Dei

304 1377 425 1464 σοφίας,
442 1381 496 1443 καὶ
513 1381 555 1466 μὴ
572 1376 726 1462 λεγούσης
741 1375 776 1440 τό
791 1397 799 1413 ·
814 1373 898 1440 Ἰδοὺ
912 1374 1049 1462 πάρειμι.
1081 1372 1269 1454 sapientia,
1293 1395 1331 1440 ao
1358 1377 1467 1444 dicere
1494 1382 1526 1444 ei
1548 1381 1693 1446 desinat:
1723 1386 1835 1448 «Ecce

1092 1475 1262 1539 adsumta

347 1606 379 1650 ν.
403 1589 433 1652 5.
453 1580 525 1652 Ὀτι
543 1587 581 1651 οῦ
603 1593 743 1670 σονηκοιν
765 1584 809 1661 εἰς
831 1584 872 1649 τὰ
891 1584 969 1668 ἔργα
984 1583 1049 1649 Ko-
1136 1582 1207 1643 v.5.
1223 1583 1836 1672 Qrwaiamaoaa'otclleecruatiaopcra

303 1689 369 1774 ρίου
384 1692 438 1754 καί
453 1691 496 1767 εἰς
512 1691 552 1755 τὰ
567 1690 646 1774 ἔργα
660 1697 722 1755 τῶν
736 1697 850 1776 χειρῶν
865 1691 970 1756 αὐτοῦ.
1091 1684 1233 1764 Domiti,
1251 1702 1351 1767 oeque
1372 1687 1409 1752 ic
1430 1706 1526 1770 opera
1546 1710 1699 1758 ιιιαιιιιιιιιι
1713 1695 1794 1776 ejus.

349 1791 458 1871 οὐδεὶς
480 1794 542 1880 γὰρ
565 1794 608 1879 μὴ
633 1791 750 1878 νοήσας
765 1794 806 1858 τὰ
820 1794 899 1879 ἔργα
913 1804 968 1859 τοῦ
984 1793 1048 1860 Κυ.
1134 1789 1239 1852 Nemo
1262 1792 1353 1853 enim
1369 1791 1411 1855 ad
1433 1810 1535 1874 opera
1550 1797 1686 1862 Domini
1702 1817 1770 1863 non
1789 1806 1838 1863 at·

303 1896 380 1982 ρίου,
403 1895 564 1984 ἄμεμπτος
586 1897 679 1980 ἐστιν,
702 1897 773 1981 περὶ
787 1898 830 1961 ὢν
846 1894 931 1981 λέγει
946 1894 1049 1974 Θεός·
1091 1891 1243 1972 tendens,
1270 1897 1371 1976 culpa
1399 1901 1508 1978 vacat,
1535 1898 1576 1963 de
1603 1901 1728 1981 quibus
1755 1903 1838 1967 dicit

302 2001 456 2086 Ἀληθινὰ
476 2003 515 2066 τὰ
538 2002 617 2087 ἔργα
643 2002 749 2065 αὐτοῦ,
780 1999 846 2065 Καὶ
867 1999 983 2067 πάλιν·
1009 1999 1050 2067 Οἱ
1091 1994 1198 2058 Deus:
1217 1999 1630 2082 «VeraopcraDomini,»
1648 2007 1836 2071 etiterum:

302 2105 428 2190 οὐρανοί
442 2103 623 2190 διηγοῦνται
644 2103 737 2183 δόξαν
754 2087 836 2170 Θεοῦ
850 2124 859 2140 ·
874 2103 997 2188 ποίησιν
1014 2104 1048 2168 δὲ
1095 2099 1203 2162 «Coeli
1226 2108 1386 2167 enarrant
1408 2106 1554 2182 gloriam
1580 2108 1652 2189 Dei,
1676 2113 1710 2172 et
1734 2127 1836 2192 opera

301 2217 414 2295 χειρῶν
427 2209 522 2272 αὐτοῦ
533 2205 717 2292 ἐναγγέλλει
727 2209 762 2271 τὸ
775 2205 947 2294 στερέωμα,
959 2206 1049 2273 Πάνυ
1092 2219 1257 2265 manuum
1271 2203 1344 2284 ejus
1355 2211 1537 2272 annuntiat
1548 2209 1835 2278 firmamentum.»

301 2313 364 2398 γὰρ
378 2310 547 2395 κατάδηλά
561 2311 655 2393 ἐστιν,
677 2309 719 2386 ὡς
734 2309 788 2375 ἀπ’
800 2311 897 2396 αὐτῆς
912 2318 969 2395 της
984 2310 1048 2376 erl·
1093 2305 1271 2369 Manifesta
1286 2309 1376 2371 enim
1392 2317 1483 2391 aunt,
1496 2313 1545 2376 ita
1557 2319 1596 2377 ut
1608 2333 1650 2378 ex
1661 2318 1734 2398 ipsa
1748 2335 1840 2381 crea·

301 2435 381 2493 σεως
407 2417 462 2480 χαι
489 2423 552 2480 τῶν
578 2413 858 2499 δημιουρρημάτωρ
885 2412 1048 2498 ἀναλόγως
1093 2409 1185 2471 tione
1200 2413 1235 2474 et
1249 2413 1423 2492 creaturis,
1446 2432 1506 2496 per
1524 2421 1717 2498 analogiam
1733 2424 1841 2486 consi·

302 2518 452 2586 odeactus
485 2520 538 2583 τὸν
567 2519 783 2603 γενεσιουργθν
813 2516 969 2603 θεωρεῖν·
998 2518 1050 2583 διὰ
1094 2511 1205 2577 derari
1227 2517 1333 2596 possit
1348 2535 1465 2582 earum
1480 2521 1642 2586 conditor.
1661 2526 1841 2606 Propterea

301 2634 394 2690 τοῦτο
409 2623 463 2688 οὖν
478 2623 563 2687 οῦτοι
577 2621 831 2701 κολαζέσθωσαν.
1097 2633 1180 2695 ergo
1203 2619 1263 2697 qui
1287 2620 1447 2698 ignorant
1462 2641 1511 2704 ea,
1534 2627 1730 2706 puniantur.

346 2749 378 2794 v.
395 2729 426 2810 6,
445 2729 474 2792 ί.
491 2725 672 2812 Εὐλογητὸς
683 2725 808 2811 Κύριος,
825 2727 872 2790 ὅτι
884 2725 1051 2811 είσήκοοοε
1138 2735 1170 2783 V·
1195 2724 1225 2800 6,
1241 2721 1272 2785 7·
1287 2724 1479 2791 Baeticus
1496 2729 1664 2809 Dominus,
1689 2731 1841 2812 quereiam

302 2840 359 2916 τῆς
385 2837 491 2916 φωνῆς
510 2838 567 2915 τῆς
590 2829 728 2916 δεησείις
752 2853 820 2918 μου.
844 2830 960 2917 Κύριος
976 2829 1051 2916 βοη·
1093 2824 1259 2891 onomate
1278 2845 1382 2892 uocem
1403 2829 1634 2910 uacationes
1655 2849 1750 2898 mede.
1777 2837 1841 2899 Do-

304 2935 363 3013 θός
386 2957 445 3022 μου
471 2935 526 3002 καί
552 2933 785 3020 ὑπερασπιστὴς
801 2957 878 3020 μου,
906 2934 1051 3022 ἐπὀιίιτῷ
1093 2927 1202 2994 minos
1222 2929 1453 2998 mittamus
1467 2937 1667 3016 armorica
1680 2955 1781 3018 ιιῦοιιι,
1801 2940 1839 3004 itt

303 3039 436 3127 ἤλπισεν
456 3038 479 3123 η
498 3035 613 3122 καρδία
625 3059 693 3124 μου,
718 3042 772 3104 και
793 3037 980 3125 canopoeo,
996 3040 1052 3105 και
1093 3031 1163 3112 ipso
1183 3033 1327 3114 ιηιιιιοίι
1347 3052 1400 3100 σοι
1421 3039 1738 3122 cmmoditatis
1752 3059 1835 3122 sam,

303 3141 490 3227 ἀνέθαλενὴ
507 3140 585 3227 σάρξ
598 3163 667 3226 μου.
1093 3137 1126 3199 σί
1145 3135 1295 3220 ιςιίῦινιίί
1316 3156 1389 3203 caro
1410 3157 1490 3205 ιιιιιι.

346 3245 525 3332 Εὐξάμενος
547 3247 636 3310 κακὰ
655 3243 837 3330 ἀνθρώποις,
860 3244 986 3331 εὐλοηει
997 3247 1052 3311 τὸν
1138 3239 1225 3303 Mala
1239 3247 1417 3324 postquam
1432 3244 1627 3310 hominibus
1641 3247 1840 3330 deprecatus

304 3351 394 3433 Θεὸν,
410 3351 457 3414 ὅτι
472 3347 655 3433 sesumam
680 3349 775 3413 αὐτοῦ
790 3369 798 3386 ·
813 3348 898 3414 ἀλλὰ
912 3351 952 3414 τὰ
968 3351 1051 3434 etpe-
1095 3347 1155 3422 eet,
1171 3343 1341 3409 benedicit
1354 3348 1473 3428 Deum,
1490 3351 1650 3430 quoniam
1665 3353 1841 3416 exaudivit

304 3452 385 3539 μένα
412 3453 549 3535 νοείσθω,
576 3453 623 3516 ὅτι
649 3455 776 3538 εὔχεται
802 3451 968 3537 μετάνοιαν
993 3453 1051 3517 καὶ
1095 3463 1189 3529 eum3
1212 3449 1270 3513 sed
1286 3452 1380 3532 prius
1396 3451 1486 3516 dicta
1501 3455 1550 3518 sic
1566 3456 1732 3537 intellige,
1750 3455 1840 3538 quod

304 3557 464 3642 διόρθωσιν
486 3566 550 3635 τοῖς
572 3555 838 3643 ἡμαρτηκόσι-
855 3555 920 3622 Καί
940 3555 1050 3623 dotto·
1093 3571 1154 3635 pro
1176 3557 1409 3636 peccatoribus
1436 3557 1634 3639 deprecatus
1661 3565 1713 3623 est
1734 3563 1840 3642 poeni-

303 3661 393 3748 λενὴ
410 3662 488 3746 σάρξ
504 3683 572 3747 μου.
595 3660 677 3727 Ποία
698 3661 795 3746 σάρξ;
817 3663 888 3746 περὶ
910 3663 950 3747 ἠς
966 3661 1050 3746 εἴρη-
1094 3661 1236 3723 tentiam
1259 3665 1294 3725 et
1314 3664 1565 3727 correctionem.
1579 3699 1618 3709 -
1630 3667 1677 3728 st
1691 3665 1841 3750 refloruit

302 3767 553 3851 reudethleem
575 3774 663 3830 πᾶσα
683 3765 761 3851 σὰρξ
776 3768 812 3830 τὸ
828 3764 980 3850 σωτήριον
995 3775 1050 3830 τοῦ
1093 3779 1167 3828 coro
1181 3780 1261 3828 ιιιοῦ.
1277 3767 1356 3841 Quae
1372 3769 1471 3830 caro?
1486 3768 1526 3832 de
1542 3785 1611 3849 qua
1625 3769 1754 3832 dietum
1773 3775 1838 3835 est:

302 3870 407 3937 Θεοῦ·
429 3869 450 3955 ἡ
471 3871 532 3955 γὰρ
556 3870 599 3946 εἰς
621 3870 724 3950 αὐτὸν,
741 3871 844 3954 φησιν,
866 3869 953 3946 ἐλπὶς
976 3868 1049 3952 πρὸ·
1097 3869 1265 3933 «Videbit
1293 3872 1402 3935 omnis
1432 3889 1509 3936 caro
1540 3875 1689 3937 salutare
1721 3876 1793 3938 Dei.
1818 3896 1836 3935 ν

303 3973 389 4053 ξενὸς
402 3995 454 4058 μοι
476 3981 533 4058 της
554 3971 747 4058 προμηθείας
772 3973 889 4058 ταύτης
914 3974 1049 4060 ἐγένετο,
1096 3975 1170 4036 Mea
1183 3975 1218 4037 in
1234 3992 1312 4038 eum
1328 3991 1414 4056 spes,
1430 3975 1553 4056 inquit,
1566 3977 1740 4058 providam
1753 3978 1840 4041 hanc

304 4077 350 4141 διὸ
366 4077 405 4162 δὴ
422 4085 479 4160 της
494 4075 546 4141 διὰ
560 4078 619 4161 τὴν
634 4077 738 4160 φυγὴν
759 4075 933 4162 κακουχίας
950 4077 1050 4142 ἀπαλ·
1096 4081 1240 4142 tutelam
1262 4080 1348 4142 mihi
1363 4081 1566 4162 procuravit.
1583 4081 1710 4144 Idcirco
1733 4082 1843 4160 igitur

303 4181 420 4268 λαγείς,
436 4179 589 4252 ἀνέθαλόν
604 4181 707 4244 τεκαὶ
723 4179 856 4266 ἤνθησα,
869 4182 925 4246 καὶ
939 4183 998 4267 τὴν
1014 4183 1053 4248 ἐκ
1095 4201 1157 4264 μοι
1178 4183 1297 4262 fugam
1320 4183 1362 4246 ab
1382 4201 1481 4265 opere
1497 4187 1586 4248 malo
1601 4188 1760 4265 semotus,
1776 4201 1840 4264 ego

303 4295 359 4370 της
373 4285 519 4370 εὐθυμίας
534 4283 654 4362 εὐεξίαν
670 4282 839 4350 ἀπὲλαθον.
1096 4287 1243 4367 reflorui,
1267 4292 1301 4350 et
1322 4289 1424 4367 crevi,
1446 4293 1479 4351 et
1495 4287 1627 4351 favente
1643 4287 1779 4371 fiducia,
1795 4289 1843 4354 ie·

1096 4395 1195 4457 licem
1217 4395 1344 4456 statum
1366 4395 1569 4457 consecutus
1591 4411 1678 4457 sum.

335 4599 534 4668 Ps.xxv11,v.
555 4599 578 4653 1.
593 4597 659 4652 Vct.
677 4599 701 4653 5.
716 4597 801 4655 Num.
820 4616 897 4670 xxu,
913 4599 957 4656 38.
968 4599 1047 4656 Satis
1091 4600 1262 4656 Theodorus
1284 4601 1399 4656 Haracl.
1417 4601 1494 4673 apud
1512 4599 1629 4657 Oorder.
1649 4606 1670 4656 t.
1689 4601 1713 4672 1,
1730 4619 1758 4674 p.
1776 4603 1837 4659 480.

302 4691 348 4740 est
360 4685 482 4757 paginas
495 4687 560 4742 Vat.
574 4686 599 4740 B
612 4685 649 4741 ab
661 4684 746 4740 initio
759 4687 864 4758 psalmi
877 4686 1002 4758 signare.
1093 4719 1125 4729 -
1139 4687 1212 4742 Dan.
1227 4705 1271 4757 ιιι,
1284 4687 1327 4742 27.
1341 4687 1388 4742 Pa.
1404 4703 1492 4756 xv111,
1507 4689 1530 4743 1.
1541 4687 1584 4743 Of.
1597 4687 1681 4746 Boni.
1692 4689 1715 4760 Ι,
1725 4691 1768 4746 20.

333 4787 363 4826 ν.
383 4773 408 4826 ὅ.
431 4773 496 4829 Vct.
521 4773 561 4828 13.
584 4774 674 4830 Plura
696 4777 830 4838 αῦτολεξεῑ
851 4773 913 4832 fere
936 4775 1045 4848 recepit
1088 4797 1093 4812 ¹
1125 4795 1152 4834 ν.
1166 4777 1191 4846 6,
1206 4778 1230 4832 l.
1244 4777 1310 4832 Vat.
1327 4776 1367 4832 13.
1380 4775 1449 4831 Luc.
1464 4791 1509 4844 ιιι,
1523 4777 1548 4830 6.
