4044 6104
883 450 1088 516 EUSEBIUS

569 677 743 782 Sequitur
758 679 926 759 Psalmis
942 673 1012 754 IX
1024 679 1087 778 (X
1103 674 1199 778 apud
1214 677 1259 756 H
1258 677 1416 775 ebreos).
1497 771 1502 783 ¹

265 910 297 954 v.
314 891 414 956 22-24
438 891 494 974 (el.
515 892 591 974 1-3).
602 887 717 973 ,Ἱνατί,
739 887 849 975 Κύριε,
871 887 967 974 &pis—
1054 908 1086 953 v.
1103 890 1145 952 22
1166 888 1320 970 -24(1
1343 924 1381 934 -
1400 887 1444 970 5).
1463 891 1504 954 Ut
1514 889 1602 972 quid,
1616 889 1761 969 Domine,

222 1015 324 1080 τηκας
340 994 507 1081 μακρόθεν,
520 995 675 1082 ὑπερορᾷς
687 995 721 1061 εν
733 993 914 1080 εὐκαιρίαις,
934 994 967 1059 ἐν
1010 993 1175 1058 recessisti
1189 993 1289 1076 tostae,
1309 992 1447 1074 despicis
1461 993 1497 1056 in
1515 993 1760 1074 opportunitati·

216 1095 342 1182 θλίψεις
362 1097 395 1163 ἐν
417 1107 461 1184 τῷ
481 1097 772 1184 ὑπερηφανείιεσθαι
785 1099 840 1162 τόν
855 1095 967 1181 iasio,
1011 1099 1079 1178 bees,
1097 1099 1135 1162 io
1160 1096 1392 1161 tribulatium?
1420 1097 1508 1160 Dum
1532 1095 1676 1178 opertis
1703 1097 1763 1159 αἰνι-

214 1195 454 1286 ἐμπυρίζεταιό
477 1203 613 1287 πτωχός,
637 1198 910 1286 συλλαμόόινονται
932 1199 966 1263 ἐν
1009 1203 1096 1283 pies,
1115 1198 1777 1281 ioceeuiitirpedper:comprehendentes·

215 1302 413 1386 διαδουλίοις,
429 1305 474 1380 οίς
493 1303 742 1390 διαλογίζονται·
764 1304 810 1368 ότι
833 1303 966 1368 ἐπαινεῖ·
1008 1305 1046 1371 in
1060 1304 1208 1371 consiliis
1223 1304 1339 1384 quites
1353 1306 1502 1386 cepisses.
1523 1305 1679 1380 Qteeeeiem
1690 1304 1761 1367 led·

215 1429 268 1473 ται
282 1409 300 1473 ὁ
315 1407 502 1493 ἁμαρτωλός
517 1407 551 1472 ἐν
565 1416 633 1484 ταῖς
649 1404 824 1492 ἐπιθυμίαις
835 1415 893 1493 τῆς
908 1406 964 1490 ψυ-
1007 1407 1107 1474 deside·
1124 1415 1274 1490 peccator
1288 1409 1326 1472 id
1349 1405 1520 1474 desideriis
1542 1408 1657 1472 adimes
1681 1425 1758 1488 sod,

214 1523 277 1598 χής
292 1513 399 1593 αὐτοῦ,
416 1513 471 1576 καί
486 1513 503 1577 ό
518 1511 634 1578 ἀδικῶν
649 1511 870 1598 ἐνευλσγεῐται.
1008 1517 1040 1578 et
1054 1514 1189 1596 iniquus
1203 1511 1409 1577 telesticide.

260 1615 350 1682 Ἐπεί
371 1614 390 1679 ό
412 1615 510 1698 Θεὸς,
538 1614 556 1679 ὁ
578 1615 791 1700 δρασσόμενος
816 1617 889 1693 τοὺς
915 1635 966 1680 σο·
1055 1619 1220 1694 Quoniam
1250 1618 1340 1680 Deus
1367 1617 1425 1680 ille
1451 1621 1503 1680 est
1525 1617 1584 1698 qui
1612 1633 1760 1698 eompre-

205 1723 293 1806 ,φοὺς
321 1720 355 1784 ἒν
385 1729 425 1805 τῇ
448 1718 623 1808 πανουργίᾳ
650 1723 770 1806 αὐτῶν,
801 1723 887 1786 κατὰ
912 1724 967 1786 τόν
1010 1723 1130 1786 heudit
1143 1722 1313 1814 sapientes
1334 1721 1368 1782 in
1392 1722 1518 1784 astutio
1536 1738 1615 1798 sua,
1643 1737 1762 1784 secuu-

216 1822 403 1906 ἀπόστολον,
418 1833 512 1888 τοῦτο
535 1825 612 1889 αὐτὸ
633 1826 697 1911 ἤδη
720 1827 798 1890 πότε
820 1823 966 1912 γενέσθαι
1011 1827 1092 1892 dum
1105 1828 1312 1908 Apostolum,
1327 1825 1411 1888 illud
1424 1823 1615 1905 ipsumjom
1624 1824 1760 1888 taudem

216 1929 356 2013 εὔχεται.
373 1926 654 2013 Συλληφθήτιυσαν
669 1929 703 1994 ἒν
718 1925 906 2005 διαδουλίοις
921 1929 967 2004 οίς
1011 1931 1138 1995 foetum
1151 1948 1224 1994 esse
1235 1931 1394 2011 postulat,
1410 1927 1542 1992 disens:
1559 1927 1762 2009 Comprehen-

220 2032 468 2118 διαλογίζονται.
492 2031 741 2119 Ἐπιτριόόμενοι
763 2034 826 2120 γὰρ
848 2034 903 2096 καί
925 2034 967 2096 τὰ
1008 2033 1180 2100 deuterio
1195 2033 1343 2100 emesiliis
1358 2049 1427 2116 qua
1447 2050 1553 2097 seeum
1571 2035 1760 2116 etcopitent.

215 2138 317 2204 αὐτῶν
333 2137 479 2217 αὔξοντες
500 2140 598 2220 κακόι,
618 2141 673 2202 καί
696 2137 814 2223 ἑτέροις
836 2137 966 2214 πολλοῖς
1010 2140 1157 2203 Tolerati
1173 2140 1264 2202 euim
1280 2142 1314 2202 et
1329 2139 1499 2218 nequitias
1514 2156 1593 2202 suas
1610 2154 1758 2216 exagge-

92 2323 94 2326 .
215 2242 373 2329 γινόμενοι
387 2243 578 2329 πρόσκομμα
589 2245 644 2308 καί
659 2241 761 2329 βλαόὴ
774 2253 839 2321 τοῖς
852 2241 965 2328 ὁρῶσιν
1010 2250 1133 2324 rantes,
1150 2245 1252 2307 etiam
1279 2244 1397 2306 multis
1412 2229 1489 2307 aliis
1517 2241 1759 2306 offendiculum

216 2345 332 2422 αὐτοὺς
347 2343 539 2423 ἀσεόοῠντας
555 2347 611 2431 μὲν
622 2348 678 2411 καί
689 2356 750 2410 τῶν
766 2343 850 2412 ίδίιυν
861 2346 965 2411 ἐπιθυ-
1010 2349 1108 2429 fiunt,
1135 2353 1169 2412 et
1198 2347 1441 2412 detrimentum
1472 2347 1759 2430 conspicientibus
1853 2345 1857 2352 ’

218 2460 294 2537 μιῶν
316 2448 567 2536 ἐμφορουμένους
583 2451 693 2536 μηδενί
712 2451 748 2516 δὲ
762 2451 893 2538 λυπηρῷ
912 2473 966 2516 πε-
1011 2470 1067 2516 eos
1093 2453 1261 2533 impietati
1283 2455 1453 2528 vacantes,
1480 2469 1519 2513 ao
1542 2451 1685 2532 propriis
1712 2451 1764 2512 iu-

222 2550 423 2639 ριπίπτοντας
443 2552 486 2630 ὡς
500 2553 638 2631 πολλοὺς
652 2563 713 2620 τῶν
725 2553 896 2640 ἀνθρώπων
908 2576 967 2642 μοι·
1011 2556 1193 2635 dulgeutes
1208 2555 1393 2636 desideriis,
1409 2557 1505 2618 nullo
1524 2560 1639 2620 temen
1665 2557 1761 2638 luctu

217 2654 346 2742 καρίους
360 2657 475 2734 αὐτοὺς
490 2656 635 2746 ἡγεῖσθαι
645 2661 700 2724 καί
710 2657 840 2726 ἐπαίνου
852 2659 967 2739 ἀξίους·
1012 2663 1193 2740 involutos,
1207 2661 1255 2723 ite
1270 2665 1310 2724 ut
1320 2662 1419 2724 multi
1431 2660 1609 2724 homiuum
1624 2661 1763 2741 opinen-

217 2763 265 2827 διό
280 2760 428 2828 λέλεκται
443 2765 490 2828 ότι
512 2765 686 2830 ἐπαινεῖται
700 2766 718 2830 ό
732 2765 920 2851 ἁμαρτωλὸς
934 2766 968 2832 ὲν
1013 2769 1070 2828 tur
1085 2782 1141 2829 eos
1160 2781 1233 2828 esse
1248 2765 1364 2828 beatos
1386 2769 1421 2828 et
1435 2764 1535 2828 laude
1562 2763 1695 2842 dignos.
1712 2764 1764 2827 Id-

217 2878 287 2946 ταῖς
302 2866 477 2954 ίπιθυμίαις
499 2878 556 2956 τῆς
572 2870 678 2956 ψυχῆς
700 2871 808 2952 αὐτοῦ,
823 2873 879 2936 καί
902 2871 970 2936 td·
1013 2869 1103 2933 circo
1126 2868 1255 2932 dietum
1282 2874 1346 2932 est:
1376 2867 1546 2932 Ιὶσιοιίαίιιι·
1557 2869 1709 2948 peccatos
1729 2866 1768 2930 εἰν

219 2971 314 3038 δικῶν
336 2972 557 3058 ἐνευλογεῐται.
581 2971 630 3038 os
653 2973 746 3060 μόνος
768 2971 871 3040 τοίνυν
894 2971 911 3038 ὁ
935 2974 970 3040 i·
1012 2971 1185 3038 desideriis
1202 2973 1319 3037 estimet
1331 2989 1406 3052 υτιιο,
1421 2973 1600 3055 etiniqees
1614 2969 1766 3037 benedici·

218 3076 382 3162 μαρτυλός
396 3085 465 3154 ταῖς
479 3087 537 3164 τῆς
553 3079 659 3165 ψυχῆς
681 3081 779 3144 αὐτοῦ
794 3078 969 3165 ὲπιθυμίαις
1013 3082 1078 3142 ίαν.
1091 3081 1165 3142 Non
1178 3079 1288 3141 solum
1300 3094 1384 3156 ergo
1395 3082 1550 3159 μουσείου
1561 3078 1682 3140 animae
1695 3093 1765 3140 suae

217 3178 503 3264 χρώμενοςκακῶς
518 3180 659 3265 πράττει,
672 3181 822 3246 ἀλλὰκαὶ
834 3179 969 3267 οἱόρῶν-
1014 3182 1190 3246 desideriis
1205 3181 1333 3260 favens,
1353 3180 1522 3260 flagitiose
1546 3183 1631 3260 egit,
1650 3181 1709 3244 sed
1734 3184 1768 3244 et

217 3304 270 3360 τες
285 3282 381 3349 αὐτόν
395 3294 548 3368 τοιοῦτον,
564 3288 620 3350 καί
642 3285 847 3374 εόλογοῠντες
860 3289 901 3352 τόι
917 3307 970 3372 με·
1014 3286 1075 3367 qui
1090 3289 1236 3348 oemunt
1255 3303 1334 3348 eum
1350 3285 1399 3348 ito
1421 3285 1574 3365 evadere,
1601 3304 1640 3348 ao
1663 3285 1767 3350 laude

217 3385 313 3473 γάλα,
329 3387 515 3473 ζημιοῦνται
533 3390 592 3473 τὴν
615 3389 732 3474 ψυχὴν,
748 3391 805 3456 iss
825 3390 967 3475 ζηλωταί
1012 3389 1200 3469 faustisque
1235 3389 1374 3451 vocibus
1412 3391 1573 3470 praeelero
1613 3389 1763 3454 facinora

217 3499 275 3575 της
291 3488 405 3570 κακίας
421 3494 518 3558 αὐτοῦ
533 3492 701 3580 γινόμενοι.
1010 3498 1276 3574 prosequuntur,
1288 3492 1415 3556 laedunt
1432 3494 1581 3556 animam
1597 3511 1711 3572 suom,
1730 3500 1770 3555 ut

878 3577 886 3594 ’
1019 3597 1079 3679 qui
1095 3597 1321 3678 improbitatis
1337 3598 1410 3660 eius
1426 3597 1540 3660 aemuli
1556 3596 1653 3660 fiunt.

261 3703 355 3782 ν.25,
368 3703 420 3766 26.
437 3702 494 3782 (al.
511 3705 541 3784 4,
555 3703 588 3786 5)
602 3699 771 3786 Παρώξυνε
783 3703 836 3768 τόν
849 3701 968 3788 Κύριον
1059 3720 1090 3762 ν.
1107 3703 1161 3781 25,
1174 3703 1215 3764 26
1233 3699 1287 3782 (4,
1300 3702 1320 3763 5
1331 3699 1355 3782 ).
1367 3700 1581 3765 Esesesiesit
1590 3700 1766 3764 Dominum

218 3806 236 3868 ο
252 3804 449 3891 ἁμαρτωλός,
460 3805 545 3868 κατὰ
557 3807 592 3869 τό
603 3804 723 3891 πλῆθος
735 3813 792 3889 τῆς
805 3807 902 3892 ὀργῆς
914 3809 968 3872 αἰν-
1004 3809 1164 3889 peccate,
1182 3802 1356 3870 secundem
1370 3803 1612 3868 multitudinem
1626 3803 1685 3866 iroe
1699 3819 1765 3866 sdes

218 3919 274 3973 τοῦ
289 3907 349 3972 οὐκ
370 3905 551 3991 ίκζητόσει.
575 3905 645 3972 Οὐκ
659 3906 776 3974 ἔστινό
799 3907 880 3987 Θεὸς
894 3909 969 3976 ἐνιό-
1011 3928 1075 3974 seon
1099 3912 1229 3990 queret.
1254 3907 1327 3972 Non
1351 3911 1400 3972 est
1424 3907 1573 3971 Bessis
1597 3911 1763 3988 conspecto

218 4015 413 4080 missatico.
436 4011 652 4096 Βεὸηλοῦντοιι
670 4012 703 4078 αἱ
724 4011 791 4078 ὁδοί
813 4012 910 4078 αὐτοῦ
932 4015 967 4080 ἐν
1012 4013 1107 4096 ejus5
1127 4011 1305 4095 inquinate
1331 4011 1481 4076 mediiis
1505 4007 1602 4076 illius
1616 4012 1653 4075 ise
1679 4011 1766 4076 meisi
1840 4031 1844 4042 ·

217 4121 312 4184 παντί
326 4126 436 4203 καιρῷ.
448 4117 688 4203 Ἀνταναρείται
706 4121 746 4184 τὰ
758 4113 896 4206 κρίματά
911 4140 968 4186 σου
1011 4122 1158 4196 tempere.
1187 4113 1535 4197 Aeseenterjediee
1562 4121 1618 4180 ida
1632 4132 1654 4180 a
1669 4115 1765 4198 faeie

219 4221 282 4286 ἀπὸ
305 4219 474 4305 προσώπου
495 4221 602 4304 αὐτοῦ,
623 4222 747 4288 πάντων
762 4233 823 4288 τῶν
846 4223 967 4310 ἐχθρῶν
1012 4222 1104 4304 ejus;
1120 4221 1263 4285 menium
1288 4220 1496 4286 inimteeem
1509 4237 1641 4284 ευοιτυιι
1667 4220 1766 4284 domi·

220 4323 317 4389 αὐτοῦ
332 4324 584 4408 κατακυριεύσει.
1012 4325 1154 4391 dabitur.

253 4575 301 4632 Po.
316 4593 351 4636 tx
363 4577 420 4648 (ul.
435 4593 456 4636 x
468 4578 479 4650 )
492 4593 520 4634 v.
533 4577 577 4647 22,
589 4577 633 4633 24.
645 4577 741 4636 Votis.
756 4579 798 4634 13.
813 4594 824 4636 1
843 4579 909 4636 Gor.
927 4597 971 4651 111,
1016 4577 1252 4648 commentarius,
1272 4577 1350 4650 apud
1362 4593 1416 4632 nos
1427 4577 1533 4650 planus
1550 4582 1581 4632 et
1596 4575 1770 4649 pellucidae,

218 4664 260 4722 19.
282 4663 393 4718 Deesse
414 4661 533 4720 videtur
548 4663 660 4736 pravis
678 4665 824 4738 expositio
842 4667 971 4739 priorum
1016 4682 1075 4720 non
1084 4665 1159 4720 nihil
1168 4671 1268 4720 tamen
1278 4664 1310 4720 in
1322 4663 1381 4719 flue
1394 4663 1562 4720 dissolutus.

215 4749 380 4820 verborum,
388 4767 476 4822 quem
485 4749 621 4822 suggerit
637 4749 859 4809 Moutsfsloouii
868 4754 970 4827 sodex,
1053 4767 1081 4808 v.
1093 4753 1137 4824 25,
1149 4753 1193 4807 26.
1207 4751 1301 4809 Vatis.
1316 4751 1358 4807 13.
1367 4751 1453 4806 Rom
1467 4767 1521 4820 ιιι,
1535 4752 1577 4806 19.
1591 4749 1628 4806 ei.
1638 4749 1723 4806 Field
1735 4767 1770 4820 ιι,

216 4834 373 4910 iusipiens:
391 4839 427 4892 'fl
439 4839 528 4906 ἐπειδὴ
551 4839 645 4904 όθεός
663 4841 850 4907 δρασσόμενος.
862 4839 913 4896 ubi
934 4841 969 4896 ο1
1016 4840 1075 4909 111),
1088 4839 1139 4910 qui
1155 4837 1192 4893 de
1207 4836 1264 4892 hoo
1275 4837 1340 4892 1000
1358 4835 1469 4892 diserte
1482 4835 1644 4908 disputans,
1654 4835 1769 4892 Monte-

216 4921 369 4978 maurinus
380 4922 478 4978 miuus
489 4921 563 4979 bene
572 4939 695 4980 exorsus
705 4927 752 4980 est
760 4923 798 4980 sb
807 4923 970 4999 interroga·
1013 4923 1174 4980 feloouium
1183 4929 1214 4979 et
1231 4922 1306 4978 ulios
1318 4921 1448 4996 oorripst,
1459 4922 1658 4979 emendandus
1669 4929 1770 4980 temen

217 5007 307 5077 tione,
322 5025 377 5065 uso
387 5007 447 5066 uisi
464 5025 543 5080 κει-ο
557 5014 587 5065 εί
605 5014 739 5066 contorte
750 5017 859 5068 oaetero
879 5012 970 5069 intor-
1015 5012 1088 5087 ipse,
1097 5029 1187 5086 quum
1193 5008 1406 5084 jnmousebius
1413 5027 1472 5066 σου
1478 5009 1588 5066 nudum
1594 5009 1710 5082 Aquilse
1719 5027 1770 5067 vo·

216 5101 351 5168 promtus
364 5101 419 5166 est,
432 5095 521 5151 immo
533 5095 574 5151 ibi
592 5094 732 5152 intuente
749 5103 819 5152 sunt
836 5115 970 5173 compen·
1015 5116 1078 5156 eom
1090 5103 1206 5166 tsisopu
1219 5097 1359 5168 εοενενίί,
1371 5097 1417 5154 uti
1429 5097 1545 5169 ιιεσείί,
1558 5097 1611 5155 sed
1623 5099 1772 5172 integrius

217 5183 274 5256 dis,
287 5183 393 5256 quibus
402 5182 433 5240 in
443 5189 506 5240 toto
519 5183 632 5258 μεελιοο
641 5183 851 5258 perstuingitur
869 5193 971 5244 noster
1015 5185 1094 5261 opud
1107 5201 1176 5246 nos:
1189 5189 1304 5255 σείουρον
1317 5185 1413 5254 sospes
1426 5189 1442 5240 ό
1455 5186 1566 5256 emite.
1627 5251 1630 5256 Ι
