4006 6090
303 441 367 506 342
983 447 1193 512 ORIGENES

300 602 362 647 σαν
375 580 451 667 ἡμῖν
473 592 530 648 τοῦ
545 582 728 670 Πνεύματος
750 543 870 670 δωρεόιν
893 583 1050 670 σημαίνει,
1096 587 1271 664 significat
1293 587 1420 652 donum
1438 589 1584 670 Spiritus
1605 588 1701 650 nobis
1725 588 1848 664 elargi-

299 684 342 763 ὡς
357 685 386 751 οί
401 686 572 753 ἀπόστολοι
586 688 638 752 διόι
653 697 710 774 τῆς
725 688 892 766 ἐπιθέσεως
907 698 969 755 τῶν
984 710 1050 776 χει·
1095 695 1180 768 tum,
1203 691 1293 755 sicut
1315 693 1467 772 apostoli,
1489 692 1647 756 manibus
1670 691 1847 773 impositis,

170 803 174 812 ⁴
300 799 362 875 ρῶν
377 800 531 886 παρεῖχον
546 791 676 880 Πνεῦμα
692 796 791 879 ἅγιον.
1097 794 1261 874 Spiritum
1277 802 1433 860 sanctum
1455 797 1745 878 impertiebantur.

345 915 378 960 ν.
403 898 432 961 l.
456 895 525 962 Ποῦ
547 897 690 982 πορευθῶ
713 899 776 963 ἀπό
798 909 853 964 τοῦ
875 900 1051 986 πνεύματός
1139 913 1170 958 v·
1187 897 1217 960 7.
1238 899 1303 975 ίλιιο
1317 899 1634 982 decemremem?

300 1018 374 1083 σου;

343 1102 414 1170 Οὐκ
428 1106 495 1171 ἔστι
515 1103 620 1189 τόπος,
636 1104 712 1171 ἔνθα
727 1108 770 1192 μὴ
794 1109 878 1172 ἔστιν
900 1117 1013 1193 γνῶσις
1026 1104 1048 1191 ἠ
1139 1104 1247 1167 Locus
1261 1108 1378 1170 nullus
1394 1112 1455 1186 eat,
1472 1108 1530 1172 ubi
1543 1110 1667 1173 nonsit
1681 1110 1742 1172 Dei
1758 1109 1845 1172 noti-

298 1217 355 1273 τοῦ
375 1207 469 1291 Θεοῦ,
491 1210 590 1274 καλοί
612 1209 699 1296 λόγοι
723 1220 784 1275 τῶν
805 1209 999 1296 γεγονότων·
1022 1211 1051 1276 εί
1094 1207 1152 1286 tia,
1161 1209 1378 1292 rationesque
1391 1231 1504 1275 rerum
1517 1214 1747 1279 existentium.
1761 1215 1846 1278 Nom

301 1313 364 1397 γὰρ
389 1314 432 1377 τοι
454 1312 586 1399 σώματα
608 1314 753 1400 διαφύγοι
775 1315 791 1380 ὁ
817 1325 899 1398 νοῦς,
923 1315 995 1380 ἀλλ’
1006 1317 1049 1393 εἰς
1094 1312 1227 1374 etiamsi
1243 1331 1338 1378 mene
1354 1317 1629 1398 corporafugiat,
1646 1324 1795 1381 attamen
1809 1319 1844 1380 in

298 1418 372 1492 τοὺς
388 1415 501 1503 λόγους
518 1419 822 1505 αὐτῦνέμπεσεῖται,
838 1419 900 1483 εἴτε
915 1419 1049 1484 καὶτοῦ.
1094 1429 1211 1478 eorum
1241 1425 1447 1498 argumenta
1477 1422 1719 1501 introducitur,
1752 1423 1843 1486 ultra

296 1541 370 1599 τους
385 1521 553 1607 παρέλθοι·
568 1523 627 1608 τὴν
649 1533 725 1607 γοῦν
741 1522 909 1609 ἀσώματον
932 1524 969 1588 οὐ
984 1525 1049 1588 δια·
1094 1517 1326 1596 quamtumvis
1356 1527 1536 1589 transiliat.
1564 1527 1753 1607 Spirituum
1778 1527 1847 1604 igi-

299 1627 446 1712 φεόξεται
469 1627 569 1712 φύσιν,
594 1625 665 1691 ἀλλ’
687 1627 721 1692 ἐν
741 1627 837 1713 ἑαυτῇ
861 1629 973 1713 ὄψεται
994 1631 1048 1694 τὸν
1092 1625 1150 1683 tur
1164 1641 1185 1684 a
1208 1633 1332 1690 natura
1355 1647 1422 1692 non
1447 1629 1605 1708 refugiet,
1630 1631 1734 1693 immo
1753 1631 1788 1693 in
1811 1647 1847 1693 ee

296 1730 505 1817 δημιουργόν·
520 1732 548 1796 εἰ
563 1730 598 1796 δὲ
614 1733 668 1796 καί
684 1733 756 1809 τοὺς
767 1731 881 1818 λόγους
896 1743 952 1818 τῆς
964 1734 1046 1798 ἀσω-
1093 1731 1283 1793 Creatorem
1299 1732 1534 1796 considerabit.
1551 1733 1645 1810 Quod
1661 1735 1690 1797 si
1707 1733 1844 1798 demum

296 1835 397 1922 μάτου
411 1837 534 1922 ρόσειυς
550 1836 653 1912 όνοῦς
675 1835 841 1920 ὑπερόαίη,
862 1837 974 1922 ὄψεται
988 1837 1047 1902 πόι-
1093 1834 1185 1895 ultra
1207 1836 1310 1897 etiam
1333 1839 1565 1919 spiritualium
1588 1843 1747 1902 naturam
1770 1855 1845 1921 pro·

296 1938 345 2006 λιν
359 1941 418 2026 τὴν
433 1940 527 2025 ἁγίαν
542 1941 654 2024 τριάδα
666 1941 735 2024 ἣτις
746 1939 859 2026 γνῶσίς
873 1941 958 2006 term
970 1941 1046 2006 ᾰαέ.
1091 1938 1198 2020 cedat,
1222 1939 1359 2004 tandem
1384 1943 1573 2008 intuebitur
1594 1960 1727 2007 sacram
1751 1945 1845 2006 Tria·

296 2064 408 2129 ραντος
423 2042 480 2108 καί
493 2043 647 2128 οὐσιὼδης
662 2043 776 2130 Σοφία.
1091 2040 1177 2122 τίεται,
1209 2062 1284 2126 quae
1318 2051 1370 2108 eet
1404 2046 1538 2110 infinita
1572 2048 1704 2126 Gnosia,
1732 2046 1840 2112 subsi-

1091 2151 1252 2228 stensque
1268 2166 1379 2230 perse
1395 2150 1577 2231 Sapientia.

339 2271 372 2315 r.
391 2252 442 2333 ll,
469 2253 519 2316 12.
543 2249 609 2316 Καί
631 2252 722 2317 εἶπα·
745 2251 833 2337 Ἀρα
853 2254 966 2330 σκότος
988 2275 1046 2319 κα-
1135 2267 1167 2312 v.
1194 2253 1244 2314 ll.
1262 2254 1307 2316 et
1328 2253 1418 2318 dici:
1438 2254 1591 2336 forsitan
1614 2256 1748 2321 temore
1769 2275 1840 2324 cort·

296 2351 475 2438 ταπατήσει
490 2373 539 2439 με,
555 2356 610 2419 καί
625 2354 680 2436 νὺξ
695 2359 852 2443 φωτισμός
867 2357 901 2422 έν
919 2367 958 2442 τῇ
973 2379 1044 2442 τρυ-
1089 2353 1260 2420 arramire
1273 2374 1331 2436 me,
1351 2361 1383 2421 et
1406 2375 1466 2424 νιυα
1485 2358 1740 2426 illuminatore
1761 2361 1841 2425 dcli·

295 2467 340 2544 ιρῇ
356 2477 426 2544 μου,
444 2457 486 2535 ὡς
500 2460 537 2523 τό
552 2458 717 2538 σκότοςοῦ
732 2460 972 2546 σκοτισθήσεται
982 2462 1045 2527 ἀπό
1089 2457 1152 2522 ciis
1165 2461 1266 2524 mie.-
1281 2463 1360 2543 μνία
1373 2464 1504 2528 tecm
1514 2481 1578 2528 cort
1589 2465 1843 2532 obscurabuntur·

293 2573 361 2628 σοῦ.
1091 2566 1168 2627 cte.
1491 2627 1494 2632 .

336 2666 466 2746 Ἀλλως
485 2669 533 2753 δὲ,
557 2669 670 2746 σκότος
700 2669 838 2734 ἐνταῦθα
859 2670 917 2755 τὴν
932 2668 1042 2756 θλίψιν
1133 2668 1250 2748 Aliter,
1274 2669 1431 2734 tenebrae
1455 2671 1502 2734 ibi
1525 2676 1626 2736 vocat
1652 2671 1841 2736 afflictatio-

292 2770 395 2856 καλεῖ,
411 2771 523 2858 ὑφ’ἠς,
540 2774 645 2858 φησίν,
662 2773 699 2836 οδ
711 2771 920 2856 προσεδόκων
932 2775 1042 2859 διαρυ-
1088 2788 1176 2850 nem,
1193 2790 1234 2834 ex
1257 2790 1325 2854 qua
1348 2792 1415 2838 non
1439 2780 1588 2857 expecto,
1605 2777 1727 2858 inquit,
1751 2775 1838 2840 effu·

291 2886 369 2962 γεῖν,
384 2876 630 2962 καταπατοόσης
647 2899 685 2963 με
697 2878 752 2941 καί
763 2876 911 2962 νικώσης·
927 2877 1042 2963 ίιθροον
1087 2893 1179 2955 gere,
1203 2894 1308 2958 quum
1325 2881 1501 2944 conculcet
1515 2898 1570 2943 me
1589 2885 1623 2944 et
1643 2886 1833 2962 exsuperet.

293 2980 328 3046 δὲ
339 2983 383 3059 εἰς
399 2980 518 3067 ἀγαθόν
535 3004 587 3067 μοι
597 2984 637 3046 τόι
648 2981 737 3047 δεινόι
749 2979 925 3067 μετεόλήθγ
938 2981 1040 3068 ’,μαλ-
1087 2981 1161 3042 orto
1177 2985 1291 3044 antem
1308 2984 1344 3046 in
1369 2983 1494 3048 bonum
1511 2987 1595 3048 mihi
1619 3003 1738 3066 aspera
1760 3003 1839 3050 con-

295 3084 352 3149 λον
368 3085 402 3149 δὲ
419 3088 473 3150 καὶ
489 3085 654 3171 μενόντων,
670 3085 792 3172 πολλῆς
808 3085 975 3152 ἀπέλαυσα
985 3096 1042 3172 τῆς
1086 3102 1185 3148 versa
1198 3085 1308 3168 fuere;
1327 3089 1429 3152 immo
1445 3092 1498 3153 rel
1514 3091 1543 3153 si
1564 3097 1734 3170 maneant,
1749 3091 1837 3154 mul-

291 3189 527 3276 χρηστόιητος·
543 3191 656 3268 ἐντοῖς
672 3193 733 3278 γόιρ
749 3189 899 3268 ἐναντίοις
919 3191 1039 3277 μᾶλλον
1085 3197 1120 3253 ta
1133 3193 1274 3268 gavisus
1285 3211 1362 3256 sum
1373 3194 1597 3274 benignitate.
1610 3197 1695 3258 Nam
1708 3195 1743 3257 in
1755 3211 1833 3258 con-

292 3290 451 3358 δείκνυται
473 3293 632 3378 τάναντία,
649 3294 691 3372 ὡς
713 3295 748 3359 ἐν
763 3303 803 3380 τῇ
825 3295 948 3381 καμίνῳ
975 3295 1040 3360 δια·
1085 3297 1200 3359 trariis
1222 3297 1322 3360 rebus
1349 3300 1518 3362 contraria
1541 3300 1653 3376 magis
1676 3300 1834 3380 emicant,

293 3395 464 3481 συρίζουσοι
478 3397 589 3482 δρόσος
603 3400 657 3463 καί
673 3397 715 3475 ὡς
730 3398 809 3483 φλόξ
829 3401 897 3484 ἅμα
911 3402 966 3465 καί
980 3401 1039 3486 χόε-
1084 3400 1174 3463 sicut
1190 3418 1243 3465 ros
1260 3403 1294 3464 in
1311 3401 1481 3467 fornacem
1502 3404 1699 3482 instillatur,
1714 3408 1776 3466 aut
1789 3404 1834 3466 si-

290 3499 387 3578 λαζα.
405 3499 450 3566 Τό
472 3499 525 3566 δέ·
541 3501 653 3579 σκότος
668 3503 705 3566 οὐ
720 3501 961 3586 σκοτισθήσεται
978 3504 1040 3568 ἀπό
1090 3507 1150 3565 cut
1164 3501 1302 3567 flamma
1317 3508 1419 3570 simul
1436 3514 1470 3569 et
1484 3509 1626 3585 grando.
1641 3542 1679 3552 -
1693 3509 1765 3572 Hoc
1778 3525 1838 3571 au·

289 3615 358 3689 σοῦ,
374 3606 463 3691 παρὰ
480 3616 546 3688 σοῦ,
558 3605 710 3685 ἐξέδωκεν
723 3607 846 3692 ἕτερος·
862 3608 1039 3695 πάνταγὰρ
1084 3609 1171 3670 tem:
1196 3607 1342 3673 Perrebroe
1356 3627 1420 3674 cort
1434 3611 1689 3677 obscurarentur
1708 3629 1729 3676 c
1744 3617 1784 3691 te,
1803 3630 1837 3674 a·

290 3731 340 3774 σοι
367 3709 470 3795 ῥᾷστα
495 3709 675 3797 βουλομένῳ
702 3721 890 3798 μεταποιεῖν,
916 3712 957 3790 ὡς
981 3716 1040 3799 τὴν
1085 3711 1152 3775 lius
1176 3715 1280 3776 vertit
1300 3715 1388 3796 cpia
1409 3720 1447 3779 te.
1477 3718 1598 3779 Omnia
1620 3718 1713 3780 enim
1736 3717 1836 3779 obvia

289 3815 389 3880 νόκτα
412 3814 510 3900 μηδὲν
532 3815 689 3902 διαφέρειν
710 3815 851 3902 ἡμέρας·
876 3838 1040 3902 μεταφορι-
1084 3816 1146 3879 tibi
1162 3823 1252 3896 sunt,
1269 3819 1299 3881 si
1314 3823 1446 3883 mutare
1462 3820 1523 3899 via,
1540 3824 1579 3883 ut
1599 3838 1708 3901 neque
1724 3837 1791 3882 nox
1814 3837 1834 3882 a

292 3927 356 3996 κως
371 3919 406 3982 δὲ
422 3919 485 3983 ἀπὸ
508 3929 569 3984 τῶν
586 3920 748 4006 στοιχείων
770 3919 908 3987 δείκνυσι
923 3924 982 4008 τὴν
1005 3923 1039 3990 ἐν
1085 3919 1139 3982 die
1155 3919 1298 3985 differat.
1311 3925 1477 3999 Ceterum
1489 3925 1720 4005 metaphoram
1735 3943 1832 3988 usur·

291 4023 431 4109 θλίψεσιν
447 4024 563 4108 ἄνεσιν,
579 4025 621 4104 ὡς
637 4028 770 4103 καὶτοῖς
787 4027 820 4091 έν
843 4025 948 4091 ἀνέσει
966 4049 1039 4113 τυγ-
1083 4039 1168 4103 pens
1191 4025 1233 4088 ab
1249 4027 1436 4108 elementia,
1461 4029 1610 4092 declarat
1633 4045 1708 4091 cam
1725 4028 1767 4091 eb
1787 4028 1835 4090 af·

290 4127 383 4214 χανει
405 4128 523 4214 ὅμοιον.
548 4128 667 4215 'lecte
682 4141 759 4215 γοῦν
774 4131 808 4196 ὲν
824 4130 932 4216 ἀτιμία
946 4134 1039 4218 τιμὴν
1083 4124 1232 4192 dictione
1243 4131 1325 4193 oriri
1336 4133 1496 4212 quietem,
1510 4150 1586 4214 qum
1597 4133 1725 4213 pariter
1737 4133 1831 4213 quie-

293 4233 370 4316 ἶσχε
385 4229 560 4318 βασιλικήν.
575 4271 617 4281 -
632 4232 720 4318 Ἄρα
740 4235 852 4311 σκότος
875 4234 943 4299 κτλ.
967 4237 1036 4320 ἥτις
1082 4233 1255 4297 mentibus
1268 4237 1423 4314 contigit.
1436 4237 1561 4318 loseph
1574 4237 1715 4319 proinde
1727 4238 1762 4300 in
1775 4253 1831 4317 op

289 4337 366 4418 ἐστί,
377 4338 483 4422 ιρησίν,
496 4337 566 4422 epol
577 4337 705 4423 δύναμις
718 4336 908 4422 ἀπόρρητος,
920 4341 975 4405 καί
985 4340 1040 4404 αθ
1082 4332 1218 4415 probrio
1243 4337 1375 4416 regiam
1401 4339 1613 4419 majestatem
1639 4341 1770 4404 babuit.
1788 4375 1838 4395 -·

321 4591 350 4632 v.
368 4575 399 4630 7.·
413 4576 524 4654 Vati.
543 4574 718 4631 Accedimus
735 4573 774 4630 sd
794 4574 941 4646 insignem
961 4591 1039 4630 com·
1083 4571 1834 4648 elementispropriedictasunt,metsphoriceetiam

286 4661 471 4732 monterium,
485 4679 503 4716 a.
518 4662 649 4735 pedestri
662 4668 692 4717 et
703 4662 850 4718 communi
867 4661 985 4732 loquela
1001 4661 1039 4717 0-
1083 4657 1120 4715 de
1132 4660 1247 4717 actibus
1260 4663 1313 4736 (ὀπί
1321 4669 1373 4718 τῶν
1385 4663 1565 4734 πραγμάτων).
1580 4662 1725 4731 Quoniam
1734 4666 1833 4735 potest

285 4749 399 4820 rigsnis
416 4750 504 4822 paulo
524 4748 681 4820 diversum,
702 4766 797 4822 neque
815 4748 943 4822 euspicio
957 4749 1040 4806 deest
1083 4745 1164 4802 Deus
1176 4748 1213 4804 iis
1223 4749 1315 4821 quiin
1325 4747 1496 4806 afflictiones
1503 4749 1645 4820 incidunt,
1657 4754 1771 4804 tantm
1784 4748 1834 4805 ad·

286 4836 358 4906 quin
374 4833 538 4891 incidemus
556 4835 635 4892 inter
655 4835 791 4894 Senioree
812 4835 1037 4908 Alexandrinos,
1082 4831 1160 4890 ferre
1172 4838 1304 4908 requiem
1316 4853 1369 4892 seu
1381 4836 1619 4908 consolationem,
1629 4841 1770 4908 quantam
1781 4835 1832 4891 hs-

286 4919 337 4993 qui
348 4921 501 4993 grandiori
512 4919 630 4978 incessu
641 4927 744 4996 petere
758 4922 862 4980 solent
1082 4917 1153 4974 beni
1171 4922 1222 4992 qni
1239 4921 1328 4978 rebus
1347 4921 1482 4978 secundis
1500 4927 1631 4978 utuntur.
1643 4959 1658 4992 „
1677 4922 1783 4994 Pergit
1804 4940 1832 4978 e·

320 5021 349 5062 v.
363 5007 406 5062 11.
420 5008 487 5065 Vct
496 5009 521 5063 5.
534 5008 626 5064 Plura
635 5007 673 5065 ad
683 5008 926 5084 chrysostomum
932 5009 1039 5066 Corde-
1082 5003 1155 5060 tiam
1167 5005 1188 5062 J
1189 5007 1292 5080 osephi
1304 5007 1478 5081 exemplum,
1490 5013 1524 5064 ut
1537 5007 1616 5080 apud
1627 5025 1691 5079 nos,
1703 5009 1757 5066 sed
1769 5025 1832 5065 ora·

285 5088 348 5148 rius
366 5093 527 5164 mutarit,
543 5093 596 5151 sed
612 5095 799 5170 amplificate,
815 5094 921 5168 quibus
937 5102 1039 5152 nostra
1081 5091 1159 5146 torio
1180 5109 1271 5150 more.
1289 5093 1334 5150 Cf.
1352 5094 1445 5150 Pield
1467 5111 1499 5164 rr,
1517 5095 1579 5151 293.
1598 5093 1684 5152 Circe
1704 5095 1834 5154 medium

285 5173 361 5232 fiunt
378 5175 575 5252 expeditiore:
595 5185 610 5216 ¹⁴
620 5179 766 5239 Ueterum
784 5181 848 5238 hoc
866 5179 983 5254 quidem
1001 5181 1038 5239 de
1082 5178 1189 5256 respici
1201 5179 1319 5241 videtur
1333 5199 1376 5256 ps.
1391 5197 1437 5253 cr,
1450 5181 1492 5237 32.
1806 5213 1812 5228 ·
