4020 6098
303 438 369 501 ιιι
463 499 465 504 ,
962 443 1173 517 aaronitas
1232 535 1235 540 Ι

345 574 446 655 Οότσς
461 577 649 656 ἑπαινετὸςό
665 578 909 666 κληρονομήσας
920 581 979 666 τήν
991 581 1046 666 pti·
1136 568 1419 648 Laudandusille
1435 589 1486 649 est
1508 586 1567 666 qui
1588 603 1647 666 per
1668 585 1843 650 haeredita-

301 700 349 762 σιν
365 682 424 766 τήν
435 691 490 745 τοῦ
501 679 602 747 Θεοῦ·
618 683 651 747 ἐν
662 691 705 768 τῷ
718 681 823 768 Κυρίῳ
839 681 1046 767 ἑπαινήθήσε-
1091 694 1159 753 tem
1184 693 1341 753 naturam
1365 691 1425 754 Dei
1448 690 1566 755 habet:
1598 695 1666 754 «ln
1695 693 1838 758 Domino

300 806 353 849 ται
374 783 395 868 ή
412 783 499 870 ψυχή
524 806 593 870 μου,
609 785 774 852 τουτέστιν
796 789 830 853 ἐν
853 787 1044 871 δικαιοσύνῃ,
1092 793 1288 857 laudabitur
1302 795 1417 856 anima
1439 812 1524 874 mea,
1538 815 1555 854 »
1574 795 1608 857 id
1627 802 1678 858 est
1692 797 1728 858 in
1740 795 1840 875 J'usti·

299 891 354 954 καί
370 888 403 954 ἐν
418 887 525 974 σοφίᾳ,
540 891 595 954 καί
611 891 644 955 ἐν
658 891 781 977 γνώσει,
796 895 852 958 καί
866 891 900 959 ἐν
916 892 1045 978 ortorp·
1091 897 1174 977 tia,'
1166 917 1201 961 111
1213 899 1410 979 sapientias
1402 915 1439 961 ιιι
1451 899 1624 977 scientias
1616 917 1651 961 ιιι
1663 893 1839 962 charitate.

300 1002 400 1059 ταῦτα
416 993 505 1080 ήμῶν
520 993 591 1060 κατ’
602 997 729 1063 ἔπαινον
745 996 864 1083 όνυμάζ
865 1017 942 1061 εται.
1092 1002 1172 1066 Haeo
1187 1005 1302 1066 nostra
1317 1007 1398 1066 sunt
1420 1020 1496 1084 qnae
1518 999 1703 1066 laudabilia
1725 1002 1840 1067 dinun-

1093 1110 1160 1169 tur.

344 1225 376 1270 v.
396 1208 425 1270 7.
439 1202 478 1269 Οἱ
493 1203 727 1290 πατέρεςήμῶν
739 1207 772 1272 ἐν
784 1205 933 1292 Αἰγύπτῳ
945 1207 982 1271 oo
994 1227 1046 1270 συ-
1134 1228 1165 1272 ν.
1182 1211 1213 1274 7.
1229 1211 1346 1276 Potres
1366 1211 1507 1276 rostri
1492 1193 1529 1274 ιιι
1543 1213 1682 1293 AEpypro
1703 1227 1766 1274 ιιοιι
1787 1212 1838 1276 irt-

297 1318 399 1397 νήκαν
414 1311 456 1374 τὰ
476 1308 643 1396 torpeat
659 1332 727 1392 ooo,
742 1313 796 1375 καί
811 1311 870 1376 οὐκ
888 1309 1045 1396 ἐμνήσθη·
1091 1313 1136 1379 tol
1135 1297 1283 1379 ίιιιιιιιιί
1304 1314 1473 1380 mirabilia
1494 1315 1574 1396 ejus
1603 1331 1660 1380 ιιι
1680 1313 1841 1380 recordati

301 1436 361 1480 σαν
376 1423 432 1479 τοῦ
448 1413 586 1498 πλήθους
600 1426 656 1481 τοῦ
672 1413 779 1494 ἐλέους
794 1436 861 1481 σου.
1090 1419 1422 1483 murmuratorum
1437 1418 1664 1484 misericordia
1678 1420 1778 1481 too.

343 1517 428 1602 Ὀρα
440 1519 467 1583 εί
480 1520 523 1604 μή
541 1516 662 1604 βέλτιόν
677 1519 744 1583 ἐστι
756 1530 812 1584 τοῦ
827 1517 946 1596 ἰδόντος
960 1519 1002 1582 τόι
1012 1517 1046 1582 ἐν
1137 1523 1317 1586 considera
1340 1527 1456 1587 utrum
1478 1527 1614 1605 praestet
1636 1522 1760 1586 vidisse
1776 1523 1838 1586 mi·

255 1699 258 1706 ‚
298 1622 448 1709 Αἰγύπτῳ
470 1622 632 1708 θαύματα,
654 1626 710 1688 καί
732 1625 775 1710 μή
797 1622 969 1708 νοήσαντος
992 1627 1046 1691 τόν
1090 1627 1212 1690 rabilia
1228 1630 1262 1692 in
1278 1631 1435 1709 AEgypto,
1450 1645 1512 1690 neo
1533 1628 1699 1690 rationem
1721 1644 1838 1691 eornm

298 1731 368 1812 περὶ
384 1730 486 1793 αὐτῶν
501 1727 605 1812 λόγον,
622 1727 639 1792 ό
655 1731 698 1814 μή
716 1727 863 1812 ἑωρακὼς
880 1729 936 1814 μὲν
952 1727 1042 1810 αὐτὰ,
1091 1731 1308 1812 intellexisse,
1332 1731 1448 1794 eadem
1465 1749 1532 1794 non
1554 1731 1691 1810 vidisse,
1706 1731 1765 1795 sed
1788 1733 1837 1795 in-

297 1833 409 1909 συνιείς
424 1829 469 1896 δέ.
485 1830 642 1896 Ἐνταῦθα
654 1832 717 1896 ἀπὸ
731 1842 788 1896 τοῦ
799 1830 896 1898 τόπου
912 1833 970 1917 τήν
982 1853 1041 1897 κα·
1091 1835 1231 1896 telleetu
1246 1853 1375 1916 capere.
1399 1835 1527 1898 Ibidem
1543 1833 1586 1896 ab
1608 1835 1681 1914 ipso
1696 1836 1770 1899 loeo
1785 1853 1839 1899 ae·

232 2020 234 2029 ¹
295 1934 447 2020 τήγορίαν
462 1933 607 2019 συνίστη·
624 1936 737 2020 οὐγὰρ
753 1935 788 1999 δὲ
803 1934 916 2021 χρόνος
937 1935 1045 2000 διέλει-
1093 1938 1303 2000 cusationem
1316 1939 1477 2002 instituit:
1489 1937 1580 2001 haud
1593 1940 1682 2001 enirn
1692 1941 1838 2003 multum

296 2059 336 2104 τιε
351 2039 459 2123 πολὺς,
474 2041 529 2104 καί
544 2048 605 2104 των
617 2040 801 2125 εὐεργεσιῶν
813 2051 868 2104 τοῦ
885 2039 981 2104 τόιιου
995 2041 1043 2104 et·
1090 2043 1250 2122 temporis
1267 2044 1428 2123 elapsum,
1439 2061 1478 2105 eo
1493 2041 1658 2105 beneficia
1671 2044 1778 2124 ipsius
1790 2045 1835 2106 ln-

296 2143 374 2221 θέως
394 2142 683 2230 ἀμνήμονήσαντες,
700 2141 898 2210 resoluatur
921 2142 1044 2229 τρόπων
1090 2147 1121 2208 oi
1136 2148 1204 2210 nito
1220 2147 1326 2226 obliti,
1341 2147 1413 2210 suis
1429 2149 1551 2210 iterum
1565 2142 1714 2226 ingeniis
1727 2147 1836 2211 indul·

296 2248 391 2316 πόλιν
412 2248 577 2335 κέχρηται.
597 2247 797 2335 θεασάμενοι
814 2251 875 2334 γὰρ
898 2251 971 2328 τοὺς
987 2247 1043 2314 Αί-
1088 2256 1221 2313 serunt:
1234 2251 1385 2314 videntes
1398 2252 1488 2314 enirn
1496 2253 1672 2333 AEgyptios
1681 2253 1836 2331 vestigiis

296 2352 442 2438 γυιιτίους
457 2351 637 2433 διώκοντας,
660 2341 765 2437 λίωσή
784 2351 962 2420 ιιατεὸόων·
977 2352 1045 2418 Πα-
1089 2354 1293 2434 insistentes,
1309 2357 1542 2418 clamaverunt
1557 2357 1680 2437 Moysi:
1699 2357 1832 2420 «Forsi-

295 2459 337 2539 ρόι
358 2460 394 2523 τό
416 2459 460 2544 μή
484 2459 569 2543 ἔχειν
592 2455 741 2542 μνήματα
762 2457 797 2521 ἐν
818 2467 859 2542 γῇ
879 2457 1040 2544 Αίγύπτῳ,
1088 2461 1147 2520 tan
1163 2463 1342 2521 nonerunt
1363 2460 1518 2539 sepulcra
1534 2460 1570 2522 in
1585 2461 1741 2541 AEgypto,
1759 2460 1832 2524 ideo

295 2559 450 2646 ἐξήγαγες
471 2558 556 2647 ήμᾶς
589 2558 776 2625 θανατῶσαι
798 2561 831 2625 ἐν
853 2569 893 2645 τῇ
917 2560 1042 2646 ἑρήμῳ;
1088 2563 1199 2625 tulisti
1212 2579 1272 2626 nos
1284 2567 1324 2625 nt
1335 2577 1544 2626 moreremur
1556 2564 1591 2626 in
1603 2564 1832 2627 solitudinei»

295 2668 351 2730 καί
364 2667 405 2730 τόι
419 2665 501 2750 ἑξῆς.
514 2665 605 2730 Ἀλλ’
616 2665 700 2750 όμως
711 2667 766 2729 καὶ
780 2663 965 2750 ἀγνώμονας
982 2685 1040 2751 ερα-
1088 2670 1149 2729 eto.
1176 2669 1302 2730 Verum
1325 2673 1363 2730 tu
1386 2683 1441 2732 eos
1468 2667 1645 2731 manifeste
1667 2669 1831 2748 ingratos

293 2769 405 2850 νέντας
419 2781 477 2856 τής
492 2770 648 2857 σωτηρίας
663 2771 702 2856 ή
688 2770 810 2850 ξίωσας.
1087 2772 1198 2834 salvos
1214 2770 1323 2834 faeere
1339 2772 1501 2850 dignatus
1517 2789 1562 2835 es.

340 2897 371 2940 v.
389 2879 419 2940 8.
436 2875 501 2940 Καὶ
516 2878 634 2940 ἔσωσεν
650 2876 763 2952 αὐτοὺς
780 2875 887 2940 ἕνεκεν
901 2884 957 2940 τοῦ
975 2873 1042 2940 όνό-
1131 2892 1164 2937 v.
1193 2877 1223 2938 8
1250 2877 1296 2939 Εί
1323 2876 1464 2940 solooor't
1488 2893 1540 2940 eos
1560 2881 1696 2958 propter
1723 2894 1838 2943 rtootoro

296 3001 393 3067 ματος
408 2982 514 3064 αὐτοῦ,
527 2991 585 3046 τοῦ
609 2978 758 3066 γνωρίσαι
777 2983 835 3068 τήν
858 2978 1042 3046 δυναστείαν
1087 2997 1194 3059 tortor,
1210 2983 1249 3044 rot
1261 2985 1368 3046 autom
1378 2980 1533 3063 sororoot
1539 2982 1664 3062 porea
1651 2999 1719 3045 rom
1731 2999 1836 3048 artam.

296 3087 402 3149 αὐτοῦ.

339 3185 498 3253 Εὐκολίαν
519 3186 752 3274 δεδήλωκεν
712 3209 731 3253 τ
735 3197 828 3274 ήτής
844 3187 963 3275 ἐρήμου
986 3209 1041 3255 πε·
1129 3191 1322 3272 Promptum
1338 3191 1443 3252 animi
1459 3191 1668 3253 voluntatem
1684 3192 1833 3256 ostendit

298 3290 416 3377 ριόολή.
1087 3292 1124 3353 in
1141 3292 1335 3355 solitudinis
1350 3292 1491 3356 ambitu.

338 3419 369 3462 v
388 3401 418 3462 9.
435 3395 501 3462 Καί
521 3395 612 3462 ἐπεθ
597 3415 699 3482 υμησε
721 3406 760 3482 tp
781 3397 896 3484 ἐρυθρᾷ
921 3397 1042 3463 θαλόσ-
1129 3413 1162 3457 ν.
1179 3399 1208 3459 9.
1224 3397 1270 3459 ot
1283 3397 1444 3476 increpuit
1458 3399 1552 3460 More
1566 3393 1709 3460 ιυόιιυιι.

293 3523 345 3586 σῃ,
1129 3501 1223 3563 Etru
1239 3501 1428 3577 evangeliis
1453 3501 1640 3564 «Christus
1661 3502 1832 3584 increpuit

337 3606 402 3672 Καὶ
417 3608 530 3682 ἐντοῖς
546 3605 739 3690 εὐαγγελίοις
754 3607 771 3669 δ
789 3605 924 3690 Χριστός
941 3606 1040 3672 tueri·
1085 3607 1186 3665 vento
1203 3607 1237 3666 et
1259 3605 1355 3682 mari,
1371 3608 1404 3665 et
1390 3602 1516 3665 tincta
1531 3609 1582 3666 est
1599 3606 1832 3685 tranquillitas

294 3730 394 3796 μησεν
408 3719 452 3796 τῷ
468 3709 523 3774 ἀνέ
508 3730 573 3794 εμιρ
595 3712 683 3774 καίτ
665 3709 885 3796 τῇ,θαλόισσρ
901 3713 956 3776 καί
971 3711 1040 3797 ἐγέ-
1087 3724 1252 3785 magna»

292 3837 363 3882 νετο
377 3813 503 3901 γαλήνη
521 3814 655 3900 μεγάλη.
1129 3831 1160 3874 ν.
1187 3809 1533 3877 reaccenderetur
1560 3810 1665 3876 ιιιθίι
1693 3812 1775 3895 ejas,
1805 3819 1838 3878 ot

336 3941 368 3985 v.
388 3923 437 3984 12.
453 3918 518 3984 Καὶ
534 3916 721 3983 ἐπίστευσαν
735 3927 799 3996 τοίς
815 3917 919 4004 λόγοις
932 3920 1038 4003 αὐτοῦ,
1084 3917 1300 3982 loudororoot
1314 3917 1440 3980 laudem
1455 3918 1535 3997 ejus.

296 4025 351 4086 καί
365 4024 482 4106 ήνεσαν
498 4023 556 4107 τήν
572 4021 689 4085 αίνεσιν
703 4019 809 4086 αὐτοῦ.
1128 4025 1198 4085 Ηοο
1209 4021 1355 4084 refertur
1365 4020 1407 4083 ad
1419 4022 1510 4085 hunc
1521 4023 1643 4085 locum:
1659 4022 1834 4086 «Credide-

315 4143 318 4150 ’
338 4126 439 4192 Τοῦτο
463 4125 653 4210 ἀναφέρεται
667 4127 710 4203 εἰς
726 4126 776 4191 τό·
788 4125 974 4194 ἐπίστευσαν
995 4137 1040 4214 τῷ
1084 4131 1164 4189 runt
1180 4127 1248 4188 Deo
1261 4131 1294 4187 et
1306 4127 1412 4207 Moysi
1427 4141 1524 4189 servo
1537 4125 1610 4206 ejus
1620 4147 1656 4205 »3
1673 4126 1765 4200 Quod
1778 4144 1834 4189 re·

294 4227 435 4318 Θεῷ“καῐ
451 4231 550 4316 Merop
570 4240 614 4316 τῷ
628 4229 800 4314 θεράποντι
816 4234 930 4298 αὐτου·
945 4235 980 4298 τὸ
1003 4235 1038 4299 δὲ
1083 4245 1121 4291 ro
1147 4230 1318 4308 sequitur,
1342 4229 1479 4308 respicit
1504 4229 1611 4293 Exodi
1638 4231 1831 4292 canticum:

294 4336 366 4422 ἑξῆς
382 4337 426 4414 είς
440 4338 499 4420 τήν
521 4335 554 4399 ἐν
570 4335 666 4420 ἐξόδῳ
690 4334 789 4420 ᾠδήν·
805 4339 903 4414 οότως
918 4339 972 4402 οὖν
987 4339 1037 4424 ήν,
1083 4337 1185 4412 Ergo,
1217 4335 1337 4414 inant
1361 4333 1444 4396 adeo
1473 4336 1728 4414 supereminens
1760 4339 1834 4398 erat

292 4443 397 4525 μησίν,
414 4437 612 4524 ὑπερόόιλλον
626 4441 662 4502 τό
677 4438 789 4524 θαῦμα
804 4440 845 4518 ὡς
865 4440 1039 4527 ήττιγθήναι
1082 4439 1288 4520 prodigium,
1305 4443 1475 4501 uteorum
1497 4438 1717 4502 incredulitas
1732 4457 1832 4520 supe-

292 4545 396 4609 αὐλῶν
411 4546 471 4628 τήν
487 4543 642 4626 ἀπιστίαν,
658 4545 714 4606 καί
729 4544 863 4620 ἄκοντας
884 4546 927 4622 είς
943 4549 1038 4630 όμνσν
1083 4551 1226 4623 raretur,
1243 4560 1282 4607 ao
1308 4544 1362 4604 vel
1378 4543 1477 4605 inviti
1493 4542 1535 4604 ad
1549 4543 1757 4606 laudandum
1773 4561 1832 4606 nn-

289 4660 345 4713 τσῡ
358 4646 586 4733 θαυματουργή
597 4668 703 4723 ιιντος
714 4658 879 4734 τραπῆναι,
893 4652 946 4713 καί
959 4651 1039 4715 θαυ-
1081 4655 1208 4713 ctorem
1221 4649 1375 4713 miraculi
1382 4653 1667 4726 converterentur,
1680 4652 1714 4711 et
1725 4648 1831 4712 admi-

291 4753 389 4839 μάσαι
404 4756 462 4838 τὴν
478 4754 593 4817 αἴνεσιν
609 4749 742 4836 εἐίνήν,
758 4755 812 4816 καί
827 4753 920 4837 ᾴσαι·
936 4753 1037 4838 ’ᾼσω-
1082 4757 1189 4819 rabile
1207 4755 1290 4818 illud
1305 4753 1510 4834 praeconium
1526 4757 1704 4816 canerent:
1723 4755 1831 4816 «Oan-

293 4879 348 4941 μεν
363 4865 407 4942 τῷ
424 4855 540 4941 Κυρίρ.
565 4854 775 4940 Σιμειωτόσν,
792 4857 845 4920 ότε
861 4856 991 4943 ἐξήλθον
1007 4858 1039 4922 oi
1083 4865 1194 4922 temus
1212 4859 1365 4934 Domin0‚
1389 4859 1481 4918 ete.»
1506 4856 1650 4919 Advorte
1667 4857 1771 4922 etiam
1795 4860 1831 4922 in

326 5095 353 5132 v.
368 5077 391 5129 ι.
406 5077 471 5131 vat.
485 5076 512 5131 4.
526 5076 617 5131 nxoo.
632 5093 694 5146 m,
706 5079 747 5132 11.
1116 5097 1143 5135 v.
1157 5081 1182 5134 o.
1197 5078 1262 5132 vae.
1276 5077 1300 5131 5.
1314 5055 1420 5132 natu.
1435 5091 1499 5143 vm,
1511 5076 1555 5146 as,
1567 5075 1657 5132 uaso.
1670 5094 1711 5146 w,
1723 5078 1767 5132 ιι.

326 5181 351 5216 ν.
365 5164 390 5216 8.
404 5163 470 5216 vat.
485 5163 527 5216 14.
546 5163 624 5217 Fort.
641 5163 695 5231 leg.
709 5169 742 5230 τῇ
755 5165 918 5230 παρεμόολῇ.
1119 5185 1145 5222 v.
1161 5167 1202 5219 12.
1217 5164 1282 5218 vat.
1295 5164 1321 5234 l,
1335 5163 1360 5219 5.
1374 5161 1466 5230 Exod,
1480 5180 1530 5232 xv,
1544 5163 1568 5232 1,
1581 5164 1625 5216 20.
