4044 6104
285 426 349 490 ιιι
695 401 697 406 ’
958 427 1168 494 omennns

324 565 362 632 ‘0
377 575 517 646 τοιοῦτος
528 568 588 634 οὐκ
599 567 711 654 όψεται
724 566 939 654 καταφθοράν,
952 567 1029 633 όταν
1115 570 1177 632 Vir
1202 566 1396 648 huiusmodi
1418 585 1483 634 κου
1502 568 1621 638 videbit
1639 569 1820 651 interitum,

277 670 330 756 ίδη
357 675 473 757 σοφοὺς
500 671 768 758 ἀποθνήσκοντας.
794 667 840 737 'H
865 672 953 737 κοιτόι
974 672 1028 735 τόν
1072 669 1638 754 συκιοίόενίίιωρίεκίσικιοαίσκόσι.
1651 677 1711 739 Vol
1724 675 1825 755 juxta

279 774 473 862 Σύμμαχον·
488 775 747 862 Οὐκόψεταιτήν
759 775 940 860 διαφθοράν,
952 773 1029 841 όταν
1073 779 1330 862 Symmachum:
1352 777 1426 842 Non
1439 775 1559 843 uidebit
1580 781 1822 860 corruptionem,

280 877 380 965 βλέπῃ
397 883 513 965 σοφοὺς
524 878 791 964 ἀποθνήσκοντας.
807 879 863 958 Εἰς
879 889 1028 946 τοσοῦτον
1072 881 1331 948 οιωκίαόυιόίίιιτ
1341 883 1502 963 septenas
1513 883 1694 948 κονίιαίιτ.
1706 885 1827 946 Tanto-

278 986 342 1069 γάρ
370 986 493 1070 μακράν
521 985 611 1064 ἔσται
636 993 698 1050 τῶν
720 982 852 1069 ἀσεόῶν,
879 983 921 1061 ῶς
948 983 1029 1069 μηδὲ
1072 1003 1151 1067 pere
1163 988 1255 1050 enim
1271 988 1373 1066 longe
1385 987 1427 1052 ab
1446 987 1560 1068 impiis
1572 987 1647 1067 erit,
1664 991 1703 1050 ut
1715 989 1828 1052 nulla·

278 1086 466 1173 πλησιάζειν
489 1090 591 1154 αότῶν
612 1097 651 1174 τή
683 1085 835 1172 ἀπωλείᾳ,
868 1086 1028 1172 πόρρωθεν
1072 1095 1172 1154 tenus
1195 1091 1238 1152 ad
1256 1107 1373 1154 eorum
1402 1090 1578 1154 interitum
1594 1091 1741 1170 accedat,
1767 1091 1826 1154 sed

281 1193 387 1257 δὲκαὶ
401 1192 531 1259 ἀνωθεν·
553 1191 664 1275 πόθεν;
687 1191 729 1269 ῶς
745 1190 799 1277 ἀφ’
814 1191 939 1277 ὑψηλοῦ
954 1209 1027 1256 σκο·
1072 1193 1137 1256 erit
1147 1195 1264 1274 procul
1281 1199 1315 1256 et
1330 1193 1484 1275 desuper.
1506 1194 1709 1258 Undenami
1731 1196 1830 1259 velut·

277 1305 339 1360 που
364 1298 423 1382 τήν
449 1294 622 1380 διαφθορὰν
647 1304 708 1363 τῶν
735 1303 840 1381 σοφῶν
866 1295 1025 1361 πεύσεται.
1071 1295 1112 1362 de
1134 1299 1307 1379 superiore
1322 1315 1432 1380 scopo,
1456 1299 1611 1378 inquiret
1627 1299 1668 1362 de
1684 1299 1825 1363 interitu

278 1399 381 1466 Ποίων
397 1400 431 1464 δέ
446 1409 574 1485 σοφῶν;
590 1401 612 1486 ἡ
629 1401 671 1467 ῶν
682 1398 699 1464 ό
711 1398 791 1478 Θεὸς
807 1401 949 1488 έμῶρανε
968 1403 1027 1487 τήν
1070 1403 1285 1483 sapientium.
1295 1404 1359 1468 Sed
1367 1401 1593 1484 quorumnam
1605 1406 1823 1486 sapientium,

278 1502 400 1591 σοφίαν.
1071 1508 1138 1570 nisi
1166 1525 1283 1570 eorum
1307 1525 1451 1589 quorum
1473 1508 1563 1572 Deus
1581 1509 1723 1572 stultam
1745 1508 1826 1573 fecit

1072 1611 1297 1692 sapientiam?

321 1732 352 1777 v.
372 1714 422 1794 11,
438 1715 489 1777 12.
506 1712 579 1778 Ἐπί
593 1715 629 1777 τό
646 1713 723 1777 αὐτό
738 1714 831 1790 ἀνους
846 1713 901 1777 καί
916 1713 1024 1798 ἄφρων
1112 1733 1144 1778 ν.
1163 1715 1270 1778 11-12.
1286 1715 1395 1780 Simul
1408 1715 1577 1796 insipient
1590 1719 1622 1780 et
1635 1715 1761 1782 stultos
1770 1733 1827 1796 pc·

276 1815 476 1898 ἀιτολοῠνται,
502 1819 557 1881 καὶ
579 1814 824 1902 καταλείψουσιν
847 1814 1022 1901 ἀλλοτρίοις
1068 1818 1191 1896 rihlant,
1205 1822 1237 1882 el
1250 1819 1439 1899 relinquat
1451 1819 1572 1885 alicnis
1587 1818 1823 1898 dictitassent,

275 1923 328 1985 τόν
342 1920 479 1988 πλοῦτον
501 1923 613 2004 αὐτῶν,
629 1923 683 1986 καί
699 1922 728 1986 oi
746 1921 840 2007 τάφοι
864 1921 966 1988 αὐτῶν
981 1922 1024 1987 οἰ·
1068 1927 1099 1988 τί
1112 1923 1262 2005 sepulcra
1276 1940 1386 1988 comm
1399 1923 1510 1990 domm
1537 1923 1724 1988 illumatio
1737 1928 1826 1990 cter-

275 2021 341 2088 κίαι
357 2023 460 2090 αὐτῶν
471 2025 515 2102 είς
525 2029 580 2091 τόν
593 2026 700 2092 αἰῶνα·
714 2025 909 2109 σκηνώματα
920 2025 1022 2091 αὐτῶν
1066 2045 1154 2094 cum.
1182 2027 1402 2094 Pcbcrnccttlc
1423 2046 1538 2094 cortem
1568 2028 1606 2092 ιἰι
1620 2030 1775 2111 proponit
1795 2032 1829 2093 et

276 2130 320 2205 είς
331 2130 443 2214 γενεάν
455 2132 510 2195 καί
521 2129 644 2216 γενεάν·
660 2127 894 2194 ἐπεκαλέσαντο
906 2131 946 2193 τόι
958 2129 1024 2194 όνό-
1059 2134 1224 2216 properie,
1242 2137 1434 2198 necaverunt
1445 2132 1580 2198 rumim
1598 2148 1660 2198 ιυιι
1674 2133 1712 2196 ia
1727 2133 1828 2197 terris

278 2255 364 2318 ματα
379 2234 482 2298 αὐτῶν
497 2234 549 2298 ἐπὶ
564 2243 625 2300 τῶν
641 2243 738 2319 γαιῶν
754 2234 867 2299 αὐτῶν.
1069 2237 1151 2302 ruis.

318 2335 455 2422 Νοήσεις
470 2338 505 2402 δὲ
520 2339 575 2402 καί
590 2339 707 2415 οότως·
722 2338 813 2401 οὐδέν
828 2335 925 2403 πλέον
940 2335 1025 2417 έξου
1111 2341 1291 2404 Hocetiam
1303 2339 1352 2404 sic
1365 2340 1474 2403 intelli
1485 2357 1565 2418 ges:
1578 2338 1670 2404 Nihil
1680 2341 1827 2421 amplius

273 2463 323 2507 σιν
334 2441 363 2504 ol
375 2443 466 2526 σοφοί
482 2450 536 2506 τοῦ
548 2441 661 2519 οιίῶνος
676 2439 788 2506 τούτου
803 2449 865 2507 τῶν
880 2441 1024 2527 ἀφρόνων
1068 2446 1241 2509 habebunt
1262 2447 1432 2526 sapientes
1453 2443 1555 2524 hujus
1584 2445 1700 2508 saeouli
1724 2461 1826 2526 quam

272 2546 329 2610 καί
343 2543 495 2629 ἀνοήτων,
519 2546 588 2610 ἐπεί
608 2542 722 2631 σοφίαν
744 2543 1021 2631 ἐπαγγελλόμενοι,
1067 2551 1265 2632 insipientes
1281 2555 1314 2614 et
1334 2551 1441 2630 stulti,
1461 2566 1553 2631 quon
1561 2551 1629 2614 iam
1652 2551 1829 2614 venditan-

187 2727 191 2736 Ι
272 2647 403 2734 πλήρεις
417 2649 593 2736 ἐτύγχανον
614 2649 812 2736 ἀφροσύνης·
835 2650 889 2714 καί
903 2658 965 2715 τῶν
987 2650 1023 2714 ά-
1064 2659 1116 2718 tes
1138 2655 1349 2735 sapientiam,
1372 2654 1464 2734 pleni
1488 2653 1629 2717 inventi
1645 2659 1727 2717 sunt
1749 2654 1831 2718 inei-

272 2752 395 2839 νοήτων
424 2755 514 2820 οὐδὲν
541 2751 683 2842 διέφερον
709 2751 823 2840 ὁμοίως
852 2752 1021 2818 είδωλολα-
1065 2759 1202 2840 pientia.
1215 2758 1419 2822 Etastultis
1435 2756 1522 2821 nihil
1537 2755 1747 2821 differebant
1762 2757 1830 2822 ido-

272 2866 429 2944 τροῦντες,
452 2860 507 2923 καί
523 2858 766 2943 ἀδιαφοροῠντες
788 2859 859 2942 περὶ
878 2859 936 2935 τάς
951 2858 1022 2923 αίσ-
1064 2863 1175 2925 lorum
1190 2864 1346 2940 cultores
1363 2879 1425 2926 nec
1441 2879 1477 2925 re
1484 2860 1640 2926 cedentes
1652 2862 1695 2925 ab
1704 2862 1823 2926 iisdem

273 2960 462 3048 χρουργίτις,
490 2960 603 3048 δμοίως
630 2962 665 3027 δὲ
688 2960 767 3043 ἀθειι
792 2964 847 3027 καί
873 2961 1024 3048 δύσφημα
1065 2965 1159 3029 fadis
1181 2963 1334 3044 flagitiis
1353 2965 1480 3028 similia
1506 2965 1684 3029 atheorum
1705 2969 1740 3029 et
1763 2965 1824 3027 im-

273 3069 329 3130 καλ
340 3064 440 3151 ἀσεόή
452 3076 648 3151 φρονοῦντες,
664 3063 909 3151 καταλείψουσιν
924 3063 953 3130 τί
967 3065 1023 3131 ἀλ-
1065 3071 1202 3151 piorum
1215 3071 1341 3150 placita
1352 3073 1529 3150 sectantes,
1542 3069 1663 3132 alienis
1680 3068 1762 3149 quid
1774 3085 1823 3130 re·

273 3167 424 3254 λοτρίοις;
439 3174 494 3237 τόν
508 3170 644 3236 πλοῦτον
659 3171 761 3235 αὐτῶν
776 3171 832 3235 καί
844 3171 897 3235 τόν
914 3169 1023 3255 αίσθη-
1071 3174 1252 3255 linquenti
1268 3173 1404 3237 divitias
1419 3189 1508 3265 suas,
1532 3188 1608 3251 quae
1634 3189 1735 3236 sensu
1754 3172 1824 3252 pal·

275 3275 341 3354 τόν,
364 3275 420 3337 καί
441 3275 477 3339 δν
499 3274 552 3338 διά
568 3273 762 3360 μαθημάτων
788 3273 967 3361 συνήγαγον
988 3275 1023 3340 ἐν
1070 3281 1205 3360 pantur,
1226 3281 1259 3340 et
1275 3294 1359 3359 quas
1375 3293 1435 3356 per
1454 3277 1613 3340 scientias
1634 3275 1821 3357 inscriptis

261 3376 531 3470 ἱσυγγράμμασινς
555 3379 727 3463 οὐδὲνγὰρ
750 3378 784 3458 ἐξ
804 3380 906 3446 αὐτῶν
929 3376 1023 3463 etpi-
1068 3383 1340 3460 coegeruntiEx
1353 3380 1824 3462 quibussanenillucriinve-

273 3503 364 3549 σουσι
378 3484 490 3570 κέρδος
505 3486 588 3549 κατὰ
600 3485 659 3569 τήν
674 3483 796 3570 ἡμέραν
808 3493 866 3568 της
876 3481 1020 3568 κρίσεως,
1064 3485 1161 3548 nient
1183 3487 1219 3547 in
1235 3485 1289 3548 die
1310 3482 1445 3564 judicii.
1471 3487 1584 3548 Unum
1599 3487 1713 3547 autem
1737 3483 1821 3547 dun-

272 3588 306 3654 έν
322 3589 357 3653 δέ
374 3588 467 3674 μόνον
482 3588 588 3665 αὐτοῖς
603 3587 744 3672 ὑπάρξει.
768 3587 807 3654 Τί
821 3598 915 3652 τοῦτο
930 3586 1022 3674 γινή-
1064 3592 1158 3652 taxat
1180 3587 1304 3652 aderit:
1329 3587 1412 3669 quid
1438 3586 1547 3651 isthoc
1569 3587 1724 3652 futurum
1748 3591 1822 3654 est?

274 3714 381 3780 σεται;
397 3694 499 3758 αὐτῶν
514 3691 544 3756 οἱ
557 3692 661 3778 τάφοι,
684 3691 789 3772 οίκίαι,
804 3691 873 3756 ἐπεί
889 3695 932 3778 μή
949 3691 1021 3776 έάη-
1063 3696 1219 3775 sepulcra
1233 3711 1353 3758 eorum
1373 3691 1503 3772 domus,
1527 3691 1661 3774 quando
1684 3695 1821 3774 quidem

272 3797 424 3882 σαύρισαν
450 3797 484 3864 ἐν
509 3796 642 3881 οὐρανῷ,
670 3793 742 3880 μηδ’
761 3793 871 3880 ίφόδια
896 3795 1020 3874 ἑαυτοῖς
1063 3813 1130 3860 non
1153 3797 1218 3861 sibi
1240 3798 1423 3861 thesauros
1440 3797 1475 3860 in
1499 3798 1584 3860 coelo
1607 3813 1821 3878 comparave-

272 3902 358 3987 ζωῆς
373 3897 498 3966 αἰωνίου
513 3896 710 3984 ἐπορίσαντο.
725 3892 811 3964 Ὅσα
825 3901 887 3984 γάρ
903 3899 959 3965 έάν
975 3920 1020 3977 τις
1063 3904 1153 3981 runt,
1176 3917 1288 3982 neque
1304 3903 1384 3965 vitae
1410 3905 1545 3965 aeternae
1560 3901 1625 3964 sibi
1651 3917 1820 3964 annonam

272 4006 359 4070 κατά
372 4008 426 4071 τόν
442 4003 584 4088 παρόντα
600 4001 665 4090 βίον
680 4001 831 4087 κτήσοιτο
846 4003 880 4069 έν
892 4003 1021 4087 ὑπάρξει
1036 4073 1039 4082 ,
1062 4010 1302 4088 procurarunt.
1320 4007 1493 4087 Quotquot
1510 4007 1601 4070 enim
1616 4008 1693 4087 quis
1716 4006 1752 4070 in
1775 4008 1823 4070 la·

270 4107 338 4196 βίου
359 4109 415 4173 καὶ
436 4107 544 4195 πολλῷ
569 4108 705 4194 πλούτῳ,
732 4111 755 4195 ή
781 4108 816 4174 έν
836 4108 942 4194 λόγοις
964 4112 1020 4175 καί
1062 4112 1161 4175 bente
1178 4111 1250 4174 vita
1266 4111 1475 4192 acquisierit,
1492 4110 1613 4175 sivein
1631 4111 1822 4176 substantia

272 4213 522 4299 συγγράμμασιν,
538 4221 639 4277 ταῦτα
654 4212 758 4278 πάντα
780 4215 868 4296 παρά
882 4217 936 4279 τόν
951 4235 1020 4279 και-
1064 4217 1141 4277 vitm
1167 4219 1201 4276 et
1221 4215 1320 4294 copia
1350 4212 1559 4294 divitiarum,
1589 4215 1661 4278 sive
1687 4215 1723 4279 in
1748 4230 1821 4276 ora-

271 4320 325 4401 ρόν
339 4327 396 4382 τοῦ
411 4316 553 4382 θανάτου
566 4316 718 4401 ἀλλότρια
734 4317 830 4383 αὐτοῦ
846 4320 945 4384 ἔσται.
958 4318 1020 4385 Κε-
1061 4317 1212 4382 tionibus
1229 4323 1263 4380 et
1273 4317 1462 4398 scripturis,
1471 4335 1511 4381 ea
1519 4319 1633 4381 omnia
1642 4319 1821 4381 circatem·

270 4423 308 4506 νή
325 4424 387 4508 γάρ
402 4424 456 4487 καί
476 4423 578 4507 γυμνή
595 4431 657 4487 τῶν
680 4420 839 4506 ἀσεόῶνή
856 4424 943 4510 ψυχή
961 4424 1020 4489 άπ-
1064 4441 1131 4505 pus
1148 4422 1318 4501 interitus
1327 4422 1439 4486 aliena
1451 4421 1525 4501 ejus
1532 4423 1620 4486 bona
1631 4427 1741 4484 erunt.
1756 4423 1820 4482 Va·

269 4526 455 4612 extricarunt,
471 4527 561 4590 οόδὲν
573 4525 669 4591 πλέον
684 4529 706 4612 ή
722 4530 775 4594 τόν
788 4527 904 4612 ἑαυτῆς
918 4528 1019 4614 τάφον
1060 4545 1125 4590 cua
1140 4526 1231 4589 enim
1247 4529 1282 4588 et
1307 4523 1400 4588 nuda
1424 4526 1612 4606 expelletur
1635 4525 1818 4605 impiorum

269 4629 463 4718 ἀπαγομένη,
487 4629 611 4716 δηλαδή
627 4632 664 4696 τό
688 4639 780 4716 σῶμα
794 4634 849 4696 καί
872 4634 930 4717 τήν
946 4632 1019 4717 φθο-
1060 4630 1277 4711 anima,nihil
1285 4630 1433 4711 amplius
1441 4628 1819 4710 efferenspraetersuum

268 4738 337 4819 ράν,
352 4737 387 4801 έν
409 4737 552 4820 ήῶσπερ
575 4736 609 4801 ἐν
623 4736 713 4822 τάφῳ
736 4736 940 4821 κατῶρυκτο·
962 4739 1019 4802 καί
1059 4737 1242 4814 tumulum,
1266 4750 1388 4814 nempe
1408 4732 1553 4797 cadaver
1576 4738 1609 4795 et
1631 4734 1816 4813 corruptio-

269 4838 367 4904 ἄλλον
382 4839 417 4903 δέ
432 4837 529 4904 πλέον
545 4838 635 4907 οὐδὲν
650 4840 713 4920 ἔξει
723 4849 785 4916 πᾶς
801 4839 962 4925 ἄνθρωπος
978 4840 1017 4906 ἐκ
1060 4857 1149 4920 nem,
1166 4841 1201 4903 in
1229 4857 1307 4921 qua,
1320 4841 1416 4903 velut
1445 4840 1480 4901 in
1497 4839 1661 4920 scpulcr0,
1685 4837 1817 4902 defossa

267 4949 325 5025 τής
346 4942 469 5026 πολλής
492 4943 588 5008 αότοῦ
611 4941 812 5029 περιουσίας,
836 4946 859 5031 ή
881 4947 936 5012 τόν
962 4955 1017 5010 τοῦ
1066 4949 1130 5024 est;
1154 4961 1264 5024 neque
1288 4943 1382 5008 aliud
1405 4944 1515 5006 ullum
1541 4941 1680 5005 habebit
1706 4923 1837 5006 omnis'

266 5044 369 5128 τάφου
384 5045 480 5113 τόπον
503 5047 577 5133 ένψ
599 5047 792 5132 τελευτήσας
815 5047 953 5115 κείσεται
967 5071 1016 5118 νε-
1061 5052 1160 5115 homo
1192 5066 1232 5111 ex
1265 5049 1373 5111 multe
1398 5046 1607 5126 possessione
1630 5063 1693 5108 sua
1724 5046 1816 5126 plus-

265 5151 342 5232 κρός
356 5149 567 5236 ἒφθαρμένος·
591 5153 630 5217 τά
645 5152 680 5216 δὲ
702 5153 898 5240 σκηνώματα
914 5155 1015 5220 αὐτῶν
1059 5171 1161 5238 quam
1182 5151 1406 5234 μιμήσεταιτί
1430 5152 1552 5231 locum,
1581 5151 1615 5214 in
1638 5166 1706 5231 quo
1728 5155 1807 5230 post
