4020 6098
273 397 337 460 232
947 403 1157 467 ORIGENES

262 556 338 618 ται,
362 533 471 621 ἑτοίμη
500 535 521 622 ἡ
545 535 661 620 καρδία
684 538 780 602 αὐτοῦ
806 535 943 615 ἐλπίζειν
970 537 1021 602 ἐπί
1064 543 1224 606 Paratum
1235 561 1288 608 ουν
1302 545 1373 625 ejas
1387 561 1518 624 sperare
1532 545 1569 607 in
1581 544 1725 624 Domino,
1744 560 1813 607 con-

270 638 407 722 Κύριον·
422 637 643 724 ἐστηρικταιὴ
660 639 776 724 καρδία
799 643 904 720 αὐτοῦ,
922 642 958 704 ab
975 644 1017 727 μη
1053 645 1230 725 firmatam
1244 652 1293 712 est
1314 665 1368 714 cor
1389 649 1469 728 ejas,
1488 665 1552 712 κοκ
1571 648 1704 728 timebit,
1724 648 1819 715 dormo

271 741 407 828 φούηθῇ,
424 743 484 821 ἕως
499 745 536 808 ού
551 743 644 828 ἐπίδη
660 745 711 808 ἐπί
726 747 799 821 τοὺς
822 744 955 830 ἐχθρούς
971 747 1025 810 αύ-
1068 751 1178 815 nideot
1190 769 1290 833 serpen
1305 753 1454 818 blembos
1468 770 1554 818 οιτον.

271 857 337 912 τοῦ.
1138 882 1140 891 ·

316 951 449 1034 Πονηρίι
465 951 560 1037 ἰικοη,
577 960 638 1017 των
656 951 843 1038 ἑτεροδόξων
858 955 907 1038 εἰη
924 955 963 1018 ἂν
978 956 1022 1020 δι·
1112 960 1200 1022 Mala
1215 960 1345 1023 auditio
1361 961 1425 1022 erit
1440 959 1675 1024 haeretieorum
1691 960 1813 1024 doetri-

269 1053 439 1138 δασκαλία,
456 1055 511 1140 ἀφ’
521 1057 561 1140 ης
577 1057 615 1120 ού
630 1055 846 1141 φούηθήσεται
861 1058 878 1122 ὁ
894 1057 1022 1143 ἐπιστή-
1066 1081 1121 1142 na,
1138 1064 1272 1127 etiamsi
1288 1065 1331 1127 ab
1346 1065 1406 1128 illa
1424 1081 1491 1126 non
1508 1064 1643 1126 timebit
1663 1065 1721 1144 qui
1737 1063 1812 1126 doe-

271 1178 336 1243 μων
359 1159 414 1222 καὶ
436 1157 651 1243 ἐπιστημόνως
674 1157 866 1245 φοδούμενος
888 1161 1019 1246 Κύριον.
1066 1171 1122 1231 tus
1150 1174 1211 1247 est,
1235 1174 1269 1231 et
1299 1169 1358 1248 qui
1389 1169 1472 1232 saite
1498 1168 1596 1230 timet
1621 1168 1814 1229 Dominum.

269 1299 310 1310 -
324 1259 407 1327 Ούτε
420 1261 552 1339 άπειλίις
567 1261 678 1345 δείσει,
692 1266 764 1328 ούτε
775 1264 910 1350 ἀγγελία
922 1265 1018 1350 φύύον
1065 1273 1181 1352 Neque
1198 1273 1308 1336 minas
1325 1271 1529 1350 formidabit,
1545 1287 1656 1350 neque
1673 1271 1818 1334 inentiet

269 1367 379 1434 ἱκανὸν
401 1367 576 1453 έμποιησει.
600 1367 638 1434 ‘0
662 1369 697 1432 δέ
719 1369 893 1456 Σύμμαχος
921 1373 1019 1447 οὕτως
1067 1377 1211 1440 nuntius
1233 1375 1366 1456 justum
1389 1391 1558 1458 pavorem.
1591 1377 1634 1436 At
1663 1377 1815 1456 Symma-

269 1473 396 1557 εἰρηκεν
419 1473 477 1557 τὴν
493 1470 621 1558 ἑτοίμην
643 1471 780 1557 ἑδραίαν.
799 1474 938 1540 Βεδαίαν
957 1477 1019 1561 γὰρ
1067 1480 1151 1544 chus
1179 1487 1336 1563 paratum
1357 1480 1459 1543 dixit:
1482 1481 1642 1544 Firmum
1670 1477 1818 1541 solidam

268 1580 323 1640 καί
338 1575 467 1660 ἑδραίαν
489 1577 557 1662 ἐχιι
572 1579 631 1662 την
647 1579 691 1655 εἰς
714 1577 795 1645 Θεὸν
818 1578 941 1660 ἐλπίδα,
965 1582 1021 1644 καί
1068 1585 1159 1647 enim
1182 1588 1216 1646 et
1238 1583 1371 1646 firmam
1395 1583 1497 1648 habet
1519 1599 1613 1664 spem
1637 1582 1672 1645 in
1698 1582 1818 1662 Deum,
1932 1663 1935 1670 Ι

267 1681 319 1745 διά
334 1690 426 1744 τοῦτο
441 1681 589 1746 τοιούτων
609 1680 753 1766 δορύύων
772 1692 975 1768 καταφρονεῖ.
1068 1687 1242 1751 etidcirco
1265 1686 1460 1768 hujusmodi
1483 1687 1600 1750 turbas
1623 1685 1774 1767 despicit.

874 1993 1044 2072 Paolmus
1070 1990 1207 2070 OXII.

311 2229 518 2314 Ἀλληλούία
1111 2231 1267 2298 Alleluia.

312 2333 440 2411 Ἠθικδς
455 2337 509 2398 καί
526 2337 616 2412 οὗτος
638 2336 693 2400 καί
708 2335 752 2412 εἰς
768 2331 923 2418 ὠφέλειαν
946 2355 1018 2420 συγ-
1109 2339 1172 2400 Ηίο
1183 2341 1333 2418 psalmus
1346 2355 1481 2420 quoque
1492 2343 1623 2421 spectat
1633 2337 1675 2402 ad
1687 2356 1807 2419 mores,

265 2438 493 2526 γεγραμμένος·
516 2439 658 2524 διεγείρει
677 2441 739 2524 γὰρ
763 2439 883 2515 πάντας
901 2440 946 2515 είς
961 2439 1016 2523 ύμ-
1060 2443 1272 2523 conscriptus
1288 2442 1330 2505 ad
1354 2445 1494 2506 meliora
1509 2443 1707 2524 praestanda.
1734 2445 1808 2506 Om-

265 2544 449 2629 νιμδίαντού
469 2543 643 2629 εὐεργέτου.
661 2541 773 2607 -Ἐν
797 2542 896 2626 τούτῳ
912 2542 1016 2607 διδάσ-
1062 2563 1122 2608 nes
1145 2549 1236 2610 enim
1259 2553 1419 2630 provocat
1441 2549 1484 2612 ad
1507 2549 1674 2632 hymnum
1697 2549 1809 2612 muni-

268 2671 359 2713 κεται
381 2649 491 2725 δλαδς
509 2649 526 2713 δ
541 2649 610 2724 νεδς
626 2646 825 2711 ἀδιάλειπτον
843 2649 898 2710 τδν
920 2649 1016 2731 ύμνον
1061 2651 1125 2714 fico
1141 2655 1210 2716 Deo
1225 2655 1425 2718 canendum.
1445 2689 1483 2700 -
1501 2657 1540 2717 In
1561 2655 1678 2718 eodem
1694 2654 1808 2718 edoee-

266 2752 456 2839 προσφέρειν
476 2761 520 2838 τῷ
542 2751 790 2837 λυτρωσαμένῳ·
813 2749 897 2814 ἀλλὰ
911 2750 946 2813 δὲ
961 2751 1017 2813 καί
1060 2761 1118 2819 tur
1137 2761 1282 2838 populus
1302 2776 1411 2823 novus
1434 2759 1640 2822 indefessum
1656 2775 1807 2840 pangere

266 2869 328 2924 τῶν
340 2857 436 2924 ἐθνῶν
448 2857 573 2922 πάντων
585 2854 815 2940 καταοημαίνει
827 2856 885 2940 τὴν
893 2855 1015 2940 κλῆσιν,
1061 2860 1227 2943 hymnum
1243 2864 1419 2926 salvatori.
1436 2862 1500 2925 Sed
1513 2866 1546 2924 et
1557 2863 1709 2925 omnium
1726 2879 1808 2941 gen-

267 2965 320 3039 οὓς
336 2965 390 3026 καί
412 2962 527 3038 παῖδας
543 2959 645 3044 καλεῖ,
663 2961 714 3024 διά
729 2960 764 3023 τύ
781 2958 940 3044 άρτιγενὲς
959 2967 1017 3042 της
1061 2966 1149 3028 tium
1164 2969 1375 3030 vocationem
1391 2967 1609 3048 prenuntiat,
1625 2984 1710 3047 quas
1726 2983 1806 3048 pue·

267 3069 352 3130 κατά
364 3067 470 3150 ψυχὴν
481 3062 618 3148 ἡλικίας,
634 3063 783 3150 ἠπαῖδας
795 3061 936 3128 τουτέστι
947 3063 1016 3128 too
1061 3075 1248 3150 τουτουσί,
1277 3071 1318 3134 ob
1345 3073 1493 3134 animam
1521 3068 1809 3150 juvenescentem,

266 3171 341 3248 λους
365 3170 541 3235 αἰνίττεται.
1061 3176 1115 3238 vel
1131 3176 1167 3237 in
1182 3177 1297 3258 pueris
1312 3191 1427 3239 servos
1442 3175 1627 3254 signifieat.

310 3297 341 3340 v.
362 3279 389 3357 1,
406 3277 437 3339 2.
454 3274 588 3355 Abicite,
612 3273 732 3355 παῖδες,
750 3271 877 3357 Κύριον,
901 3273 1015 3337 αἰνείτε
1106 3281 1514 3361 v.1,2.tanlnte,p1aert,
1539 3281 1724 3359 Dominum,
1742 3277 1813 3343 lott-

267 3381 302 3444 τδ
318 3381 417 3464 ὄνομα
433 3375 570 3461 Κυρίου·
592 3377 642 3460 εἰη
659 3379 694 3440 τί
718 3377 818 3461 δνομα
833 3375 951 3460 Κυρίου
968 3377 1016 3439 εἰν
1059 3381 1132 3446 date
1144 3401 1255 3447 nomen
1274 3385 1416 3448 Domini.
1429 3385 1482 3449 Sit
1492 3401 1605 3448 αοαιαιι
1615 3385 1749 3448 Domini
1763 3383 1810 3447 le-

265 3480 442 3567 λογημένσν
457 3481 519 3546 &ab
535 3489 590 3545 τοῦ
605 3490 659 3544 νῦν
675 3481 730 3544 καί
747 3479 805 3557 ἕως
821 3491 877 3545 τού
893 3480 1014 3557 αἰῶνος.
1060 3485 1221 3576 aedictum
1242 3506 1281 3551 ee
1303 3489 1359 3552 boc
1381 3505 1465 3553 nunt
1486 3492 1520 3552 et
1537 3504 1638 3570 esque
1660 3489 1697 3552 in
1718 3503 1814 3553 stell»

1065 3589 1145 3654 lom.

308 3690 455 3758 Διδάσκει
470 3692 543 3768 τοὺς
566 3689 654 3767 νέους
670 3688 700 3754 τί
716 3690 766 3754 δεῖ
787 3690 892 3772 αἰνεῖν,
910 3691 965 3753 ἅτε
982 3689 1016 3752 ά·
1105 3697 1210 3758 Docet
1220 3694 1373 3775 juniores
1388 3695 1471 3776 quid
1485 3692 1693 3759 laudandum
1704 3695 1758 3775 sit,
1772 3700 1811 3757 ut

262 3795 384 3872 πάλους
403 3817 458 3860 και
482 3793 576 3881 μήπω
599 3796 732 3880 έχοντας
755 3792 1017 3879 γεγυμνασμένην
1060 3804 1137 3880 pote
1151 3802 1294 3863 tenellos
1308 3803 1342 3862 et
1353 3800 1497 3864 nendum
1511 3800 1673 3863 habentes
1687 3800 1813 3862 exerci-

264 3903 323 3986 τὴν
338 3901 415 3984 πρύς
431 3901 480 3963 ’τά
495 3908 625 3961 τοιαῦτα
649 3897 720 3976 ἕξιν.
744 3895 817 3974 Πῶς
840 3898 894 3960 ούν
918 3898 1015 3962 αἰνεῖν
1058 3905 1217 3972 tatamin
1232 3905 1401 3968 similibus
1417 3905 1708 3968 consuetudinem.
1727 3907 1812 3980 Quo·

263 4005 325 4088 δεῖς
341 4003 402 4087 Είη
420 4004 455 4066 τδ
470 4003 570 4087 ίνομκ
585 3999 703 4084 Κυρίου
720 3998 942 4085 εὐλογημένον.
968 3996 1013 4066 Ἢ
1058 4007 1156 4071 modo
1173 4009 1282 4086 igitur
1296 4009 1435 4072 laudare
1452 4009 1605 4090 oportet?
1627 4010 1681 4074 Sit
1699 4025 1812 4073 nomn

263 4111 370 4174 παισίν
387 4108 551 4185 ἀπεικάζει
567 4109 639 4182 τοὺς
654 4107 706 4170 διά
717 4109 752 4170 τδ
765 4111 876 4190 νεαρὸν
888 4116 946 4191 της
957 4129 1014 4172 κα·
1057 4111 1191 4175 Domini
1204 4110 1407 4176 benedictam.
1424 4114 1486 4176 Vel
1509 4113 1625 4192 pueris
1640 4114 1807 4176 assimilat

262 4216 304 4278 τά
319 4212 401 4279 Θεὸν
415 4210 542 4295 ἡλικίας
557 4211 590 4274 έν
603 4211 690 4296 ψυχῇ
702 4209 885 4295 νεωμένους,
899 4213 952 4288 οὓς
964 4211 1015 4274 ἐπί
1060 4231 1116 4278 eos
1147 4215 1206 4294 qui
1237 4219 1373 4295 propter
1399 4214 1588 4294 juvenilem
1622 4216 1808 4282 seeundum

263 4321 317 4382 τὸν
333 4319 419 4382 αἰνον
435 4317 530 4381 καλεῖ
548 4325 604 4380 τοῦ
627 4313 720 4380 Θεοῦ.
737 4314 877 4392 Ἀκύλας
901 4315 936 4378 δέ
959 4317 1013 4378 καί
1059 4317 1168 4381 Deum
1205 4323 1339 4381 aetatem
1370 4320 1406 4381 in
1444 4321 1559 4382 anima
1589 4321 1807 4400 innovantur,

263 4421 437 4507 Σύμμαχος
460 4418 589 4495 δούλους
612 4419 680 4484 ἀντί
696 4429 752 4483 τού
775 4420 885 4496 παῖδες
905 4417 1015 4497 ἐξέδω-
1059 4439 1143 4501 quos
1155 4423 1198 4486 ad
1211 4423 1346 4486 laudem
1358 4422 1419 4486 Dei
1431 4426 1601 4503 provocat.
1613 4425 1737 4504 Aquila
1752 4443 1811 4487 au-

263 4547 333 4590 ιιαν.
350 4525 477 4590 Δούλων
492 4525 553 4607 γὰρ
573 4524 609 4586 οὐ
625 4523 805 4608 διαφέρουσι
821 4523 941 4602 παῖδες,
959 4522 1014 4608 φύ
1057 4531 1125 4588 tem
1139 4532 1172 4588 et
1184 4528 1406 4608 Symmachus
1418 4542 1525 4590 seruos
1537 4542 1597 4606 pro
1612 4528 1728 4606 pueris
1741 4526 1808 4589 edi-

262 4619 779 4714 ύῳδουλείαςπαιδαγωγούμενοι·
795 4628 842 4690 διὸ
859 4627 1013 4713 φούουμέ-
1056 4629 1188 4692 derunt.
1213 4633 1314 4693 Pueri
1338 4631 1429 4694 enim
1454 4649 1475 4692 a
1497 4631 1604 4693 servis
1626 4645 1694 4692 non
1717 4629 1810 4694 diffe-

262 4755 333 4810 νους
349 4731 466 4817 Κύριον
483 4733 596 4809 αὐτοὺς
609 4732 693 4796 εἰπεν
705 4731 722 4795 ὁ
736 4733 795 4817 πρδ
807 4732 919 4797 τούτου
932 4733 1012 4818 ψαλ-
1056 4740 1146 4815 runt,
1162 4754 1240 4798 oum
1257 4737 1376 4799 timore
1391 4736 1508 4799 servili
1525 4737 1648 4799 instrui
1663 4737 1804 4799 soleant:

294 4955 322 4994 v.
337 4940 392 4994 1-3.
406 4941 460 5007 Τὴν
477 4941 544 5006 πρὸς
556 4958 581 4992 τ.
594 4957 618 4992 τ.
637 4941 753 4992 διάνοιαν
766 4936 852 4992 Gord.
872 4943 1012 5008 ἀπεικάζει
1055 4944 1107 4994 δων
1117 4937 1237 4995 Gorder.
1249 4973 1282 4980 —
1296 4943 1327 4994 ού
1346 4944 1464 5008 διαφέρω
1475 4939 1545 4995 cod.
1558 4942 1653 5006 Κύριον
1671 4955 1727 4994 om.
1741 4937 1809 4994 Oor·

258 5029 368 5092 τούτους
381 5027 446 5082 Vot.
460 5026 486 5080 4.
498 5057 531 5066 -
541 5029 645 5094 ἡλικίας
663 5029 758 5091 παῖδας
774 5031 932 5094 νοουμένους
942 5027 1010 5083 Gor·
1055 5025 1115 5080 der.
1128 5055 1161 5066 -
1175 5025 1239 5082 Om.
1253 5026 1316 5081 eod.
1329 5025 1408 5082 infra
1421 5031 1500 5080 αὐτοῦ
1513 5031 1544 5080 et
1556 5029 1636 5080 ἀλλὰ.
1647 5057 1680 5068 -
1693 5029 1730 5080 'l't
1744 5033 1810 5080 εἰναι

261 5110 321 5166 der.
333 5115 360 5166 ίν
379 5116 450 5180 ψυχῇ
461 5116 604 5182 νοουμένης
622 5111 693 5167 God.
707 5141 740 5152 -
754 5113 865 5177 δούλους
882 5117 940 5168 ἀντί
951 5120 1010 5169 παί-
1054 5115 1184 5178 λαδάντες
1195 5112 1314 5172 Gordor.
1327 5117 1359 5168 τὸ
1377 5131 1433 5168 om.
1446 5113 1510 5168 eod.
1523 5113 1560 5168 of.
1572 5113 1665 5169 Field
1680 5131 1712 5183 rr,
1724 5114 1786 5170 268
