4020 6098
771 339 814 401 IN
838 337 1035 402 PSALMUM
1060 338 1192 401 CXVIII
1681 345 1744 408 263

203 477 276 545 λῑαν
291 478 325 544 iv
339 487 382 565 τῷ
397 479 466 564 περὶ
489 476 606 543 τούτων
621 475 774 542 ποιεῖσθαι
795 476 890 562 λόγῳ.
909 513 946 524 -
993 479 1174 559 clarautnr,
1190 480 1226 542 in
1242 481 1296 552 sis¹
1313 485 1471 564 exerceri,
1495 489 1529 547 et
1550 485 1591 548 de
1615 486 1733 550 iisdem

204 582 295 650 ’linei
309 583 451 648 oiston
474 581 608 668 βραχεῖα
623 581 645 667 ἡ
661 583 779 666 εὕρεσις
802 589 859 665 τῆς
874 580 950 644 ὁδοῦ
992 599 1181 646 sermonem
1210 582 1329 648 iacere.
1359 620 1397 630 —
1426 589 1591 661 Quoniam
1624 607 1734 672 operae

204 697 265 753 των
280 686 507 772 δικαιωμάτων,
523 687 582 750 οὐκ
597 687 648 752 ἐπὶ
663 686 718 752 δύο
733 688 754 772 ἦ
770 687 885 771 reeicit
901 683 949 750 bi·
993 703 1060 750 nou
1076 688 1160 752 levis
1176 691 1227 754 est
1245 689 1398 754 invenire
1413 692 1502 754 viem
1514 691 1732 773 intimorum,
1762 689 1763 694 ’

205 813 250 858 κα
268 789 398 877 ἡμέρας,
416 789 503 876 μόλις
521 791 582 875 γὰρ
597 789 690 874 ἀρκεῖ
703 810 753 874 μοι
774 791 829 854 καὶ
844 788 862 851 b
875 786 949 872 χρό-
993 791 1056 854 iter
1068 791 1133 854 erit
1147 808 1214 854 non
1229 791 1384 873 duorum,
1398 812 1459 856 nec
1471 796 1585 876 trIum,
1597 813 1658 860 nec
1680 797 1734 861 de·

202 916 255 972 νος
270 903 326 978 της
342 893 514 978 ζωῆςᾸίαὶ
528 892 728 976 temptoria
741 891 950 968 οδὸςδικαιω-
992 909 1065 958 oens
1077 893 1218 958 dierum:
1228 896 1387 960 vixenim
1393 898 1477 960 mihi
1489 897 1616 962 sufficit
1630 901 1732 964 etiam

203 997 319 1084 μάτων,
342 999 439 1074 οὕτως
461 997 516 1061 καὶ
537 996 559 1082 ἡ
582 997 654 1074 ὁδὸς
678 994 862 1082 μαρτυρίων.
893 994 948 1060 Ἐν
993 999 1070 1062 vita
1084 1002 1229 1090 tempus.
1252 1002 1296 1064 Et
1310 1001 1400 1064 siout
1413 1001 1471 1064 via
1499 1007 1550 1066 est
1570 1001 1735 1082 institua

202 1111 242 1187 τῇ
258 1102 330 1186 ὀδῷ,
346 1102 433 1186 φησὶ,
449 1109 510 1166 των
526 1098 702 1186 μαρτυρίων
715 1121 772 1164 σου
794 1096 950 1183 teperet
991 1103 1134 1182 tionum,
1158 1104 1206 1166 lta
1229 1107 1263 1166 et
1277 1104 1335 1166 ria
1351 1105 1641 1168 testimoniorum:
1667 1107 1738 1169 «In

203 1203 245 1281 ὡς
258 1204 310 1268 ini
324 1207 417 1271 παντὶ
438 1203 573 1288 πλούτῳ.
588 1203 681 1268 Ἔστι
700 1205 755 1268 καλ
777 1201 848 1278 ὁδὸς
863 1203 948 1269 ὲντο-
991 1205 1058 1284 via,
1084 1207 1206 1288 inquit,
1229 1208 1501 1276 testimoniorum
1523 1205 1660 1272 tuorum
1683 1208 1738 1272 de-

202 1307 285 1374 λῶν·
307 1306 400 1373 ‘osee
413 1309 474 1394 γὰρ
497 1306 632 1374 λντολῶν
647 1328 713 1388 σου,
730 1308 835 1392 φησὶν,
858 1305 949 1389 ἔδρα-
992 1309 1135 1372 lectulus
1157 1289 1247 1389 sum,¹
1267 1311 1365 1391 qussi
1387 1327 1489 1391 super
1511 1327 1628 1376 omues
1650 1313 1734 1376 divi·

204 1435 271 1500 pov,
288 1413 364 1479 ὅταν
378 1412 554 1490 λαλάτυνας
568 1415 627 1498 τὴν
648 1409 781 1496 καρδίαν
797 1430 865 1496 μου.
881 1408 946 1476 Αὔ·
991 1413 1097 1476 τωο.»
1133 1413 1194 1476 Est
1231 1429 1365 1495 quoque
1382 1429 1384 1434 ·
1399 1415 1456 1478 via
1485 1416 1735 1482 mandatorum:

200 1535 254 1582 ται
268 1517 304 1581 a
319 1525 420 1582 πᾶσαι
434 1515 467 1580 αἱ
483 1516 548 1581 ὁδοὶ
563 1515 654 1593 τέλος
668 1517 722 1580 καὶ
737 1515 842 1601 ἀρχὴν
857 1515 950 1598 ἐχου-
994 1518 1122 1580 «Viam
1138 1519 1228 1582 euim
1255 1520 1500 1602 mandatorum,
1516 1523 1573 1600 ait,
1589 1524 1735 1603 cucurri,

202 1641 243 1704 σι,
259 1619 332 1707 μίαν
347 1620 418 1686 ὁδὸν
433 1623 492 1706 τὴν
506 1619 680 1706 λέγουσαν·
701 1619 785 1705 Ἐγώ
801 1622 862 1706 εἰμι
877 1621 899 1706 ἡ
916 1623 949 1687 b·
992 1621 1126 1702 quando
1140 1620 1289 1686 dilatasti
1315 1622 1399 1686 mibi
1414 1640 1471 1687 cor
1486 1641 1609 1688 meum.
1624 1647 1642 1685 ν
1664 1628 1749 1690 illa

201 1723 264 1803 tte.
279 1723 427 1791 Ὀδτῦσαι
441 1726 496 1792 οῦν
510 1725 559 1790 δεῖ
571 1725 623 1790 διὰ
634 1733 743 1792 πασῶν
758 1725 876 1792 τούτων
887 1735 948 1793 τῶν
992 1727 1106 1788 autem
1135 1726 1199 1788 via
1224 1742 1340 1789 omnes
1363 1713 1548 1790 terminum
1565 1733 1599 1791 et
1614 1729 1736 1810 princi·

201 1831 291 1912 etos,
316 1833 368 1897 iou
389 1830 482 1916 ἔλθῃς
505 1832 555 1896 ini
580 1832 616 1894 τὸ
643 1828 732 1908 τέλος
759 1832 870 1916 αἰτιῶν,
893 1835 947 1897 τὸν
991 1829 1086 1909 pium
1101 1827 1235 1910 habent,
1251 1828 1339 1893 hano
1354 1847 1458 1893 unam
1474 1832 1575 1910 viem,
1593 1849 1668 1912 quae
1684 1832 1733 1894 di·

200 1933 349 2020 Χριστόν.
992 1932 1053 1994 eit:
1074 1933 1177 2010 «Ego
1202 1951 1280 1996 sum
1295 1934 1361 1996 via.
1385 1954 1403 1992 »
1425 1936 1570 2012 Pergere
1597 1953 1679 2014 ergo
1702 1941 1736 2000 te

991 2040 1122 2117 oportet
1132 2035 1364 2100 omneharum
1376 2037 1508 2102 viarum
1525 2039 1598 2118 iter,
1610 2044 1649 2102 ut
1661 2058 1734 2121 per-

992 2141 1109 2204 venias
1120 2138 1166 2230 ad
1181 2157 1298 2204 earum
1314 2139 1426 2219 finem,
1443 2141 1623 2205 Christum.

245 2264 278 2310 τ.
293 2247 346 2311 28.
361 2244 548 2326 Ἐνύσταξιν
570 2245 695 2333 ἡψυχὴ
714 2267 773 2332 μου
789 2245 852 2312 ἀπὸ
867 2246 946 2332 deq·
1035 2245 1067 2308 v.
1083 2246 1136 2310 28.
1150 2246 1349 2310 Domitooit
1372 2247 1483 2310 σοιὀια
1497 2264 1568 2312 meo
1585 2264 1657 2327 pre
1682 2252 1733 2314 te·

201 2347 280 2432 δίας,
297 2347 467 2436 βτΰαίωσόν
484 2371 522 2436 ps
537 2351 571 2416 tv
587 2359 652 2428 τοῖς
667 2349 772 2436 λὸγοος
786 2371 853 2416 σου.
990 2349 1061 2426 cirin
1077 2349 1231 2432 ammirato
1246 2365 1294 2414 ate
1309 2348 1465 2415 taenio
1482 2351 1559 2414 teris.

247 2453 398 2539 Πλησίον,
421 2456 525 2540 φησὶν,
541 2454 695 2540 λγενόμην
717 2463 772 2518 τοῦ
793 2453 946 2536 θανάτου,
1033 2455 1156 2518 Factus
1196 2470 1283 2532 sum,
1310 2453 1433 2533 inquit,
1458 2454 1559 2516 morti
1585 2454 1729 2535 vicinus,

204 2556 402 2644 ὀλιγωρήσας
417 2561 494 2644 πρὸς
517 2559 558 2624 τὰ
572 2555 752 2644 ἐπικείμενα
769 2581 820 2645 μοι
841 2559 947 2625 κακά·
990 2557 1172 2637 negligens
1199 2557 1414 2622 immInentIa
1437 2557 1522 2621 mihi
1542 2559 1647 2638 mala3
1670 2559 1729 2622 sed

248 2767 539 2831 truncationi&
553 2768 668 2850 Aliqui
679 2767 810 2832 codices
821 2768 948 2833 habent
990 2767 1136 2848 Ideoque
1149 2766 1199 2828 ait
1212 2765 1391 2848 propheta:
1410 2767 1516 2846 «Fili,
1533 2783 1576 2830 ue
1601 2766 1731 2832 defluas

205 2855 402 2934 dormitavit,
418 2873 493 2936 quae
501 2853 666 2934 ἐνύσταξαν
678 2861 712 2920 et
723 2853 851 2933 ἔσταξεν
866 2857 946 2920 dua·
990 2855 1100 2937 (Prov.
1117 2857 1174 2918 111.
1190 2853 1260 2936 21).

204 2944 268 3008 bus
294 2945 416 3008 litteris
439 2944 622 3008 dissonant.
646 2945 759 3008 PotuIt
780 2945 945 3027 Interpres
1033 2947 1199 3007 Hrnnsrus
1221 2941 1297 3006 ibid.
1319 2943 1481 3006 Nonnulli
1503 2945 1594 3007 enim
1610 2961 1670 3026 pro
1689 2962 1728 3007 eo

206 3035 261 3096 vel
283 3033 497 3114 antiquarius
527 3035 669 3114 scriptor
684 3033 739 3096 hic
761 3032 843 3096 falli.
867 3036 944 3097 Per·
989 3032 1079 3112 quod
1093 3031 1215 3095 abillis
1230 3048 1301 3094 sxx
1317 3030 1444 3094 dictum
1460 3029 1689 3108 οσοένλσταξτν
1707 3029 1729 3114 ἡ

205 3121 324 3184 festior
351 3139 418 3183 non
445 3122 613 3201 dormitat,
640 3123 699 3202 qui
724 3120 849 3185 divinis
876 3123 947 3184 ani·
989 3116 1076 3202 ψυχή
1093 3139 1162 3202 μου,
1177 3125 1363 3200 posuerunt
1378 3117 1643 3204 ἔσταξενὴψυχή
1659 3140 1729 3204 μου.

203 3227 299 3273 mum
315 3210 459 3273 intendit
486 3211 666 3292 mysteriis.
694 3211 846 3290 Deanue
873 3211 944 3291 ipsc
989 3209 1311 3284 Quidamautemex
1328 3206 1733 3288 iIIIsnontriocatsv,sed

204 3298 288 3363 alibi
302 3297 401 3362 dinit:
428 3299 492 3362 «Si
514 3297 637 3362 dedero
659 3297 721 3381 (Ps.
738 3314 859 3377 cxxxi,
877 3297 943 3380 4)...
988 3293 1179 3374 κατέσταζεν
1190 3298 1367 3360 transtulit
1380 3301 1442 3360 etc.
1457 3299 1536 3362 Fere
1550 3303 1588 3364 eet
1602 3299 1733 3364 Ambro-

987 3385 1069 3465 sias,
1087 3385 1143 3450 sed
1155 3384 1227 3450 cide
1240 3388 1550 3466 mancipantem.
1752 3409 1755 3421 ·

231 3577 260 3616 v.
273 3560 317 3615 28.
329 3558 436 3630 Vens,
455 3560 479 3630 6,
498 3561 523 3630 9,
542 3559 585 3614 16.
602 3558 715 3614 iterum
732 3557 876 3615 succurrit
893 3576 944 3614 uo-
987 3561 1048 3613 tem
1059 3573 1096 3613 ex
1108 3557 1167 3612 illis
1179 3573 1238 3613 non
1250 3557 1396 3622 ἐνύσταξαν,
1410 3556 1461 3613 sed
1470 3561 1633 3622 καττσταξιν
1643 3558 1734 3629 signi·

199 3642 246 3700 bis
264 3644 445 3715 Ambrosius,
463 3661 498 3700 ac
515 3644 566 3702 vix
583 3645 743 3717 temperavi
760 3645 831 3716 quin
851 3650 944 3702 totam
986 3643 1074 3699 ficare
1085 3642 1294 3713 intelligitur.„
1313 3643 1388 3698 Tum
1405 3643 1483 3716 apud
1495 3643 1615 3700 Graecos
1633 3644 1736 3700 eadem

193 3730 259 3802 ejus
270 3731 408 3804 paginam
418 3731 615 3800 rescriberem,
628 3731 673 3788 uti
691 3732 850 3803 genuinum
868 3749 942 3806 opus
986 3729 1243 3803 Origenispagina
1258 3743 1318 3784 non
1328 3729 1427 3784 minus
1444 3729 1735 3801 diligenterciroum·
1845 3727 1849 3748 ¹

193 3817 395 3888 Alexandrini,
405 3835 491 3889 quem
511 3817 600 3874 etiam
617 3818 735 3874 nomine
752 3824 846 3890 mnus,
865 3819 945 3890 quod
985 3819 1048 3876 lats
1059 3817 1126 3874 fuit.
1140 3817 1180 3872 Et
1192 3816 1373 3888 quodmsgia
1385 3834 1419 3874 sc
1429 3817 1524 3888 magis
1534 3819 1736 3875 commentarii

193 3903 245 3962 vix
256 3902 327 3960 aiibi
337 3903 428 3960 semel
434 3905 568 3975 occurrit,
576 3904 685 3976 allegat
693 3904 725 3960 in
733 3904 942 3962 buncmcdum:
985 3906 1080 3962 nostri
1088 3895 1270 3977 genuitats'm
1280 3902 1418 3972 declarat,
1427 3905 1504 3962 sieut
1515 3906 1594 3979 apud
1603 3907 1734 3976 Latinos,

196 3994 212 4025 ‘¹
223 3989 438 4072 Sedlom'qenee,
452 3989 503 4062 qui
514 3991 673 4048 multorum
684 3991 942 4066 interpretationes
985 3991 1028 4046 ita
1040 4008 1058 4045 a
1075 3989 1186 4045 Graeois
1204 4003 1310 4045 nomen
1327 3987 1464 4060 Origenis
1483 3990 1592 4047 diserte
1609 3992 1667 4047 huc
1684 3992 1735 4048 ad·
1765 3979 1769 3990 ’

193 4075 330 4147 diIIge'nti
353 4075 491 4132 discnssit
513 4075 666 4149 indagine,
688 4079 804 4135 adduvit
824 4083 941 4134 secutus
985 4075 1104 4132 ductum
1121 4081 1174 4132 est
1192 4074 1338 4146 Vulgstus
1356 4075 1433 4131 enisu
1452 4075 1622 4132 Theodorus
1640 4077 1732 4134 Hera·

192 4167 248 4231 est,
261 4178 295 4217 eo
308 4161 386 4234 quod
397 4161 522 4234 perfecti
534 4163 632 4218 anima
644 4163 728 4236 quasi
739 4164 814 4220 bene
826 4181 940 4236 compo·
984 4163 1087 4232 electa,
1098 4161 1241 4234 Hexsplis
1258 4161 1419 4230 recensitis,
1431 4161 1528 4217 addit:
1549 4166 1563 4198 “
1574 4163 1614 4218 Et
1633 4163 1735 4235 Orige-

194 4247 253 4303 sita
270 4253 300 4304 st
318 4249 490 4304 confirmata
507 4267 566 4305 uon
584 4251 686 4307 stillat
700 4291 715 4320 „
739 4251 842 4322 Neque
858 4250 941 4308 Hila-
984 4267 1037 4306 nes
1045 4247 1425 4306 illuddormitoos'tsrratum
1434 4247 1559 4318 essseit,
1569 4248 1612 4304 sio
1622 4247 1730 4306 dicens:

192 4336 256 4391 rius
273 4335 312 4393 ab
323 4336 479 4392 Ambrosio
497 4339 622 4394 multum
638 4339 759 4396 recedit.
777 4339 837 4396 Sed
856 4341 889 4396 in
906 4355 942 4396 so
986 4338 1048 4392 “Bt
1065 4335 1190 4391 esisdmo
1214 4333 1394 4405 quempiam...
1420 4337 1505 4402 οὕτως
1524 4338 1651 4404 εἰρηκώς·
1682 4339 1737 4392 Kal

193 4437 305 4481 summe
317 4423 483 4494 singularis,
496 4423 574 4496 quod
592 4424 681 4482 etiam
697 4425 833 4499 Henapla
843 4441 941 4498 paea
984 4429 1074 4494 οῐομαι
1084 4425 1143 4478 κτλ
1156 4427 1191 4478 ut
1202 4419 1280 4495 apud
1290 4437 1353 4490 uos,
1366 4419 1483 4476 condar.
1494 4437 1540 4478 111·
1553 4421 1614 4476 389.
1628 4421 1735 4478 'Potum

191 4507 345 4581 rescripsit
357 4509 415 4564 BB.
434 4528 462 4582 p.
475 4510 541 4565 501:
561 4511 628 4567 “De
646 4511 836 4583 consequenti
852 4530 941 4570 versu
983 4509 1080 4564 locum
1097 4505 1208 4580 pariter
1224 4503 1345 4561 refricat
1354 4510 1440 4564 retus
1453 4523 1614 4580 anonymus
1632 4506 1735 4579 Origo·

193 4594 322 4666 comperi
339 4594 448 4650 multos
470 4595 555 4652 varia
571 4595 706 4666 sensisse,
725 4614 761 4653 ee
783 4597 861 4668 quod
882 4615 942 4654 non
983 4595 1097 4662 nianus,
1109 4591 1179 4647 ibid.
1192 4607 1219 4664 p.
1233 4591 1293 4647 395.
1307 4591 1436 4648 'landem
1449 4591 1480 4647 in
1492 4592 1602 4648 uostris
1619 4608 1734 4666 quoque

193 4678 297 4734 eadem
307 4679 487 4753 proprietate
500 4699 519 4736 a
530 4681 645 4737 caeteris
657 4681 883 4737 translatoribus
901 4700 939 4739 ex
984 4681 1103 4738 scholiis
1116 4679 1266 4736 Vaticanis
1284 4679 1426 4735 insertum
1445 4684 1498 4746 est,
1517 4680 1610 4737 veluti
1627 4680 1734 4739 lemma

193 4763 320 4822 Hebraeo
332 4765 502 4824 demutatus
512 4773 599 4838 esset,
612 4775 646 4824 ut
657 4767 694 4824 ab
706 4767 754 4822 bis
767 4785 831 4828 m
850 4768 940 4826 inter·
983 4767 1145 4837 olassicum,
1162 4765 1240 4821 idem
1264 4764 1342 4836 quod
1363 4764 1453 4820 babet
1477 4765 1660 4823 Theodorus:
1679 4771 1732 4824 lini

193 4849 326 4924 pratibus
338 4853 546 4928 trsnwriptum
562 4859 616 4910 ast.
635 4851 775 4910 Nonnulli
792 4854 871 4912 euim
886 4872 940 4928 pro
983 4855 1153 4923 Ὠριγένηςτὸ
1164 4853 1301 4914 ἐνύσταξαν
1311 4853 1476 4920 ἡμαρτῆσθαι
1485 4869 1571 4922 φησιν,
1578 4856 1659 4920 οὔτως
1670 4858 1730 4910 κτλ.

68 4999 71 5005 ,
194 4953 231 4994 eo
255 4937 333 5010 quod
349 4939 388 4996 ab
404 4939 464 4996 illis
482 4939 593 4998 ditium
610 4945 668 4998 est:
687 4943 852 5013 ὀνοσταξσνὴ
868 4945 940 5012 ψυχή
985 4939 1115 4998 Tandem
1126 4938 1163 4995 cf.
1175 4937 1268 4994 Field.
1283 4955 1316 5008 rr,
1327 4939 1388 5008 272,
1400 4936 1596 4996 ubibebrsioe
1609 4946 1732 4998 sonant:

193 5042 253 5093 μου,
265 5031 425 5100 posuerunt
436 5030 544 5094 λσταξτν
562 5031 663 5099 Μωχὴ
676 5045 737 5116 μοι..
748 5027 873 5098 Quidam
890 5046 940 5085 au·
984 5027 1183 5118 Stilialonimo
1197 5041 1258 5081 mea
1269 5040 1330 5096 prce
1343 5039 1464 5080 neoerore.
