4006 6090
844 469 887 530 IN
910 469 1097 534 PSALMOS
1667 475 1731 538 347

187 608 401 695 γὰρέμίοησα
424 607 528 696 μόνον,
544 610 631 694 φησί,
656 608 809 674 ἀλλὰκαὶ
831 608 936 696 ἐξετη-
980 613 1059 677 casici
1073 613 1135 700 toi,
1154 615 1251 678 Deos.
1276 615 1339 678 Hic
1354 632 1433 678 vero
1448 615 1547 680 dicit:
1575 618 1636 694 Qui
1658 615 1728 681 ode-

186 711 299 798 κόμην.
979 721 1059 781 cecat
1070 717 1721 798 teotonem,eti111c,nonsineexcessu:

979 823 1053 886 Non
1068 824 1178 886 solnm
1195 823 1297 901 odivi,
1314 823 1435 902 inquit,
1453 822 1512 886 sed
1527 824 1682 888 συνναῦται.

742 1049 913 1130 Ρνσίνιαο
937 1048 1171 1130 cxxxix.

227 1292 306 1357 ν.-4.
322 1290 383 1370 Ἰὸς
399 1290 530 1370 ἀσπίδος
553 1291 613 1358 ὑπὸ
635 1295 676 1359 τὰ
697 1293 791 1380 χείλη
815 1297 928 1361 αὐτῶν.
1017 1312 1049 1357 ν.
1058 1296 1088 1358 4.
1104 1295 1594 1379 Veronamarpotamsutlaiiis
1605 1315 1722 1362 emm.

187 1394 367 1482 Διάψαλμα.
393 1401 459 1464 i'ot.
476 1401 551 1478 708,
567 1419 588 1463 1.
972 1397 1177 1478 Deopeolmo.
1195 1403 1331 1465 -Post
1353 1402 1456 1465 verba
1474 1401 1533 1466 otti
1555 1401 1654 1466 latiis
1675 1419 1724 1466 eo·

226 1499 317 1565 Μετέι
333 1502 368 1566 δέ
391 1503 426 1566 τὸ
449 1502 510 1568 ὑπὸ
533 1501 626 1588 χείλη
650 1505 753 1570 αῦτών
774 1506 841 1570 ἔστι
864 1505 929 1572 διά-
972 1519 1056 1582 rom,
1084 1505 1213 1582 legitur
1228 1505 1432 1586 Dtopsotmo,
1452 1505 1541 1587 qnod
1564 1506 1721 1570 hebraice

183 1604 304 1690 ψαλμα,
317 1606 394 1690 ὅπερ
409 1605 536 1692 λέγεται
547 1605 705 1691 ἐώραϊστί·
720 1605 794 1674 Σέλ.
808 1608 929 1697 Σημαί-
975 1605 1101 1670 dicitur
1130 1607 1208 1687 Βοὴ·
1237 1609 1412 1687 significat
1442 1614 1557 1674 autem
1583 1627 1717 1691 semper,

182 1728 228 1773 νιι
243 1708 277 1773 δέ
292 1711 328 1774 τὸ
343 1709 402 1792 ἀεί,
426 1709 598 1796 συμφώνως
613 1720 675 1797 τῷ·
691 1713 769 1798 ὅλην
785 1715 844 1801 τὴν
854 1711 932 1800 ἡμὲ-
975 1711 1066 1790 quod
1082 1718 1244 1776 consonat
1255 1714 1383 1778 verbis:
1401 1717 1480 1778 Toto
1491 1713 1543 1779 die
1553 1717 1722 1781 constitue·

183 1834 241 1896 ραν
255 1814 491 1899 παρετάσσοντο
506 1813 672 1902 πολέμους.
975 1813 1051 1878 tanc
1058 1817 1193 1896 pratae.

224 1938 256 1983 ν.
274 1921 303 1982 6.
318 1918 487 2004 'exputat
502 1917 696 2006 ὑπερήφανοι
710 1919 831 2009 παγίδα
847 1943 907 2010 μοι.
1022 1922 1052 1980 6.
1068 1919 1306 1986 Absoooderuot
1319 1921 1451 2002 soporos·
1466 1920 1615 2004 loqueum
1632 1922 1726 1989 miti.

224 2021 283 2087 Δια
296 2024 337 2087 τὰ
351 2023 438 2107 πάθη
463 2023 677 2110 ἀδυνατοῦσιν,
700 2027 755 2089 καί
776 2028 836 2113 τὴν
857 2027 930 2092 ἄλο-
1028 2025 1162 2087 Etenim
1179 2043 1239 2106 per
1255 2027 1428 2106 passiones
1443 2027 1568 2089 tollunt
1582 2027 1682 2106 vires,
1696 2031 1730 2089 et

179 2146 237 2213 γον
252 2127 355 2192 οιίιτών
370 2126 544 2213 ἐπίγνωσιν,
561 2131 642 2192 οῦτοι
658 2131 713 2194 καί
727 2140 767 2215 τῇ
782 2129 853 2216 Εὔα
868 2152 928 2217 φη-
973 2129 1142 2192 insaniam
1156 2146 1254 2193 suam
1269 2135 1475 2208 suggerunt.
1498 2132 1554 2194 Sic
1572 2146 1720 2211 namque

180 2230 245 2296 σίν·
267 2229 404 2297 'notes
426 2230 468 2310 ώς
491 2231 576 2316 Θεοί,
599 2231 806 2319 γινώσκοντος
828 2237 927 2303 καλὸν
972 2234 1054 2297 Evae
1083 2232 1215 2297 dicunt:
1246 2235 1381 2298 «Eritis
1403 2235 1493 2297 siout
1514 2233 1575 2313 dii,
1599 2251 1724 2312 cogno-

179 2336 235 2399 καί
249 2334 397 2421 πονηρόν.
972 2343 1105 2402 scentes
1118 2339 1246 2402 bonum
1264 2341 1298 2401 et
1313 2338 1483 2401 malum.»

223 2460 255 2504 v.
280 2441 310 2521 8,
335 2443 365 2505 9.
389 2437 602 2518 Ἐπεσπίασας
624 2441 676 2506 ἐπὶ
701 2443 760 2528 τὴν
782 2443 929 2530 κεφαλήν
1018 2459 1050 2503 ν.
1067 2441 1098 2521 8,
1115 2444 1145 2503 9.
1165 2441 1366 2508 θῦναιῦνοοιι·
1388 2445 1604 2523 copotmeom
1621 2442 1659 2507 ιά
1672 2442 1727 2507 die

181 2564 241 2629 μου
252 2543 286 2608 ἐν
296 2540 401 2630 ἡμέρᾳ
412 2543 561 2630 πολέμου.
573 2544 627 2632 Μὴ
641 2546 790 2633 παφαδῷς
809 2569 858 2633 με,
867 2547 934 2614 Κώ-’
975 2541 1062 2610 betti.
1077 2547 1127 2612 Ne
1142 2545 1254 2610 tradas
1268 2563 1327 2626 nte,
1346 2547 1491 2628 Dmnim,
1510 2549 1547 2612 io
1561 2545 1720 2614 modom

179 2668 236 2732 φιε,
252 2646 315 2712 ἀπὸ
332 2655 388 2732 τῆς
402 2647 565 2736 ἐπιθυμίας
582 2671 642 2736 μου
652 2649 839 2737 ἁμαρτωλῷ.
973 2665 1040 2712 meo
1048 2651 1221 2731 peccatori.

223 2750 268 2816 Τὸ
283 2751 319 2816 δέ
333 2750 534 2835 ἐπεσκίασας,
558 2752 608 2817 ὅτι
622 2751 694 2817 anot
710 2756 746 2818 τὸ
758 2756 853 2840 τυχὸν
869 2775 926 2821 αα-
1016 2753 1106 2816 lilnd
1127 2771 1244 2835 porro:
1267 2753 1472 2835 obumbrasti,
1499 2754 1534 2819 id
1558 2758 1609 2818 est
1631 2755 1722 2837 quod

176 2857 234 2919 αών
263 2855 373 2921 παθεῖν
403 2854 639 2942 συνιχώρησιις,
671 2857 737 2922 οὐδ’
757 2859 834 2924 ὅσον
864 2858 927 2924 ἀπὸ
973 2875 1083 2938 neque
1096 2860 1279 2939 permisisti
1295 2859 1492 2940 patiendum
1506 2877 1578 2924 esse
1593 2862 1722 2923 malum

177 2957 350 3044 καύματος,
367 2957 408 3036 ώς
421 2960 502 3045 μηδὲ
516 2959 640 3046 θέρμης
651 2964 735 3039 τινος
747 2961 927 3028 ἀπολαῦσαι
973 2963 1028 3026 vel
1044 2965 1247 3045 precarium,
1271 2981 1382 3045 neque
1398 2964 1440 3026 ab
1463 2968 1570 3044 aestu,
1587 2969 1626 3027 ut
1648 2965 1723 3026 nul·

176 3060 347 3146 λυποίισνγς,
370 3063 523 3149 ἐντρυφᾶν
538 3067 574 3131 δέ
590 3074 663 3151 σκιᾷ
683 3075 721 3152 τῇ
738 3075 799 3132 τών
821 3067 927 3134 δεινών
972 3068 1026 3130 lus
1057 3069 1160 3131 etiam
1190 3070 1282 3132 calor
1312 3069 1501 3132 molestiam
1532 3069 1721 3148 facesseret,

177 3165 361 3252 ἀπαλλαγῇ.
383 3168 485 3253 Δηλοϊ
509 3169 544 3234 δέ
570 3173 626 3235 καί
651 3175 687 3236 τὸ
711 3172 843 3239 εὔκολον
870 3183 927 3259 τῆς
971 3169 1030 3233 sed
1061 3173 1199 3236 voluisti
1230 3189 1284 3235 me
1318 3171 1467 3250 gaudere
1498 3171 1639 3252 umbra,
1671 3190 1721 3236 re·

177 3269 334 3358 βοηθείας,
350 3272 467 3339 teron
479 3275 681 3359 ἐπεσκίασας,
698 3276 799 3360 ἀρκεῖ,
816 3276 926 3363 λέγων,
972 3275 1073 3337 motis
1094 3276 1193 3338 saevis
1216 3276 1483 3356 tempestatibus.
1507 3277 1724 3340 Demonstrat

176 3375 323 3461 παρεῖναί
333 3397 369 3441 σε
386 3377 489 3462 μόνον,
502 3380 556 3447 καί
567 3379 672 3444 πάντα
684 3379 821 3464 λέλυται,
836 3381 864 3446 εί
874 3384 930 3447 καί
973 3379 1075 3440 etiam
1099 3384 1292 3460 promptum
1316 3385 1350 3442 et
1373 3380 1511 3442 obvium
1541 3382 1720 3460 auxilinm,

176 3481 250 3567 ἐγώ,
266 3485 371 3568 φησὶν,
388 3483 429 3561 a,
445 3484 607 3569 ἅνθρωπος
621 3487 656 3552 ἐν
675 3485 822 3573 ἐπιθυμίᾳ
836 3486 927 3572 pepa-
972 3482 1139 3562 μετώπου
1162 3500 1278 3546 vocem
1301 3482 1510 3561 ooomoraate
1532 3484 1615 3546 satis
1638 3488 1721 3562 erat,

176 3607 217 3651 να
231 3596 289 3671 τώς
304 3587 475 3673 ἁμαρτίας·
498 3588 569 3653 ἀλλ’
581 3589 693 3667 αὐτός·
717 3592 759 3676 μὴ
777 3591 926 3677 παραδῷς
971 3588 1029 3665 ait,
1046 3592 1079 3650 te
1096 3587 1212 3651 adesse
1234 3588 1355 3666 solnm,
1373 3594 1406 3651 et
1422 3588 1536 3652 omnia
1558 3586 1721 3668 dissipate

176 3711 215 3777 με
230 3701 274 3776 τῷ
290 3690 436 3774 διαὸὀλῳ,
453 3703 617 3778 πανταχοῦ
632 3695 694 3779 γὰρ
710 3693 732 3780 ἠ
748 3698 856 3781 γραφὴ
871 3698 926 3763 τὸν
970 3695 1067 3753 sunt:
1084 3693 1305 3771 quantumvis
1321 3708 1396 3771 σεο,
1412 3691 1538 3770 subdit,
1555 3699 1594 3755 ut
1609 3693 1720 3770 h0m0,

175 3793 321 3862 διάὸολον
336 3795 522 3883 ἁμαρτωλὸν
537 3799 641 3865 καλεῖ,
971 3793 1006 3856 in
1018 3795 1293 3875 concupiscentia
1305 3797 1434 3875 peccati
1446 3801 1547 3858 natus
1561 3797 1641 3876 sim;
1660 3796 1720 3858 sed

969 3905 1009 3961 tu
1023 3899 1095 3980 ipse
1110 3917 1153 3962 ne
1174 3917 1227 3964 me
1250 3900 1391 3963 Diabolo
1406 3898 1530 3962 trades.
1548 3899 1666 3963 Ubivis
1689 3917 1721 3963 e-

971 4003 1042 4066 nim
1058 4004 1232 4084 Scriptura
1251 4003 1432 4067 Diabolum
1447 4006 1546 4066 vocat
1568 4007 1718 4084 peceato·
1736 4029 1741 4039 ·

971 4125 1053 4171 rem.

219 4233 251 4277 v.
268 4215 298 4278 9.
321 4212 543 4300 Διελογίσαντο
564 4214 636 4281 κατ’
653 4216 740 4303 ἐμοῦ,
761 4219 804 4304 μὴ
828 4215 924 4304 ἐγκα-
1012 4229 1044 4272 v.
1070 4214 1099 4275 9.
1118 4212 1344 4295 θομὶιασιιυαί
1358 4217 1468 4278 contro
1483 4229 1541 4276 me.
1562 4214 1612 4278 Nc
1630 4213 1719 4278 dere·

174 4314 308 4403 ταλίπῃς
326 4340 374 4405 με,
391 4318 514 4405 μήποτε
530 4320 702 4404 ώψωθώσιν.
966 4314 1099 4396 linquae
1112 4335 1171 4397 me,
1190 4334 1229 4381 tte
1243 4316 1369 4398 qnando
1391 4317 1584 4382 exaltentur.

218 4415 317 4489 Ὅσον
340 4425 490 4509 ὑψοῦνται
513 4434 657 4501 νιιιώντες
680 4426 709 4490 οἱ
731 4425 848 4514 ἐχθροί,
871 4447 921 4491 το-
1010 4423 1142 4497 Quanto
1158 4423 1235 4504 plus
1251 4423 1446 4486 exaltantur
1465 4423 1639 4486 victoriosi
1655 4423 1721 4485 ini·

174 4535 284 4592 σοῦτσν
299 4527 474 4614 ἡττώμενοι
489 4529 706 4614 αἰσχύνωνται.
968 4527 1059 4606 mici,
1074 4531 1168 4590 tanto
1183 4528 1295 4605 magis
1311 4527 1392 4590 victi
1408 4527 1619 4590 erubescant.

217 4651 248 4696 ν.
265 4635 314 4698 10.
328 4630 367 4696 Ἡ
379 4633 505 4718 κεφαλὴ
518 4642 574 4698 τοῦ
585 4632 792 4718 κυκλώματος
809 4635 922 4702 αὐτῶν.
1015 4649 1045 4695 ν.
1065 4633 1114 4695 10.
1135 4632 1238 4712 eaput
1251 4632 1408 4698 σίνουιέαι
1423 4648 1540 4694 emam.

216 4732 381 4821 Κώαλωμα
397 4736 483 4800 είπεν
505 4739 541 4800 τὸ
557 4736 720 4801 κυαλώσαι
739 4737 834 4804 αὐτὸν
848 4739 924 4824 τάγ-
1011 4737 1198 4800 Circuitum
1215 4736 1311 4816 dixit,
1327 4753 1449 4816 nempe
1464 4737 1719 4800 circumcinxis-

208 4938 257 4994 Ps.
272 4956 398 5000 cxxxix.
411 4959 439 4997 v.
451 4942 477 4997 4.
491 4942 558 4999 Vst.
571 4942 596 4997 ὅ.
907 4979 910 4987 -
966 4939 1161 5015 persequitur,
1176 4937 1228 4994 ssd
1240 4937 1342 4994 multis
1358 4937 1543 5013 interpositis
1560 4957 1599 5000 ex
1616 4946 1721 5015 aperto

208 5041 236 5084 ν.
250 5027 275 5082 6.
289 5025 356 5082 Vnt.
369 5028 394 5082 5.
408 5027 480 5083 Gen.
494 5045 536 5098 111,
550 5029 574 5083 5.
967 5043 1049 5082 more
1064 5031 1258 5096 μιταφραστοῦ.

207 5130 235 5171 v.
252 5113 279 5183 8,
297 5114 323 5168 9.
342 5111 409 5170 Vst
427 5115 453 5170 5.
471 5113 700 5188 chrysostomus
722 5113 801 5188 apud
818 5113 926 5172 Gorde-
1002 5129 1031 5170 ν.
1043 5114 1070 5168 9.
1082 5113 1129 5168 Ex
1140 5110 1204 5169 aod.
1216 5117 1277 5169 vat.

172 5199 248 5256 rium
260 5204 354 5259 totam
367 5199 474 5258 sariam
484 5205 617 5259 nostram
629 5201 713 5274 qnasi
724 5202 865 5261 continno
874 5201 925 5258 flio
1004 5199 1089 5290 pio.
1100 5198 1176 5258 lbid.
1190 5198 1263 5257 Gen
1277 5200 1376 5270 nalo.
