4020 6098
300 419 365 482 lte
980 419 1204 485 aaronitas·

346 581 378 627 ν.
397 563 425 626 7.
443 557 713 648 Αἰσχυνθητωσαν
733 557 850 638 πάντες
861 558 894 624 οἱ
911 579 1051 645 ψω-
1135 580 1168 625 v.
1181 563 1216 626 ’1.
1231 561 1485 646 cns-idn
1501 559 1613 632 mr
1626 568 1685 650 qui
1705 563 1842 633 αάυααιιό

303 675 428 743 νοῦντες
451 673 515 742 τοῖς
537 663 696 750 γλυπτοῖς,
720 662 750 728 οἱ
764 662 995 751 έγιιαυχόμενοι
1016 662 1051 730 έν
1092 665 1271 748 scamium,
1298 669 1359 752 qui
1379 669 1567 752 clementor
1594 673 1632 738 ie
1654 673 1845 738 simulacris

304 768 651 847 τοῖςείδώλοιςαύπῦν.
829 805 830 808 ¹
1094 770 1176 834 suis.

347 874 392 941 Τὸ
407 873 555 960 γλυπτὸν,
570 875 641 960 ητοι
664 873 716 938 διά
730 873 789 958 την
804 869 902 961 [odero
916 891 1052 958 προσιιυ-
1124 873 1287 956 Sculptile
1298 876 1353 939 vel
1365 881 1500 959 propter
1512 881 1693 944 materiam
1705 879 1846 944 adoran-

300 981 405 1065 νητὸν,
422 980 443 1064 ἢ
460 978 561 1043 διὰτὸ
584 975 786 1063 σχηριαωΚαὶ
801 977 829 1041 εἰ
852 977 908 1062 μέν
923 976 976 1041 διά
989 977 1049 1062 την
1092 975 1174 1040 dum
1197 983 1258 1058 est,
1274 979 1329 1043 vel
1351 983 1487 1061 propter
1508 981 1660 1046 formam.
1678 983 1844 1065 Equidem

300 1084 394 1170 φῦσιν
415 1084 481 1148 ἐστὶ
503 1084 732 1168 προσκυνητόν,
747 1079 927 1167 λεγέτωσαν
949 1080 1001 1146 διὰ
1020 1075 1051 1144 τί
1092 1082 1123 1144 si
1144 1081 1323 1146 colendum
1347 1089 1398 1148 est
1419 1091 1555 1168 propter
1578 1089 1767 1168 materiam,
1794 1088 1844 1150 di-'

302 1189 346 1273 μη
370 1186 485 1264 πάντες
499 1185 530 1250 οἱ
542 1183 621 1250 λίθοι
642 1182 863 1270 προσαυνητοί.
886 1181 926 1249 Εἰ
939 1185 975 1249 δὲ
996 1184 1049 1249 διὰ
1092 1190 1180 1265 cant,
1196 1186 1325 1267 amabe,
1338 1205 1399 1251 our
1410 1206 1478 1252 non
1491 1206 1607 1256 omnes
1624 1190 1753 1272 lapides
1768 1189 1845 1258 ado-

300 1294 360 1378 την
374 1290 498 1376 γλυφὴν
512 1291 547 1354 τό
559 1298 670 1375 σχηγια
685 1289 1048 1374 προσαυνητόν,ιια“ιοόιι
1093 1295 1221 1354 rentur.
1248 1291 1308 1354 Sin
1334 1297 1448 1356 autem
1472 1298 1611 1376 propter
1635 1295 1847 1376 sculpturam

299 1394 438 1481 ἡφύσις,
463 1392 547 1458 ἀλλὰ
568 1401 631 1458 πᾶν
650 1401 762 1478 σχῆμα
785 1391 930 1478 σώματος
952 1413 1049 1477 προσ·
1098 1393 1207 1458 forma
1229 1397 1351 1458 statua
1373 1395 1571 1488 honoranda
1593 1401 1653 1478 est,
1676 1415 1745 1460 non
1766 1415 1847 1462 vero

301 1497 406 1564 δέεται
416 1501 493 1582 πρός
504 1500 540 1562 τό
550 1493 685 1562 εἶναιὉ
696 1497 730 1561 δὲ
743 1495 823 1574 Θεὸς
835 1496 959 1574 οὐδενός
970 1494 1050 1583 χρή·
1094 1498 1136 1562 ob
1148 1503 1316 1579 naturam,
1325 1504 1452 1564 atvero
1468 1502 1577 1566 omnis
1588 1501 1697 1565 forma
1707 1519 1846 1582 corpore

300 1602 348 1682 ζει
367 1604 444 1688 πρός
466 1603 501 1667 τό
524 1601 686 1687 ὑπάρχειν,
710 1602 769 1666 οῦκ
792 1601 855 1685 όρα
877 1602 913 1665 τό
936 1608 1049 1686 σχῆμα
1094 1603 1406 1682 indigetutsubsit.
1423 1605 1589 1669 SedDeus
1600 1607 1745 1670 nullane
1758 1607 1846 1670 indi-

300 1705 399 1784 Θεός·
415 1707 443 1771 εἰ
458 1706 492 1770 δέ
508 1708 551 1793 μη
576 1704 666 1788 Θεὸς,
683 1707 719 1769 οῦ
740 1703 967 1789 προσκυνητόν.
984 1703 1051 1768 Πά-
1093 1711 1162 1788 get,
1175 1709 1214 1770 ut
1230 1708 1366 1772 existat:
1380 1725 1462 1787 ergo
1478 1709 1585 1773 forma
1600 1727 1668 1773 non
1681 1713 1732 1774 est
1742 1711 1843 1774 Deus.

304 1811 354 1876 λιν
367 1821 423 1876 τοῦ
446 1809 609 1897 σχήματος
630 1808 721 1896 γένος
735 1811 757 1895 ἦ
773 1807 917 1893 ποιότης·
935 1817 993 1874 τοῦ
1016 1809 1052 1874 δέ
1094 1811 1129 1874 Si
1141 1827 1208 1873 non
1220 1815 1272 1874 est
1285 1812 1386 1892 Deus,
1401 1812 1535 1876 adorari
1552 1831 1620 1877 non
1636 1814 1744 1882 debet.
1761 1817 1845 1879 Rur-

300 1913 385 1984 Θεοῦ
400 1916 459 1979 οῦκ
472 1914 538 1979 ἐστὶ
549 1912 640 2000 γένος
654 1915 676 2000 ἢ
692 1912 840 1998 ποιότης·
854 1914 916 1976 oda
936 1913 1000 1997 άρα
1014 1915 1051 1977 τό
1093 1932 1152 1978 sus
1164 1915 1200 1977 in
1215 1914 1323 1978 forma
1338 1932 1449 1995 genus
1460 1918 1515 1981 vel
1535 1919 1685 1998 qualitas
1700 1923 1768 1999 est;
1783 1919 1846 1982 Dei

299 2027 413 2106 σχημα
434 2017 524 2095 Θεός.
546 2017 611 2082 Καὶ
631 2018 659 2083 ei
681 2017 738 2102 μὲν
759 2018 795 2083 τό
818 2015 1049 2103 σημαινόμενον
1093 2025 1174 2082 vero
1207 2020 1342 2083 nullum
1375 2025 1427 2084 est
1452 2038 1563 2100 genus
1590 2026 1651 2086 aut
1679 2023 1838 2104 qualitas.

299 2124 361 2189 ὑπὸ
387 2133 443 2188 τοῦ
464 2122 604 2209 γλυπτοῦ
626 2120 749 2208 λέγοιεν
771 2123 850 2187 εἶναι
872 2142 1049 2207 προσνυνη-
1095 2123 1187 2200 Ergo
1209 2123 1347 2186 schema
1368 2125 1441 2188 eive
1464 2125 1571 2190 forma
1586 2142 1654 2190 non
1675 2133 1727 2190 est
1741 2128 1841 2190 Deus.

300 2230 365 2311 τόν,
378 2227 556 2293 εἰπάτωσαν
569 2223 598 2290 τό
609 2227 644 2290 τό
658 2225 900 2312 σημαινόμενον.
912 2224 1052 2310 Πότερον
1095 2224 1189 2300 Quod
1203 2227 1233 2288 si
1250 2227 1336 2291 illud
1359 2228 1449 2308 quod
1463 2246 1523 2309 per
1537 2230 1695 2311 sculptile
1709 2229 1843 2310 signifi-

301 2331 393 2418 σῶμά
408 2332 491 2396 ἐστιν
513 2333 535 2417 ἦ
553 2329 739 2416 άοόιματον;
761 2328 816 2395 καὶ
831 2331 860 2396 el
875 2331 931 2417 μέν
947 2339 1049 2416 σῶμα,
1094 2332 1201 2409 catur,
1212 2346 1285 2393 esee
1295 2333 1394 2395 aiunt
1404 2331 1623 2415 adorandum,
1635 2334 1750 2399 dicant
1760 2334 1843 2416 quid

301 2437 339 2500 οὐ
353 2434 586 2521 προσκυνητόν·
602 2433 691 2499 οὐδέν
702 2435 764 2519 γόιρ
776 2444 837 2500 τῦιν
849 2432 1050 2500 συνεστώτων
1094 2432 1397 2511 sitsignificatum.
1410 2439 1537 2518 corpus
1554 2455 1596 2502 ne
1608 2443 1660 2503 est
1674 2457 1718 2502 an
1734 2441 1842 2503 incor-

300 2539 340 2604 ἐκ
352 2549 413 2605 τῶν
425 2539 585 2624 τεσσάρων
598 2537 760 2624 στοιχείων
768 2541 986 2624 προσαυνητόν
998 2538 1051 2603 διά
1094 2540 1251 2618 porcum?
1266 2539 1432 2619 Equidem
1443 2541 1473 2603 si
1485 2557 1607 2622 corpus
1619 2546 1754 2622 estnon
1766 2541 1845 2606 ado-

299 2645 336 2709 τὸ
352 2645 430 2709 εἶναι
446 2642 592 2729 φθαρτόν.
612 2642 652 2709 El
674 2643 709 2709 δέ
724 2642 893 2730 ἀσώματον
915 2641 1047 2727 λέγοιεν,
1094 2641 1249 2705 randum.
1265 2643 1357 2706 Nihil
1373 2645 1464 2708 enim
1487 2645 1682 2710 adoratione
1697 2647 1843 2726 dignum

251 2800 252 2804 ,
298 2747 394 2815 πάλιν
408 2748 568 2834 ἐρώτησον
582 2747 715 2834 πότερον
736 2749 804 2833 έχει
819 2755 932 2832 γνῶσιν
954 2748 1052 2834 ἢοῦιι
1098 2763 1140 2808 ex
1156 2745 1309 2810 conflatis
1332 2748 1469 2812 rebusa
1490 2751 1635 2830 quatuor
1658 2751 1845 2832 elementis,

300 2854 378 2940 ἔχει.
401 2851 467 2917 Καὶ
482 2852 511 2916 εἰ
525 2853 582 2937 γιέν
597 2854 665 2939 ἔχει
678 2860 802 2937 γνῦσιν,
814 2850 983 2936 πεποίηται
995 2853 1051 2915 παὶ
1094 2849 1176 2928 quia
1198 2850 1420 2931 corruptibile
1436 2854 1496 2915 est.
1520 2853 1579 2915 Sin
1594 2857 1709 2917 autem
1732 2855 1842 2919 incor-

299 2957 429 3023 διπλοῦν
443 2957 538 3023 ἐστιν.
551 2955 591 3022 Εἰ
602 2957 637 3021 δὲ
648 2957 787 3038 διπλοῦν,
799 2957 837 3020 οὐ
851 2954 942 3033 Θεός.
954 2955 1051 3022 Ἰδιον
1096 2970 1236 3033 porcum
1252 2955 1375 3037 dicant,
1399 2958 1523 3021 iterum
1546 2963 1783 3040 percunctator
1804 2979 1843 3023 u·

298 3064 361 3149 γάρ
385 3061 468 3130 Θεοῦ
483 3059 505 3146 ἡ
522 3059 673 3145 ἁπλότης.
697 3061 737 3126 El
752 3062 787 3126 δέ
807 3062 867 3127 οὐκ
881 3061 949 3147 ἔχει
970 3069 1050 3145 γνω-
1095 3061 1188 3121 trum
1203 3059 1326 3123 habeat
1341 3062 1582 3141 cognitionem,
1594 3080 1656 3126 nec
1673 3081 1726 3126 ne.
1742 3064 1776 3127 Si
1788 3081 1843 3127 co-

302 3185 361 3245 σιν,
378 3163 495 3250 τυφλόν
518 3164 593 3246 ἐστι,
611 3165 708 3250 μηδὲν
730 3163 946 3249 ἐπιστάμενον.
961 3163 1002 3229 Ei
1016 3164 1051 3229 δέ
1097 3163 1289 3240 gnitionem
1297 3164 1409 3246 habet,
1418 3164 1586 3250 conflatur
1600 3171 1634 3230 et
1644 3167 1769 3249 duplex
1781 3171 1843 3232 eet.

214 3267 223 3290 ‘
299 3265 488 3354 αῦτόγνωοός
508 3268 583 3350 ἐστι,
606 3266 785 3354 λεγέτωσαν
800 3277 867 3345 πῦς
887 3277 1000 3355 σχῆμα
1013 3271 1050 3333 τό
1076 3268 1131 3330 -Si
1143 3267 1277 3348 duplex,
1290 3271 1739 3351 noneetDeus.Simplicitas
1751 3273 1842 3335 enim

303 3377 337 3441 έν
353 3383 396 3460 τῷ
410 3371 486 3458 λίθῳ
502 3371 656 3460 σόρόολόν
671 3375 739 3440 ἔστι
752 3372 906 3460 γνώσεως.
1097 3374 1150 3436 est
1171 3372 1241 3435 Deo
1263 3373 1454 3454 peculiaris.
1471 3376 1566 3450 Quod
1588 3377 1618 3438 si
1638 3376 1843 3454 cognitionis

1098 3479 1218 3556 expers
1234 3481 1295 3556 est,
1311 3494 1441 3541 coecum
1456 3478 1542 3543 illud
1562 3484 1623 3560 est,
1642 3497 1752 3561 neque
1775 3498 1843 3545 non

1095 3578 1213 3641 nescit.
1225 3579 1260 3642 Si
1272 3584 1386 3643 eutem
1402 3582 1476 3662 ipsa
1488 3583 1639 3662 cognitio
1654 3601 1714 3666 per
1729 3603 1765 3648 se
1780 3589 1841 3664 est,

1094 3682 1209 3748 dicant
1223 3686 1389 3766 quomodo
1411 3667 1519 3750 iorma'
1534 3705 1610 3768 quae
1629 3689 1666 3752 in
1680 3705 1762 3752 saxo
1779 3693 1840 3769 est,

609 3809 612 3816 ·
627 3870 631 3882 ι
1096 3787 1143 3850 sit
1157 3788 1349 3870 symbolum
1364 3790 1580 3868 cognitionis.
1608 3771 1624 3800 '

344 3913 376 3958 ν.
394 3895 445 3958 11.
462 3891 537 3970 Φῶς
552 3890 753 3978 ἀνάτειλετῷ
768 3887 890 3974 δικαίη.
1137 3910 1169 3954 ν.
1188 3893 1238 3955 11.
1256 3895 1330 3956 Luc
1343 3894 1587 3978 ortcesijasto.

344 3995 446 4062 Ἐπόιν
462 3995 574 4080 σπεέρη
591 3994 692 4082 ἑαυτῷ
708 3997 751 4073 εἰς
766 3993 967 4078 δικαιοσύνην
978 4011 1050 4076 τρυ-
1138 3993 1277 4069 Quando
1299 3997 1435 4076 spargit
1461 3996 1526 4061 sibi
1548 4014 1665 4061 semen
1691 3999 1727 4062 in
1745 3997 1847 4078 iusti·

300 4099 404 4186 γήσας
419 4103 560 4185 καρποὺς
575 4101 659 4186 ζωῆς
670 4101 725 4164 καὶ
736 4097 855 4185 φωτέση
869 4097 971 4184 έαυτῷ
983 4077 1062 4182 φῶς
1092 4097 1187 4178 tiam,
1203 4101 1333 4180 metens
1350 4099 1481 4164 lruotus
1492 4099 1644 4180 justitia,
1663 4106 1696 4165 et
1710 4102 1845 4183 quando

298 4204 454 4292 γνώσεως,
471 4214 536 4290 φῶς
551 4203 717 4271 ἀνατέλλει
732 4213 776 4291 τῷ
791 4201 912 4289 δικαίῳ.
1094 4199 1238 4265 effundit
1259 4202 1324 4266 sibi
1347 4203 1463 4267 lumen
1486 4206 1649 4288 scientia,
1672 4207 1733 4270 lux
1751 4205 1846 4286 justo

685 4301 690 4312 '
1072 4305 1212 4369 oritur.

333 4540 362 4580 v.
372 4522 398 4578 l.
408 4520 475 4580 Vct.
486 4522 511 4577 5.
519 4519 637 4579 Veteris
646 4519 737 4576 habes
747 4517 925 4593 apologetici
933 4517 1050 4590 insigne
1092 4517 1228 4592 positam,
1241 4517 1381 4590 stolaque
1393 4515 1487 4572 instar
1498 4515 1623 4590 publicae
1636 4516 1790 4590 sculptam.

298 4613 331 4664 et
338 4624 496 4665 nervosum
503 4607 710 4678 fragmentum,
721 4606 838 4662 omnino
848 4621 1050 4662 novumznam
1127 4619 1159 4670 ν,
1180 4602 1222 4657 11.
1235 4601 1303 4657 Vat
1321 4603 1349 4658 4.
1368 4601 1485 4658 Scholio
1503 4603 1598 4659 lucem
1614 4601 1693 4659 forte
1710 4601 1847 4659 attulerit

298 4695 407 4751 neulla
418 4693 537 4766 quidem
548 4693 868 4768 syllabaquodeciam,
880 4691 1000 4748 transiit
1012 4691 1051 4748 ad
1092 4689 1175 4744 locos
1194 4688 1287 4760 Ocea,
1306 4688 1345 4744 ad
1367 4705 1454 4760 qoem
1472 4689 1629 4762 respicitur
1648 4709 1679 4762 x,
1702 4689 1743 4760 13,
1759 4689 1848 4762 juxta

298 4779 447 4837 studiosos
460 4779 597 4853 Origenie
614 4781 735 4837 mmulos
753 4786 785 4836 et
801 4779 975 4851 imitatores,
987 4779 1050 4853 pla·
1095 4793 1174 4836 nxx:
1199 4779 1327 4844 ῦιαιρατι
1348 4779 1453 4844 έαυτοῐς
1471 4781 1508 4844 εἰς
1529 4781 1703 4846 δικαιοσύνην,
1726 4779 1763 4843 ῦς
1785 4795 1846 4845 τρυ-

299 4865 411 4937 giarios
422 4883 481 4922 non
493 4866 592 4938 semel,
606 4864 696 4922 etiem
707 4866 740 4921 in
757 4865 896 4921 minimis.
908 4863 991 4920 Adeo
1004 4879 1050 4918 eo·
1093 4865 1196 4932 γηοατι
1208 4867 1245 4930 εἰς
1257 4865 1361 4931 καρπόν
1373 4867 1452 4932 ζωῆς,
1468 4869 1599 4931 cocleare
1611 4867 1721 4931 όαυτοὺς
1737 4867 1776 4930 τις
1788 4867 1846 4932 φῶς

297 4951 367 5008 lerti
378 4953 550 5027 compagine
559 4952 739 5009 construitur
749 4952 854 5008 horum
864 4954 1050 5022 argumento·
1093 4953 1226 5021 γνώσεως.
1243 4949 1289 5006 cf.
1301 4949 1381 5006 infra
1391 4949 1443 5006 Pe.
1457 4967 1560 5021 exem,
1573 4949 1599 5022 2,
1612 4949 1718 5024 quibus
1735 4954 1766 5005 et
1778 4948 1844 5005 Ori·

299 5055 366 5095 rom
377 5039 562 5112 syllogistica
579 5039 680 5110 series,
693 5045 728 5095 ut
739 5056 805 5096 eam
821 5037 909 5094 facile
921 5035 1051 5092 credide-
1094 5053 1186 5108 genes
1204 5036 1262 5093 eibi
1274 5035 1439 5094 consentire
1456 5036 1614 5108 invenitur,
1630 5041 1660 5094 et
1672 5041 1775 5094 neema
1786 5034 1846 5094 ein·

304 5123 361 5180 rim
379 5123 471 5181 fuisse
489 5123 521 5182 in
539 5124 639 5182 schole
651 5124 853 5183 Alexandrina
870 5121 924 5179 sub
942 5122 1052 5180 hedera
1094 5138 1163 5180 cere
1176 5136 1241 5179 esee
1254 5121 1471 5179 confirmantur.
