4008 6094
810 429 852 492 IN
876 427 1067 493 Psllucs
1667 435 1707 498 13

163 565 238 632 ούδὲ
252 564 346 632 τόπον
361 565 572 652 ἑνῷἐοτόιναι
586 566 726 651 ἐδόκουν,
741 567 913 654 δεδύνημαι
956 572 1084 650 volens,
1109 571 1274 653 intuebor,
1299 592 1361 639 nec
1383 559 1494 640 locum
1518 581 1621 642 etism
1644 582 1704 645 ubi

162 672 275 756 εύρτῖν,
289 671 367 736 δττου
382 673 444 758 γὰρ
459 672 498 748 ἂν
513 674 607 750 αὐτὸς
620 671 763 758 παρέλθῃ
777 692 785 709 ·
799 670 909 737 καθαι-
958 679 1047 738 sture
1074 692 1153 738 eum
1182 676 1290 756 rebar,
1320 679 1416 743 valui
1445 682 1608 763 invenire,
1638 701 1708 766 que

162 785 216 860 ρεῖ
225 784 288 840 πᾶν
302 776 419 861 ὕψωμα
441 775 647 863 ἐπαιρόμενον
661 779 745 842 κατὰ
759 785 816 860 της
830 773 909 860 γνύ-
960 794 1081 859 nempe
1105 779 1176 860 ipse
1199 782 1388 862 transierit5
1407 783 1559 848 destruet
1573 801 1707 850 omnem

160 900 242 956 σεας
257 887 312 944 τοῦ
328 879 421 945 Θεοῦ.
431 918 472 928 -
483 879 537 967 Μὴ
550 881 635 966 εἰδῇς
650 883 752 946 αὐτῶν
768 882 826 967 την
840 882 912 965 εύη-
957 881 1173 945 altitudinem
1185 883 1394 948 attollentem
1407 904 1443 950 se
1459 890 1576 951 contre
1587 891 1706 954 Deum.

162 981 282 1067 μερύαν,
305 982 390 1048 ἀλλὰ
404 983 590 1070 πρόσμεινον
605 987 640 1049 τὸ
655 983 755 1069 τέλος,
772 987 826 1049 καὶ
841 986 912 1070 tter
959 1019 997 1028 -
1014 985 1089 1047 Noli
1112 1001 1228 1049 eorum
1249 989 1420 1069 suspicere
1439 993 1707 1074 prosperitatem,

161 1089 219 1153 τόν
232 1086 371 1172 όλεθρον.
955 1088 1014 1152 sed
1037 1093 1176 1169 expects
1191 1088 1304 1169 finem,
1320 1095 1355 1154 et
1368 1093 1499 1157 ridebis
1514 1095 1701 1160 interitum.

206 1211 238 1256 ν.
256 1193 309 1256 37.
325 1189 391 1257 Καὶ
405 1191 452 1256 ἴδε
468 1190 631 1277 εὐθύτητα.
999 1209 1031 1254 ν.
1056 1193 1108 1255 37.
1131 1193 1177 1256 Et
1197 1191 1268 1256 cide
1289 1196 1479 1274 equitatem.

207 1293 272 1360 Τό·
294 1294 361 1360 Καὶ
380 1296 429 1362 ῐδε
452 1295 615 1381 εὐθύτητα,
639 1295 708 1362 ἀντὶ
723 1305 779 1362 τού
793 1317 801 1334 ·
816 1295 913 1382 Ὀψει
1001 1295 1091 1359 Illud
1101 1299 1133 1358 et
1142 1293 1214 1358 cide
1227 1297 1417 1378 equitatem,
1434 1299 1523 1362 idem
1535 1307 1586 1366 est
1603 1307 1707 1386 atque

166 1395 333 1482 εὐθύτητα.
957 1399 1088 1463 videbis
1110 1400 1316 1480 equitatem.

197 1553 226 1594 v.
239 1535 363 1607 suras.
376 1537 401 1591 s.

724 1700 893 1778 Pculmus
918 1693 1140 1775 XXXVII.

206 1911 238 1958 v.
257 1897 286 1976 l,
303 1895 333 1959 2.
349 1893 485 1980 Ψαλμδς
506 1901 551 1979 τῷ
566 1891 660 1959 Δαυὶδ
676 1894 720 1970 εἰς
736 1892 910 1979 ἀνάμνησιν
998 1911 1031 1954 ν.
1045 1894 1074 1956 l.
1087 1890 1174 1974 [vide
1187 1890 1222 1953 in
1233 1896 1324 1955 tomo
1335 1894 1508 1974 superiore
1519 1914 1551 1977 p.
1564 1899 1648 1982 335).
1661 1935 1698 1944 -

160 2000 233 2082 περὶ
257 1997 425 2064 οαόόύτου.
442 2035 484 2046 -
499 1996 606 2082 Κύριε,
632 1998 675 2083 μὴ
692 2005 735 2083 τῷ
750 1996 842 2082 θυμῷ
854 2017 912 2060 σου
998 1997 1037 2058 V.
1061 1996 1092 2058 2.
1109 1995 1267 2059 Dominus
1280 1995 1703 2086 usufructuarium

161 2101 294 2188 ἐλέγξῃς
318 2124 365 2188 με,
394 2102 475 2189 μηδὲ
501 2112 540 2188 τῇ
565 2105 644 2190 ὀργῇ
661 2124 718 2168 σου
740 2100 911 2184 παιδεύσῃς
942 2115 1013 2178 me,
1038 2115 1138 2180 stupere
1158 2101 1196 2164 iu
1216 2101 1271 2164 irc
1293 2104 1351 2164 trec
1371 2101 1532 2182 corripias
1553 2121 1612 2170 me.

162 2210 463 2397 μεΠζζεύξΐῖύμῙός
487 2310 505 2375 ό
519 2309 646 2396 Κύριος,
669 2311 714 2388 εἰς
736 2308 912 2396 ἀνάμνησιν
999 2305 1144 2387 corripit
1157 2325 1217 2372 nos
1228 2308 1403 2389 Dominus,
1420 2327 1527 2392 quum
1539 2314 1703 2378 virtutem

162 2415 249 2500 ἄγων
260 2423 318 2500 της
331 2413 465 2500 ύρετης·
479 2415 497 2480 ό
509 2415 544 2479 δὲ
559 2417 647 2502 ἅγιος
659 2416 696 2480 ού
711 2416 764 2480 τόν
778 2413 911 2500 ἔλεγχον
956 2409 992 2472 in
1007 2411 1171 2474 memorie
1186 2411 1326 2476 reducit.
1343 2413 1486 2478 Sanctus
1501 2421 1617 2480 sutem
1635 2435 1704 2483 non

208 2625 403 2689 Rurrucsiu
412 2642 441 2689 α
456 2626 485 2688 2.
496 2625 610 2688 sciens
621 2623 785 2706 prophete
796 2640 913 2704 quem·
957 2618 1073 2682 volens
1088 2619 1186 2699 qussi
1209 2619 1319 2683 homo'
1332 2637 1392 2702 pro
1415 2621 1546 2686 delictis
1569 2625 1706 2704 quidem

159 2714 328 2796 plurimes
354 2731 427 2778 esse
450 2713 657 2778 differentias
679 2712 858 2791 arguendi,
881 2715 916 2776 et
958 2708 1070 2786 argui,
1097 2725 1219 2772 verens
1246 2714 1361 2774 sutem
1388 2726 1430 2774 ne
1453 2713 1604 2790 graviori
1627 2731 1709 2795 pon·

193 2903 244 2958 Ps.
259 2919 380 2961 xxxrrr.
401 2901 501 2958 Laetor
522 2901 554 2956 in
572 2900 627 2958 hoc
645 2902 758 2976 psalmo
774 2899 914 2972 contigis-
958 2896 1036 2962 dum,
1054 2898 1073 2966 ἡ
1090 2898 1219 2964 ἀκρόασις
1235 2897 1419 2966 audimur,
1440 2902 1622 2970 ηύπόττωας
1642 2920 1708 2974 pro-

158 3005 191 3045 se
205 2987 280 3044 mihi
296 2987 375 3044 idem
391 2988 469 3059 quod
487 2987 642 3045 Gallsndio
660 2987 692 3043 in
709 2987 861 3060 superiori,
878 2992 913 3042 ut
956 2985 1177 3055 sumentium
1196 2989 1316 3052 ούσταας
1334 2989 1551 3059 conuiuatum,
1570 2987 1626 3062 qui
1638 3009 1706 3064 pro·

156 3073 222 3130 bini
233 3072 340 3146 psalmi
351 3072 414 3129 fere
431 3091 468 3129 ex
477 3073 593 3146 integro
604 3091 699 3146 graece
709 3073 912 3144 restituuntur,
955 3069 1035 3127 xime
1043 3071 1220 3128 accedebant
1232 3073 1270 3128 sd
1282 3073 1418 3129 ultimum
1429 3075 1561 3148 gradum,
1574 3082 1592 3148 η
1605 3081 1707 3147 pterim

160 3166 193 3216 st
205 3177 303 3231 grecos
314 3159 421 3214 mirum
433 3159 465 3216 in
477 3161 596 3218 modum
607 3161 676 3218 hinc
689 3167 720 3218 et
728 3161 797 3217 inde
808 3161 912 3216 confir·
955 3161 1008 3212 τῶν
1028 3162 1206 3228 spueretur,
1226 3163 1245 3229 η
1265 3163 1406 3228 mistum,
1425 3161 1489 3219 sive
1507 3166 1707 3220 cmuummotio

158 3251 279 3300 mentor
290 3261 309 3299 s
327 3243 435 3299 Rufino
455 3244 625 3320 interprete.
644 3247 730 3304 Unde
750 3238 840 3303 stiim
857 3263 912 3303 css·
955 3246 1210 3301 eoesmuntcautium
1221 3245 1292 3319 (lor.
1303 3249 1366 3302 ecel.
1376 3249 1507 3305 Graecor.
1521 3259 1541 3307 t.
1555 3269 1575 3321 1,
1588 3270 1616 3325 p.
1630 3253 1705 3325 566).

156 3331 232 3387 teris
243 3330 364 3386 scholiis
382 3331 534 3388 anecdotis
547 3334 579 3390 in
592 3333 648 3388 heo
659 3333 775 3407 prolixe
791 3332 911 3389 restitu·
990 3350 1018 3389 ν.
1029 3331 1054 3385 1.
1064 3332 1177 3387 Praeter
1188 3338 1235 3388 set
1251 3333 1421 3407 smplsjsm
1430 3336 1501 3392 dete
1516 3343 1537 3392 t.
1550 3354 1575 3394 11
1587 3337 1606 3393 l.
1616 3339 1635 3393 l.
1645 3339 1707 3394 fru-

156 3417 240 3473 tions
260 3417 355 3488 major
376 3417 491 3473 secedit
511 3419 680 3475 auctoritas.
700 3419 772 3487 Quae
794 3417 912 3489 quidem
955 3423 1019 3473 stre
1033 3418 1156 3490 quesivi
1167 3419 1266 3490 plures
1278 3421 1418 3492 reliquiss
1431 3423 1541 3480 veteris
1554 3423 1708 3482 seniorum

157 3523 249 3561 ceusu
268 3503 336 3574 fuit,
357 3522 408 3560 our
426 3523 484 3562 non
503 3506 652 3561 omiserim
669 3505 759 3562 toties
771 3505 912 3562 Rufinum
954 3504 1165 3574 commentarii,
1184 3522 1271 3577 quem
1288 3507 1373 3563 doleo
1392 3507 1524 3581 deficere,
1542 3509 1620 3567 inter
1637 3512 1705 3582 slis,

156 3608 315 3660 accersere,
328 3591 442 3662 quoties
460 3609 526 3647 cum
537 3593 648 3648 nostris
666 3599 767 3666 aperte
784 3592 911 3648 cohaere-
954 3590 986 3646 in
997 3609 1026 3648 ν.
1039 3593 1088 3646 21:
1102 3591 1265 3660 Adjecerunt
1281 3608 1323 3648 me
1341 3598 1473 3664 όαντραααε
1490 3602 1626 3652 mortuum
1643 3613 1707 3652 con·

156 3677 218 3733 bst
227 3679 315 3734 Hunc
323 3680 468 3751 psalmum
476 3697 538 3752 pree
548 3679 663 3735 certeris
673 3679 819 3753 placuisse
830 3679 910 3738 sviu-
955 3681 1091 3749 murm.
1108 3677 1157 3732 Ad
1173 3678 1338 3734 srchsiesm
1355 3695 1443 3750 quum
1459 3681 1586 3738 diximus
1604 3701 1705 3756 proso-

156 3770 229 3821 cunt
239 3771 348 3838 prester
359 3764 461 3820 Rufini
478 3783 562 3821 cures
581 3771 612 3822 st
629 3767 768 3840 opulente
786 3766 909 3822 Ostens-
952 3762 1099 3836 popueism
1120 3763 1262 3836 Origenes
1284 3781 1398 3836 quoque
1416 3765 1534 3822 ridetur
1555 3769 1702 3841 respicere

156 3869 224 3906 rum
235 3851 410 3923 fragments,
428 3851 486 3906 duo
503 3851 548 3906 illi
566 3857 682 3909 veteres
699 3851 908 3922 commentarii,
951 3847 984 3904 in
1001 3865 1029 3906 r.
1046 3849 1073 3904 8.
1091 3879 1125 3890 —
1143 3847 1200 3904 Sed
1217 3855 1341 3923 prestet
1357 3851 1479 3907 ulterius
1501 3854 1704 3911 commentarii

156 3954 282 4009 quorum
292 3955 369 3993 unus
381 3937 412 3992 in
429 3943 509 3992 tomo
528 3937 678 4011 superiore
695 3937 801 3992 merito
820 3937 908 3993 detur
952 3935 1085 3991 ordinem
1106 3935 1197 4007 sequi,
1219 3955 1286 3992 cum
1310 3937 1420 3993 nostris
1438 3939 1566 4012 scholiis,
1585 3941 1706 3998 sdrnots

157 4021 329 4078 Senioribus
341 4021 557 4094 Alexandrinis,
570 4029 601 4078 et
612 4024 688 4080 ulter
697 4023 908 4097 nuncprimum
951 4022 1039 4078 simul
1050 4023 1129 4078 inter
1145 4024 1273 4080 eundum
1289 4025 1392 4083 Rufini
1407 4025 1653 4102 interpretatione
1668 4047 1706 4086 ex

158 4107 334 4164 efferendus.
356 4108 443 4164 Prior
459 4109 599 4164 sudscem
616 4114 647 4165 et
664 4108 848 4183 splendidum
865 4117 907 4166 te-
952 4109 1030 4166 eerie
1043 4109 1190 4166 continue.

157 4195 226 4251 xuit
236 4195 477 4269 prosopopceicm,
490 4211 548 4266 qus
557 4201 638 4252 totus
650 4196 780 4268 psshnus
790 4195 908 4252 Christo
984 4195 1009 4251 Ι.
1022 4213 1050 4252 ν.
1064 4196 1088 4250 1.
1100 4198 1134 4250 Ἡ
1145 4198 1330 4264 πρόοαλαοατς.
1348 4197 1385 4254 In
1402 4199 1532 4268 exordio,
1550 4199 1705 4256 catechesis

159 4281 287 4356 patienti
299 4287 329 4338 et
340 4282 472 4354 loquenti
482 4287 608 4355 aptetur.
618 4282 655 4337 In
664 4281 834 4355 posteriore,
844 4283 908 4339 sive
951 4281 1098 4356 penditur,
1110 4288 1145 4340 ut
1157 4284 1364 4355 nosocomium,
1376 4284 1460 4357 cujus
1478 4285 1639 4342 archiater
1658 4291 1706 4342 est

158 4369 296 4440 Origenis
317 4370 414 4442 smplo
431 4368 648 4439 commentario,
667 4368 836 4425 extenditur
852 4372 907 4438 διη-
951 4367 1094 4440 Christus,
1107 4369 1213 4426 medici
1224 4388 1296 4427 vero
1309 4371 1454 4444 discipuli,
1463 4374 1571 4429 Petrus
1584 4379 1615 4429 et
1624 4371 1701 4430 Peu-

156 4475 234 4526 γηας
245 4455 282 4512 de
293 4457 391 4513 reditu
402 4456 440 4512 sd
458 4455 609 4511 Christum
624 4472 677 4528 per
695 4455 907 4528 poenitentisrn,
950 4457 1006 4526 lus,
1020 4460 1050 4512 et
1061 4456 1220 4530 prophetie,
1233 4463 1264 4514 et
1281 4457 1381 4514 caeteri
1398 4465 1467 4532 post
1485 4459 1634 4531 apostolos
1651 4476 1703 4532 po·

159 4542 225 4616 ipso
237 4548 327 4600 teste:
341 4549 468 4612 διηγεῖται
485 4547 530 4596 ἀπ’
548 4546 634 4612 ἀρχῆς
652 4545 686 4596 δα
701 4547 749 4597 τού
766 4544 908 4609 σχολάζειν
951 4542 1003 4599 siti
1014 4542 1046 4597 in
1058 4542 1198 4612 Ecclesia,
1216 4543 1322 4615 quibus
1338 4544 1533 4600 curandorum
1550 4545 1704 4602 uulnerum

158 4637 193 4699 τῇ
203 4635 337 4700 μετανοίᾳ,
347 4646 381 4684 sc
393 4629 456 4685 fere
466 4646 503 4685 ex
513 4629 615 4684 ordine
625 4627 829 4686 describuntur
838 4646 908 4701 que·
951 4629 1107 4703 discipline
1119 4629 1275 4708 commisse
1286 4635 1340 4686 est.
1358 4630 1475 4686 Titulus
1492 4631 1599 4704 psslmi
1617 4632 1646 4686 in
1658 4639 1702 4688 re-

157 4714 907 4787 tuorestechumenorumclssses,quslesessdistin-
952 4716 1139 4772 cordatiorem
1147 4721 1706 4790 rocetnosomnespeocstores,utme·

156 4801 203 4858 xit
215 4802 376 4876 discipulus
388 4803 523 4876 Origenis
536 4803 697 4875 Gregorius
714 4803 907 4858 i'heumstur·
951 4801 1123 4860 usinerimus
1135 4801 1206 4872 quid
1219 4802 1323 4872 dicere,
1342 4801 1413 4873 quid
1429 4801 1527 4859 fecere
1539 4802 1705 4875 debeamus,

155 4906 221 4961 gus,
233 4890 266 4946 in
278 4891 403 4964 epistole
414 4891 553 4946 cunonics
565 4907 631 4962 ques
643 4889 697 4945 sub
711 4888 775 4961 ejus
790 4889 908 4944 nomine
952 4887 1030 4943 unde
1047 4887 1191 4943 medelum
1208 4905 1427 4960 consequemur.
1441 4919 1475 4930 —
1485 4889 1618 4946 Flentium
1635 4895 1706 4946 ente

156 4977 370 5034 circumfertur.
394 4976 426 5034 Si
450 4977 516 5050 quis
538 4977 617 5033 enim
637 4973 784 5049 pleniores
805 4974 907 5031 Rufini
951 4973 1057 5044 omnis,
1069 4977 1101 5030 et
1111 4980 1216 5030 moeste
1227 4975 1376 5044 erundum,
1385 4992 1424 5031 ne
1434 4992 1499 5030 oum
1509 4974 1554 5031 irs
1564 4981 1594 5032 et
1605 4975 1706 5032 furore

155 5063 293 5121 homilias
301 5063 417 5136 legerit,
429 5063 516 5120 focile
525 5064 638 5119 menits
648 5060 846 5135 deprehendet
855 5059 906 5116 hs·
953 5060 1154 5134 corripiemur.
1166 5061 1261 5133 Argoi
1272 5061 1322 5118 vel
1334 5061 1442 5135 corripi
1455 5069 1502 5119 est
1520 5061 1629 5118 doloris
1644 5079 1705 5134 poe-

157 5151 220 5210 bite
232 5151 271 5210 sd
283 5157 409 5226 quatuor
422 5151 538 5220 classes,
552 5149 616 5208 sive
627 5154 645 5220 η
656 5151 831 5219 spere-locus
840 5148 907 5220 fleu·
951 5166 998 5206 ns.
1011 5147 1053 5208 Ut
1064 5164 1138 5223 puer
1149 5166 1168 5206 ε
1179 5147 1342 5223 paedsgogc
1360 5155 1521 5223 correptus,
1539 5149 1584 5206 ite
1601 5155 1632 5206 et
1649 5165 1705 5206 nos
