4036 6090
808 440 852 504 m
874 441 1061 506 asianos
1481 527 1485 533 ,
1654 442 1712 504 131

167 577 230 662 γὰρ
252 575 446 642 κατενώπιον
468 575 636 664 βλέποντες
658 585 714 643 τοῦ
737 577 830 662 Θεοῦ,
861 582 916 644 καί
959 586 1142 665 conspectu
1170 585 1232 648 Dei
1256 585 1445 663 intuentur,
1474 586 1509 647 et
1535 599 1649 648 coram
1676 599 1716 645 eo

168 679 391 766 παριστάμενοι
404 681 500 766 αὐτῷ,
516 683 553 746 οὐ
568 681 793 766 πατάσοονται,
809 682 916 749 ἀλλ’δ-
960 691 1083 767 astant,
1106 705 1173 752 non
1204 687 1452 769 percutiuntur.
1484 687 1548 752 Sed
1574 687 1712 769 quando

168 803 226 848 ταν
239 782 376 870 τιςφύγη
389 786 443 849 τὸν
455 783 547 867 Θεὸν,
559 783 630 850 τότε
642 787 847 871 πατάσσεται,
863 790 918 854 καί
962 792 1038 873 quis
1051 793 1160 860 Deum
1171 790 1272 872 fugit,
1286 795 1368 854 tunc
1384 791 1576 871 percutitur
1589 812 1598 872 ς
1614 794 1719 871 atque

168 886 431 972 pertentatam
447 887 490 954 ὢν
508 887 708 956 τῶνοίκείων
730 891 918 979 άμαριημά-
962 912 1070 975 quum
1087 911 1154 958 non
1173 896 1300 958 sentiat
1317 895 1454 976 propria
1468 897 1616 975 peccata,
1638 911 1713 976 por-
1813 959 1816 976 ¹

166 1011 239 1074 των,
255 992 324 1056 εἶτα
338 990 520 1071 ὀνειδίζεται
529 995 616 1078 παρὰ
630 1003 685 1059 τοῦ
702 993 846 1074 θέλοντος
864 996 918 1061 αὐ-
962 1017 1000 1063 rc
1014 1000 1145 1081 probris
1158 1000 1256 1062 illum
1269 999 1417 1077 incessit,
1429 998 1490 1079 qui
1501 998 1578 1060 vult
1589 1014 1668 1060 eum
1680 997 1716 1059 in

167 1097 221 1161 τὸν
243 1095 288 1174 είς
311 1096 504 1184 ἐπιστροφήν
528 1099 634 1183 ἄγειν·
659 1098 838 1185 μετανοήσῃ
862 1102 917 1164 καί
963 1105 1220 1170 conversionem
1235 1103 1411 1182 reducere;
1424 1101 1588 1182 poenitcat
1604 1105 1638 1164 et
1653 1117 1713 1180 pu-

170 1199 336 1287 αἰσχυνθῇ,
353 1200 561 1288 ἀναίσχυντος
576 1201 619 1268 ὢν
630 1205 666 1268 τδ
678 1202 838 1289 πρότερον,
852 1205 921 1290 ἅμα
964 1207 1043 1270 dest
1065 1224 1154 1286 enm,
1178 1208 1239 1289 qui
1262 1208 1358 1288 prius
1385 1208 1459 1270 sinc
1486 1204 1614 1286 pudore
1638 1203 1713 1284 fuit,

167 1326 204 1370 τε
215 1304 334 1392 ήρξατο
346 1304 529 1386 δνειδίξεινδ
541 1305 667 1392 Κύριος,
676 1310 731 1372 καί
743 1307 916 1373 ἐπαύσατο.
962 1315 997 1374 et
1011 1313 1127 1375 statim
1143 1316 1182 1374 ut
1196 1311 1362 1374 Dominus
1375 1309 1524 1390 incoepit
1539 1309 1714 1388 increpare

170 1408 248 1476 Ἐὰν
264 1409 299 1474 δέ
315 1410 358 1495 μὴ
376 1408 567 1495 μετανοήοη,
583 1419 725 1494 τηρεῖται
748 1412 832 1498 αὐτῷ
855 1412 872 1476 δ
888 1414 919 1477 δ-
962 1433 1051 1494 eum,
1067 1419 1101 1478 et
1116 1419 1232 1504 postea
1242 1415 1421 1495 requievit.
1435 1415 1494 1476 Sin
1506 1418 1622 1476 autem
1634 1429 1713 1478 enm

167 1513 319 1599 νειδισμδς
345 1515 400 1578 καί
427 1513 478 1578 ἐπὶ
502 1516 561 1600 τήν
588 1514 769 1580 ἀνάστασιν.
788 1554 829 1564 -
853 1515 919 1582 Καί
964 1519 1251 1600 nonpoenituerit‚
1267 1518 1460 1582 convicium
1474 1518 1505 1580 ei
1518 1517 1714 1594 adhaerebit,

166 1617 304 1698 ἐπάταξε
320 1617 390 1683 κτλ.
403 1617 505 1683 Τοῦτό
518 1639 623 1704 φησιν,
636 1618 688 1684 διὰ
699 1621 735 1684 τὸ
746 1617 918 1698 Ἀζωτίους
966 1627 1000 1686 et
1015 1640 1125 1704 usque
1147 1623 1190 1685 ad
1212 1623 1506 1686 resurrectionem.
1525 1653 1563 1665 -
1580 1621 1626 1684 Et
1637 1637 1715 1700 per·-

167 1725 222 1789 καί
236 1721 476 1801 Ἀσκαλωνίτας
498 1724 542 1800 είς
565 1724 606 1788 τά
625 1720 724 1788 ὀπίσω
747 1731 804 1809 της
827 1723 920 1809 ἕδρας
965 1728 1069 1794 cuent
1082 1731 1145 1790 ete.
1162 1729 1232 1790 Hoc
1248 1726 1335 1789 dixit
1357 1726 1399 1789 ob
1414 1726 1545 1789 Asotios
1562 1728 1596 1787 et
1618 1725 1718 1786 Asca-

151 1825 316 1910 -πατάξαι,
334 1827 426 1912 ἄχρις
450 1827 487 1892 σθ
507 1829 567 1913 τήν
588 1826 722 1913 κιβωτὸν
744 1826 922 1908 έξαπέστει-
966 1832 1101 1909 lonitas,
1118 1833 1178 1911 qni
1194 1830 1332 1894 natibus
1344 1829 1496 1911 percussi
1507 1830 1598 1907 sunt,
1612 1827 1719 1891 donec

170 1929 240 1996 λαν.
969 1953 1082 2000 arcam
1099 1935 1301 1998 remiserint.

724 2215 894 2294 Psalmus
919 2212 1162 2294 LXXVIII.

167 2535 168 2540 ¹
214 2529 246 2572 v.
262 2509 293 2572 2.
309 2507 442 2574 Ἐθεντο
458 2511 498 2574 τά
517 2507 694 2595 θνηοιμαῖα
716 2516 778 2574 τῶν
801 2508 921 2575 δούλων
1011 2529 1044 2574 v.
1074 2513 1106 2575 2.
1136 2513 1320 2577 Psenmau
1347 2511 1525 2578 morticina
1552 2527 1719 2578 sertorum

168 2631 225 2676 σου
253 2609 404 2698 βρώματα
430 2605 494 2690 ’τοῖς
520 2621 671 2690 πετεινοῖς
693 2622 749 2678 τοῦ
773 2613 918 2698 οὐρανοῦ,
965 2618 1095 2679 taram
1131 2633 1221 2681 escas
1257 2616 1446 2682 volatilitas
1483 2617 1565 2697 cali,
1606 2633 1719 2683 careres

167 2717 224 2792 τάς
239 2715 360 2801 σάρκας
375 2724 437 2783 τῶν
451 2715 545 2783 δσίων
569 2738 626 2782 σου
641 2728 706 2795 τοῖς
720 2714 846 2803 θηρίοις
861 2727 919 2803 της
964 2723 1149 2786 sanctorum
1164 2724 1292 2784 tuorum
1306 2719 1419 2787 bestiis
1433 2726 1537 2787 terre.

166 2823 504 3010 γῆθωέθαθαίμθῗωθοί
528 2925 583 3011 Ιμέν
599 2924 729 3011 θεωρίᾳ,
746 2925 775 2990 οί
790 2926 825 2990 δέ
840 2924 919 3011 πρά·
1009 2928 1183 2993 Daemones
1202 2930 1339 3010 quidem
1356 2931 1416 2993 alii
1431 2931 1719 3012 contemplationi,

166 3023 211 3108 ξει
226 3025 432 3096 ἀντίκεινται·
447 3031 502 3094 καὶ
516 3029 546 3094 οἱ
564 3031 621 3115 μέν
633 3028 779 3115 πρότεροι
793 3031 920 3095 πετεινά
964 3031 1024 3095 alii
1036 3037 1151 3096 autem
1163 3034 1288 3096 actioni
1301 3033 1544 3098 adversantur:
1557 3035 1608 3097 illi
1620 3051 1719 3116 porro

67 3169 74 3182 ·
165 3133 301 3218 οὐρανοῦ
313 3133 532 3218 ὀνομάζονται,
545 3135 574 3199 οἱ
587 3134 622 3198 δέ
633 3134 772 3220 δεύτεροι
782 3133 918 3220 λέγοιντ’
963 3138 1120 3200 volucres
1149 3138 1225 3200 coeli
1256 3137 1487 3219 nominantur,
1513 3138 1574 3202 hos
1602 3143 1717 3202 autem

25 3269 29 3274 ·
166 3238 207 3303 ἂν
220 3236 323 3323 θηρία
344 3247 401 3323 της
416 3247 487 3325 γης.
504 3277 546 3288 -
562 3237 618 3315 Ὦς
641 3242 767 3304 πετεινά
789 3250 844 3304 τοῦ
869 3241 919 3305 οδ-
964 3239 1075 3303 dicere
1101 3241 1208 3321 possis
1231 3242 1357 3306 bestias
1372 3248 1488 3331 terrae.
1513 3277 1553 3290 -
1577 3244 1721 3309 Perinde

167 3351 264 3429 ρανοδ
278 3345 301 3430 ή
317 3342 419 3430 θηρία
432 3352 491 3428 τῆς
507 3353 576 3430 γης,
595 3345 635 3408 τά
654 3342 729 3428 έθνη
745 3344 800 3408 καί
815 3343 848 3408 αἱ
863 3343 918 3429 βα·
965 3361 1005 3406 ac
1019 3344 1175 3408 volucres
1188 3347 1266 3414 coeli
1276 3350 1337 3409 aut
1351 3346 1468 3410 bestiae
1480 3351 1588 3427 terrae,
1598 3354 1718 3426 gentes

167 3446 280 3512 σιλείαι
303 3456 360 3532 τῆς
385 3456 445 3534 γης
472 3443 656 3534 κατέφαγον
686 3446 838 3515 Ἰάκωθον
862 3451 916 3513 τὸν
965 3452 1000 3512 et
1030 3467 1156 3527 regna·
1169 3453 1268 3513 terrae
1298 3451 1520 3516 comedebant
1550 3453 1716 3516 Jacobum

167 3551 177 3573 '
965 3555 996 3615 Is
1017 3570 1036 3614 a
1058 3553 1079 3616 l.

178 3549 460 3754 hpergdfflffl
475 3657 511 3720 τὸ
527 3655 606 3741 αίμα
621 3655 725 3720 αὐτῶν
741 3653 782 3734 ὡς
798 3655 890 3740 ὕδωρ.
999 3569 1056 3719 rue
1067 3659 1097 3720 3.
1121 3657 1318 3740 Effuderunt
1338 3658 1529 3742 sanquinem
1550 3675 1659 3723 eorum
1676 3659 1721 3725 ei·

214 3861 259 3928 Τὸ
275 3863 330 3928 οὖν
346 3863 434 3949 αίμα,
457 3863 475 3928 δ
491 3859 632 3948 ἐξέχεαν,
648 3861 687 3927 έκ
702 3871 764 3932 τῶν
778 3861 918 3948 έσθιομέ-
962 3765 1277 3944 Μίὲθίίθφθωιιςωίε
1299 3829 1400 3946 quem
1421 3863 1623 3944 effuderunt,
1647 3883 1717 3928 sca·

166 3987 229 4032 νων
251 3967 372 4052 ἀρετῶν
387 3969 441 4032 καί
463 3965 636 4052 τεινομένων
652 3964 817 4052 δογμάτων
839 3964 916 4033 ἐστί.
962 3971 1048 4034 turit
1063 3989 1105 4033 ex
1120 3970 1307 4034 virtutibus
1323 3988 1407 4051 quas
1423 3971 1614 4050 comedunt,
1627 3973 1661 4034 et
1676 3987 1718 4032 ex

171 4110 212 4120 —
232 4070 397 4157 Χρήσοιιτο
420 4072 459 4136 ἄν
480 4091 525 4148 τις
547 4071 668 4146 τούτοις
690 4071 729 4135 έκ
751 4067 841 4156 δίκης
863 4080 918 4136 τοῦ
964 4074 1135 4152 dogmatis
1162 4093 1239 4156 qnae
1267 4075 1418 4138 ebibunt
1447 4109 1486 4120 --
1515 4077 1587 4150 Quo
1616 4074 1721 4149 verbo

166 4173 354 4262 ἐκχυθέντος
370 4176 534 4261 μαρπίρων
550 4177 683 4262 αἵματος
699 4177 811 4240 αὐτῶν.
962 4183 1081 4242 utatur
1097 4179 1252 4260 quisquis
1267 4179 1495 4242 vindicaverit
1513 4178 1721 4256 sangninem

1037 4287 1092 4344 tr
1156 4329 1162 4345 .

212 4405 244 4452 ν.
262 4386 291 4451 t.
307 4383 373 4451 Καί
387 4387 441 4452 τὸν
456 4384 551 4450 τόπον
567 4385 664 4450 αὐτοῦ
678 4381 865 4470 ήρήμωσαν.
962 4301 1038 4449 marr.
1051 4301 1086 4448 θ.
1095 4302 1152 4452 uEntl
1161 4386 1266 4452 locum
1280 4385 1352 4468 ηίιιε
1365 4383 1598 4451 declararunt.
1614 4373 1618 4378 ’

214 4487 319 4566 Τόπος
334 4486 479 4573 γνώσεως
493 4487 577 4555 Θεοῦ
592 4488 647 4554 καί
662 4499 743 4567 νοῦς.
1009 4492 1103 4554 Mens
1119 4507 1254 4571 quoque
1273 4495 1325 4554 est
1339 4491 1434 4592 locus
1448 4491 1600 4553 scientiae
1614 4492 1686 4554 Dei.

211 4610 244 4655 v.
261 4593 291 4673 8,
312 4593 342 4657 9.
362 4591 454 4676 Ταχὺ
479 4591 812 4676 προκαταλαὸέτωσαν
833 4592 919 4679 ἡμᾶς
1007 4614 1039 4658 ν.
1054 4597 1085 4675 8,
1103 4599 1133 4658 9.
1151 4595 1412 4674 θάιοοιιάαροκί
1425 4594 1720 4660 coemiteriorum

170 4693 201 4759 οί
215 4692 369 4781 οἰκτιρμοί
383 4715 450 4776 σου,
467 4695 772 4782 δτιέπτωχεθσαμεν
787 4697 919 4783 σφόδρα,
964 4701 1035 4778 tun,
1064 4698 1144 4779 quio
1166 4713 1327 4779 pauperes
1348 4697 1441 4780 sceti
1469 4715 1582 4762 somus
1602 4699 1714 4777 nimir,

167 4797 327 4885 βοήθησον
348 4798 467 4886 tutuo
490 4798 615 4884 Θεὸς,θ
636 4802 741 4886 σωτήρ
764 4799 864 4888 ήμῶν,
888 4804 918 4868 έ-
963 4799 1161 4882 adjiacens,
1179 4801 1439 4904 Deussclutario
1453 4805 1571 4881 noster,
1583 4807 1720 4884 propter

168 4925 248 4968 νεκα
263 4914 320 4990 της
335 4903 429 4989 δόξης
445 4913 501 4969 τοῦ
517 4903 669 4990 ὀνόματός
684 4925 750 4971 σου.
861 4957 864 4964 .
961 4905 1103 4989 plectam
1116 4905 1258 4970 nominis
1272 4905 1331 4970 ίαί.

203 5071 254 5128 Ρε.
267 5085 397 5139 nxxrm,
410 5087 438 5128 v.
451 5071 478 5127 θ.
491 5069 559 5128 Vct
571 5069 597 5139 2,
609 5069 636 5140 4,
649 5069 674 5140 t,
684 5070 726 5124 lo.
999 5084 1027 5124 r.
1036 5067 1063 5136 8,
1075 5067 1103 5121 9.
1114 5065 1182 5122 Vct.
1199 5065 1226 5121 d
1244 5067 1270 5122 6.
1288 5065 1381 5122 Plura
1396 5065 1522 5125 retinnit
1538 5067 1720 5141 Theodorus,

205 5156 430 5226 advrsum.
965 5153 1324 5228 alieproestu'tithurent.
1338 5155 1417 5212 Plut.
1431 5155 1510 5228 νηθ.
