4008 6094
299 515 318 574 8
962 521 1171 598 ORIGENES

297 649 436 734 διετέλει,
464 652 571 737 χώραν
598 651 704 739 λαβὼν
731 655 748 717 δ
775 652 962 720 έδάσκαινον
992 659 1048 735 τὰς
1093 661 1178 724 foret
1192 679 1212 724 a
1227 665 1308 726 Saul
1331 679 1422 727 more
1440 665 1577 746 tyranni
1601 663 1785 743 vexandus,
1801 665 1835 727 et

298 755 370 821 κατ’
384 758 481 822 αὐτοῦ
497 758 711 843 συκοφαντίας
717 805 804 824 ......
821 759 947 838 τούτους
970 760 1047 846 μάρ-
1091 769 1267 846 propterea
1293 767 1421 830 bellum
1448 772 1717 849 persequeretur,
1743 783 1835 830 oena-

296 881 392 944 πνρας
415 861 564 947 ὀνομάζει
585 861 720 946 ψευδεῖς,
744 862 783 926 ἐκ
803 863 920 928 τούτων
942 866 997 929 καὶ
1018 864 1048 930 σί
1069 889 1070 892 ’
1090 869 1183 931 sione
1205 873 1304 951 capta
1325 887 1367 933 ex
1381 872 1562 935 calumniis
1578 887 1663 952 quas
1678 871 1728 933 illi
1744 875 1836 934 retu·¹

297 964 434 1051 Ζηφαῖοι
448 969 503 1033 καὶ
518 969 619 1054 ἕτεροι
632 969 693 1052 πρὸ
708 967 825 1034 τούτων
839 967 960 1034 πολλοί.
1091 973 1236 1036 ierunt...
1253 973 1314 1036 hos
1329 979 1428 1038 vocat
1449 975 1552 1039 falsos
1573 978 1687 1052 testae,
1703 991 1745 1036 ex
1763 974 1836 1054 qui·

1090 1075 1156 1140 bus
1171 1081 1269 1140 erant
1283 1078 1385 1142 etiam
1400 1079 1536 1163 Zyphaei
1552 1077 1625 1159 filii,
1639 1078 1742 1142 etalii
1756 1082 1835 1141 ante

1092 1180 1169 1244 illos
1191 1181 1341 1264 plurimi.

884 1387 1053 1467 Ρευίυιιιυ
1077 1388 1247 1467 XXXV.

344 1587 708 1674 ν.11.Παράτεινοντό
730 1588 818 1667 έλεός
838 1610 896 1654 σου
918 1597 982 1667 τοῖς
1004 1609 1050 1674 γι-
1139 1606 1171 1654 ν.
1201 1591 1251 1654 11.
1282 1591 1439 1658 Proerna
1466 1592 1722 1660 misericordiam
1749 1596 1839 1660 tuum

302 1689 456 1758 νώοκουσί
477 1715 524 1778 σε,
538 1693 594 1758 καί
608 1696 667 1779 τὴν
689 1693 889 1778 δικαιοσύνην
911 1713 969 1758 σου
986 1701 1051 1770 τοῖς
1093 1693 1266 1760 acaunus
1287 1699 1326 1775 te,
1353 1701 1385 1761 et
1398 1697 1571 1778 Juatitiam
1593 1703 1683 1764 ίααικ
1704 1697 1758 1764 leia
1781 1697 1841 1782 qui

303 1793 407 1860 εὐθέσι
421 1806 460 1882 τῇ
475 1797 600 1882 καρδίᾳ.
625 1799 693 1866 Vnt.
709 1800 817 1881 645‚2.
1092 1801 1177 1862 reeta
1196 1803 1276 1863 auat
1295 1799 1395 1866 ουαόε.

345 1894 391 1965 Ἠ
406 1901 492 1987 τάχα
507 1901 536 1966 οἱ
555 1903 613 1987 μὲν
634 1903 693 1987 την
707 1909 821 1986 γνῶσιν
840 1899 938 1987 μόνην
961 1901 1051 1986 ἔχον·
1137 1903 1206 1966 Aut
1219 1902 1359 1968 fortasse
1371 1906 1432 1986 qui
1447 1909 1580 1968 tanturn
1592 1907 1698 1969 solam
1710 1905 1838 1970 habent

297 2024 359 2087 τες,
382 2005 523 2070 τουτέστι
544 2008 603 2090 την
625 2005 736 2088 πίστιν,
759 2003 838 2088 ἐλέῳ
860 2005 1051 2081 δικαιοῦντα,
1094 2005 1281 2087 scientiam,
1311 2007 1346 2071 id
1382 2013 1433 2073 est
1463 2008 1575 2089 fidem,
1606 2008 1837 2073 misericordia

298 2110 355 2172 καί
369 2107 535 2187 σώζονται·
551 2109 580 2174 οἱ
595 2109 630 2173 δέ
645 2110 700 2173 καὶ
715 2111 750 2173 τδ
763 2108 849 2185 antiq
860 2108 894 2172 έν
908 2106 1049 2193 πράξεσι,
1089 2106 1322 2188 justificantur
1344 2117 1379 2176 et
1399 2113 1487 2177 salvi
1503 2112 1607 2194 fiunt3
1623 2115 1683 2194 qui
1698 2129 1778 2177 vero
1789 2129 1839 2176 re·

299 2213 354 2275 τόν
369 2220 427 2295 της
442 2211 641 2298 δικαιοσύνης
656 2211 915 2299 ἀπολαμβάνουσι
935 2211 1050 2297 στέφα-
1094 2216 1165 2276 etos
1191 2231 1227 2277 se
1252 2213 1379 2278 habent
1404 2216 1440 2278 in
1467 2216 1668 2296 actionibus,
1692 2214 1837 2296 justitia

301 2334 365 2379 νον·
381 2314 465 2399 πλὴν
480 2316 509 2380 εί
523 2315 742 2400 παρατείνεται
756 2316 793 2380 τὸ
815 2314 904 2393 έλεος
918 2322 982 2391 τοῖς
1003 2335 1050 2400 γι-
1093 2332 1250 2380 coronam
1272 2319 1452 2399 recipiunt.
1476 2322 1634 2383 Attamen
1656 2321 1685 2383 si
1707 2323 1839 2401 proten·

299 2415 455 2482 νιίισκουσι
480 2421 533 2483 τόν
563 2418 654 2504 Θεὸν,
685 2428 749 2498 τοῖς
776 2420 820 2506 μὴ
846 2417 1050 2505 γινώσκουσιν
1093 2418 1837 2503 diturmiserioordiacognoscentibusDeum,

300 2521 395 2587 αὐτόν
410 2520 601 2608 πρόσκαιρον
616 2524 714 2589 ἔσται.
1092 2521 1146 2586 his
1161 2523 1221 2603 qui
1236 2523 1400 2602 ignorant
1414 2541 1506 2606 eum,
1521 2542 1589 2589 nou
1605 2527 1670 2590 erit
1683 2526 1750 2594 nisi
1765 2543 1838 2608 pre-

1091 2641 1192 2689 caria.
1328 2657 1331 2668 ·

341 2747 373 2794 v.
392 2731 442 2794 12.
460 2726 514 2815 Μὴ
531 2728 646 2796 ἐλθέτω
662 2752 714 2817 μοι
728 2734 806 2810 τοὺς
821 2729 1045 2817 ὑπερηφανίας,
1134 2746 1167 2791 v.
1191 2730 1242 2794 12.
1263 2731 1337 2797 Noa
1357 2731 1467 2796 tertiat
1486 2731 1571 2797 ανίίί
1584 2749 1646 2814 pes
1665 2733 1832 2814 nepertia,

299 2835 355 2899 καὶ
369 2835 439 2920 χείρ
455 2833 650 2920 ἁμαρτωλῶν
666 2838 709 2922 μὴ
726 2837 878 2902 σαλείισαι
893 2859 942 2924 με.
1092 2835 1124 2900 σί
1143 2849 1260 2898 mnus
1272 2836 1453 2915 pocenaria
1473 2853 1538 2900 που
1558 2840 1682 2900 moneat
1701 2854 1760 2901 me.

341 2936 417 3004 Οίδε
433 2936 566 3024 μέντοιό
582 2938 663 3017 θεῖος
674 2939 768 3025 λόγος
782 2949 850 3018 ταῖς
865 2938 1048 3026 λεγομέναις
1136 2937 1227 3001 Solet
1241 2939 1370 3002 interea
1384 2938 1524 3003 divinus
1539 2956 1649 3003 sermo
1665 2941 1726 3004 has
1741 2959 1839 3004 usur·

301 3049 493 3128 μεταφοραῖς
515 3041 661 3127 χρῆσθαι,
685 3045 790 3129 ὥσπερ
813 3043 956 3110 ἐνταῦθα.
981 3043 1048 3128 Της
1091 3058 1171 3122 pare
1198 3058 1284 3122 quas
1310 3043 1429 3106 dieunt
1455 3043 1680 3125 metaphoras,
1703 3061 1840 3125 quema-

299 3144 524 3231 ὑπερηφανίας,
541 3145 578 3210 οὐ
593 3146 676 3225 ζώου
692 3147 844 3231 ποδυτοῦ,
861 3145 932 3212 ἀλλ’
953 3147 1046 3226 ἕξεως
1090 3145 1250 3209 dmodum
1273 3146 1309 3208 in
1331 3145 1394 3208 hoe
1411 3137 1570 3228 loeoipea
1585 3147 1749 3228 superbie,
1768 3165 1836 3212 non

298 3252 405 3334 οὔσης,
421 3249 504 3315 πόδα
520 3249 720 3336 ὠνόμασενδ
736 3251 790 3316 οὖν
801 3253 939 3337 εὔχεται,
954 3249 1046 3316 τοῦτό
1090 3251 1188 3331 quasi
1209 3250 1438 3334 quadrupedis
1460 3252 1630 3331 animalia,
1649 3250 1708 3314 sed
1730 3251 1836 3314 animi

299 3353 401 3419 ἐστιν·
418 3355 461 3439 μὴ
477 3353 626 3440 γενοίμην
648 3353 857 3440 ὑπερήφανος,
875 3354 955 3441 μηδὲ
969 3377 1047 3441 κτη-
1090 3357 1206 3435 utpote
1220 3352 1369 3434 habitus,
1384 3372 1444 3436 pes
1459 3355 1652 3437 appellatus
1668 3358 1728 3418 est.
1745 3355 1839 3430 Quod

298 3457 416 3544 σαίμην
431 3467 525 3543 χεῖρα
538 3460 593 3522 καὶ
607 3459 717 3543 πρᾶξιν
732 3458 928 3545 άμαρτωλοῠ.
938 3460 1048 3525 Ταῦτα
1090 3458 1176 3539 petit
1195 3459 1314 3538 igitur,
1336 3457 1400 3522 hoo
1423 3464 1487 3522 est:
1510 3461 1651 3522 minime
1678 3459 1758 3522 fiam
1781 3478 1837 3524 su·

298 3564 361 3648 γάρ
377 3560 521 3627 σαλεύειν
536 3560 634 3646 είιιθε,
650 3564 705 3626 καὶ
721 3572 894 3648 μετακινεῖν
909 3571 966 3646 της
988 3583 1048 3628 πα·
1090 3561 1224 3642 petbus,
1231 3578 1341 3642 neque
1352 3562 1496 3626 habeam
1508 3566 1835 3627 manumautaatum

299 3667 342 3750 ρόι
355 3675 399 3752 τῷ
415 3665 487 3752 Θεῷ
509 3665 649 3743 στάσεως
669 3669 742 3744 τοὺς
761 3668 804 3744 εἰς
818 3669 855 3733 τό
877 3666 990 3745 σκότος
1010 3669 1047 3731 τδ
1089 3665 1284 3745 peccatoris.
1307 3667 1357 3728 Ea
1379 3667 1470 3728 enim
1492 3671 1574 3730 sunt
1595 3684 1671 3748 quae
1697 3671 1837 3748 quatere

297 3772 448 3858 έξίιτερον
462 3770 723 3859 ἐξωθησομένους.
740 3770 794 3838 Διό
808 3772 937 3858 ἐπάγει·
1088 3770 1199 3834 solent
1220 3773 1254 3832 et
1275 3785 1431 3832 amovere
1453 3787 1474 3832 a
1490 3771 1608 3851 quieta
1623 3770 1712 3850 apud
1728 3771 1837 3833 Deum

1088 3874 1232 3937 statione
1255 3889 1486 3953 quoscumque
1508 3873 1681 3954 pellendos
1697 3875 1732 3935 in
1747 3877 1839 3937 tene·

322 4031 324 4034 .
1088 3976 1167 4040 bras
1190 3975 1381 4039 exteriores.
1406 3975 1501 4040 Unde
1525 3977 1754 4057 persequitur:

343 4105 375 4150 ν.
395 4086 446 4149 13.
462 4080 554 4148 Ἐκεῖ
565 4083 679 4148 ἔπεσον
693 4080 808 4160 πάντες
824 4081 853 4146 οί
872 4081 1047 4168 έργασάμε-
1134 4095 1166 4140 v.
1184 4080 1235 4141 13.
1250 4078 1306 4142 Ibi
1321 4077 1502 4143 οοοῖιίοιτικῖ
1516 4096 1622 4144 manes
1635 4080 1694 4160 qui
1708 4094 1839 4160 ηιιιαα

297 4206 345 4251 νυι
359 4186 417 4270 την
433 4183 575 4269 ἀνομίαν,
591 4182 784 4270 ἐξώσθησαν,
808 4186 862 4249 καὶ
876 4187 912 4250 οὐ
929 4188 972 4273 μὴ
996 4185 1046 4252 διί-
1091 4187 1147 4249 tar
1166 4183 1382 4263 iniquitaten,
1407 4181 1539 4264 erpuini
1560 4187 1647 4262 aunt,
1664 4199 1720 4248 που
1727 4186 1840 4264 poure

298 4309 411 4355 νωνται
426 4297 547 4372 στῆναι.
1090 4288 1170 4350 rum
1190 4290 1287 4351 stara.

340 4389 478 4460 Ἔνθαοὶ
491 4389 1047 4476 σαλευθὲντεςπίπτουσι.-Ἢέκεῖ,
1135 4387 1189 4456 Ibi
1215 4391 1374 4454 commoti
1403 4389 1633 4455 collabuntur.
1656 4425 1694 4434 -
1711 4389 1773 4453 Vei
1794 4387 1842 4454 ibi

300 4495 458 4562 τουτέστιν
470 4495 503 4560 έν
515 4505 558 4581 τῷ
571 4494 717 4581 μέλλοντι
728 4495 793 4582 βίῳ,
802 4497 886 4561 κατὰ
897 4496 932 4562 τό
942 4518 950 4534 ·
961 4497 1053 4563 Ἐκεῖ
1092 4494 1181 4558 idem
1197 4499 1248 4558 est
1269 4512 1309 4558 aa
1323 4511 1383 4576 pro
1399 4493 1515 4558 futura
1528 4495 1609 4572 vita,
1621 4491 1723 4574 juxta
1738 4493 1838 4558 illud:

297 4603 387 4666 ἔσται
401 4597 598 4685 όκλαυθμός,
610 4600 665 4663 καὶ
677 4598 728 4664 τό·
743 4597 861 4685 Γυμνδς
879 4597 1050 4664 ἀπελεύσο-
1096 4599 1178 4662 «ibi
1200 4599 1266 4663 erit
1287 4597 1428 4678 θείμην
1453 4603 1487 4660 et
1501 4597 1602 4661 illud:
1629 4598 1777 4662 «Nudus
1792 4615 1842 4663 re·

298 4723 353 4792 μαι
367 4705 442 4770 ἐκεῖ.
459 4704 599 4771 Ἔπεσον
617 4705 741 4789 πάντες,
758 4704 898 4770 τουτέστι
919 4715 1050 4770 πεσοῦν-
1094 4709 1207 4768 vertar
1228 4693 1305 4768 hue.
1319 4725 1336 4764 »
1365 4702 1552 4768 conueniat
1571 4719 1686 4782 οιαυοο,
1717 4703 1751 4766 id
1778 4706 1838 4781 est,

298 4830 351 4874 ται
366 4807 471 4875 οὐκέτι
486 4808 720 4895 έπιτρεπόμενοι
732 4809 867 4895 ἐνεργεῖν
882 4809 924 4887 ὡς
939 4809 1049 4895 πρότε·
1094 4809 1215 4875 eadent
1237 4809 1287 4872 1111
1311 4807 1436 4889 quibus
1452 4823 1520 4870 non
1535 4808 1744 4888 permittitur
1765 4821 1840 4885 ope-

300 4935 365 5000 ρον.
382 4913 429 4980 Oi
444 4913 541 4980 δεῖδὲ
556 4913 737 4998 ξενίζεσθαι,
761 4915 789 4979 εἰ
809 4917 846 4978 τό
869 4913 984 5000 μέλλον
1007 4913 1049 4994 ὡς
1094 4915 1172 4994 rari,
1195 4913 1296 4976 sicuti
1311 4913 1418 4993 prius.
1433 4913 1549 4992 Neque
1564 4911 1682 4974 mirari
1698 4913 1839 4989 oportet,

298 5019 363 5104 ἠδη
375 5021 505 5105 γεγονὸς
516 5017 619 5103 λέγει·
632 5020 697 5085 οίον
712 5018 780 5084 ἀντὶ
790 5028 845 5082 τοῦ
858 5019 1049 5106 ἐξωσθήσον·
1094 5021 1123 5084 ei
1146 5018 1236 5102 quod
1259 5017 1412 5081 futurum
1431 5021 1491 5096 est,
1508 5015 1606 5097 quasi
1618 5013 1689 5094 jam
1711 5011 1839 5074 facturn

330 5245 378 5300 Ps.
393 5261 490 5318 xxxv,
502 5262 530 5303 v.
545 5245 642 5317 11,12.
656 5245 722 5308 Vnt.
736 5245 777 5317 14,
792 5247 834 5304 15.
1129 5265 1156 5306 v.
1168 5245 1210 5303 13.
1218 5246 1284 5307 Vei.
1295 5247 1386 5318 15,16.
1397 5245 1442 5304 cf.
1451 5243 1557 5302 Mattia
1568 5257 1634 5311 rur,
1643 5241 1685 5298 12.
1695 5239 1753 5298 Job
1762 5239 1786 5311 1,
1795 5241 1840 5298 21.
