4036 6090
269 470 332 536 104
943 472 1131 540 ORIGENE

265 619 329 678 τῶν
351 608 538 698 προσώπων,
555 612 630 680 άνευ
653 621 708 680 τοῦ
731 609 954 700 έπισημαίνειν.
977 611 1014 680 Ὁ
1060 621 1099 680 ut
1120 617 1309 700 opinamur,
1333 621 1506 701 quamsit
1526 638 1599 685 mos
1623 621 1804 703 Scriptura

264 715 449 803 Μονογενὴς
471 717 632 803 εἰσάγεται
646 718 703 796 τάς
726 718 842 796 οἰκείας
857 716 1015 803 ἐνεργείας
1059 721 1203 787 faciendi
1227 725 1451 789 mutationem
1475 743 1708 807 personarum,
1724 727 1808 808 quin

264 818 430 904 διδάσκων,
438 823 493 886 καί
504 824 563 908 την
574 832 629 888 τοῦ
637 821 763 906 Πατρδς
771 819 943 907 θεολογίαν
954 822 1014 886 διε·
1058 824 1099 889 de
1115 826 1178 890 hoc
1194 832 1382 891 moneatur.
1399 830 1606 907 Unigenitus
1623 828 1809 893 introduci·

263 922 346 1004 ξιών.
355 923 444 990 Ἀντί
453 924 489 989 δέ
499 935 556 990 τοῦ
567 927 619 992 ὅτε
627 925 841 1012 λάδωκαιρὸν,
855 928 1015 1012 συνταγὴν
1056 933 1124 1009 tur,
1147 935 1221 993 tum
1244 932 1395 1013 proprias
1414 935 1628 1013 operationes
1651 931 1805 1012 edocens,

263 1025 281 1092 δ
296 1027 471 1115 Σύμμαχος
484 1031 562 1111 alae,
586 1039 642 1095 τοῦ
664 1029 762 1115 λόγου
778 1030 950 1116 δηλοῦντος
972 1029 1014 1108 ὡς
1056 1037 1131 1096 tum
1146 1036 1257 1099 Patris
1269 1035 1479 1115 theologiam
1496 1055 1668 1101 enarrans.
1682 1072 1723 1083 -
1738 1038 1804 1099 Pro

263 1133 390 1199 έπειδάν
416 1132 434 1198 δ
463 1132 648 1219 συνταχθείς
679 1153 731 1220 μοι
760 1135 848 1219 παρὰ
878 1142 935 1198 σοῦ
957 1141 1014 1218 τῆς
1055 1138 1215 1203 lectione:
1239 1156 1311 1205 εννπ
1330 1155 1475 1221 accepero
1492 1144 1625 1222 temptes,
1653 1143 1805 1223 Symma-

262 1237 430 1322 ἐπιδημίας
440 1240 550 1324 καιρὸς
561 1239 684 1324 ἐπιστῇ,
697 1238 802 1305 πάντα
813 1260 880 1322 σου,
892 1237 1010 1324 Πάτερ,
1056 1241 1376 1329 σίιιιευνωαυοοορονο
1387 1244 1620 1309 ordinationem
1631 1243 1728 1326 dixit,
1737 1244 1805 1307 uti·

261 1343 304 1406 τὰ
317 1341 484 1427 θαυμάσια
498 1351 562 1420 τοῖς
578 1341 611 1422 ἐξ
626 1342 722 1409 ἐθνῶν
737 1341 949 1428 διηγήσομαι·
971 1342 1014 1407 δι-
1056 1362 1122 1427 que
1142 1361 1181 1408 ac
1207 1346 1237 1410 si
1260 1347 1295 1410 id
1317 1347 1517 1429 declaretur,
1545 1349 1675 1413 scilicet
1698 1365 1806 1429 quum

260 1447 433 1531 καιοσθνης
446 1448 510 1532 γὰρ
520 1448 613 1532 ἔργον
627 1447 664 1512 τό
677 1450 720 1534 μὴ
735 1449 829 1533 μόνον
840 1446 1013 1525 Ἰουδαίους
1054 1451 1279 1515 constitutum
1301 1452 1386 1516 mihi
1401 1470 1421 1515 a
1436 1457 1470 1516 te
1486 1458 1620 1535 tempus
1636 1453 1806 1517 incolatus

260 1549 454 1636 προσίεσθαι,
478 1550 595 1631 ἀλλ’έξ
617 1552 764 1618 ἁπάντων
779 1552 875 1618 έθνων
897 1559 1014 1616 ποιεῐσ-
1054 1554 1240 1635 advenerit,
1268 1557 1383 1619 omnia
1412 1557 1570 1639 prodigia
1595 1563 1666 1638 tua,
1694 1560 1806 1638 Pater,

260 1653 312 1720 θαι
326 1663 388 1719 των
410 1653 596 1740 σωζομένων
618 1657 677 1742 την
696 1655 846 1742 έκλογην,
862 1655 909 1720 διὸ
932 1653 1009 1722 έπά-
1055 1660 1217 1738 gentibus
1233 1660 1406 1724 enarrabo.
1422 1663 1444 1724 J
1446 1662 1573 1725 ustitiae
1597 1662 1688 1724 enim
1705 1678 1808 1744 opera

259 1779 327 1846 γει·
342 1758 427 1846 Ἐγὼ
442 1758 614 1846 εὐθύτητος
629 1767 734 1845 κρινῶ.
1054 1767 1121 1845 est,
1145 1770 1275 1830 utnon
1298 1767 1408 1830 solum
1435 1765 1547 1830 Judaei
1574 1765 1806 1846 adducantur,

1054 1870 1114 1934 sed
1129 1887 1172 1934 ex
1186 1871 1344 1935 omnibus
1360 1872 1523 1951 gentibus
1546 1870 1711 1936 condatur
1726 1869 1807 1935 fide·

1053 1974 1140 2038 lium
1155 1975 1301 2040 salutem
1316 1976 1515 2058 adeptorum
1531 1977 1693 2041 Ecclesia.
1707 1974 1803 2041 Unde

1052 2079 1184 2160 pergit,
1205 2081 1273 2162 Ερο
1295 2084 1397 2145 rectos
1411 2078 1573 2160 folliculo.

302 2175 394 2264 Αὕτη
414 2189 470 2244 τοῦ
491 2177 669 2264 σωτῆρσςη
685 2180 786 2266 φωνὴ,
802 2177 930 2257 δικαίως
945 2177 1011 2264 κρί-
1097 2185 1176 2248 Hac
1198 2201 1266 2248 vox
1289 2188 1341 2247 est
1367 2185 1553 2248 Salvatoris
1575 2183 1805 2265 promittentis

259 2301 321 2347 νειν
338 2282 619 2370 ἀπαγγελλομένων
639 2284 724 2348 κατὰ
745 2287 800 2350 τὸν
814 2285 925 2369 καιρὸν
946 2285 1011 2361 τοῖς
1053 2304 1090 2351 se
1109 2286 1202 2366 iuste
1227 2286 1461 2367 judicaturum
1484 2305 1557 2352 esse
1581 2288 1617 2352 in
1639 2292 1802 2369 tempore,

259 2385 403 2454 ἀδικοῦσι
417 2391 472 2453 καί
494 2396 559 2466 τοῖς
582 2385 817 2474 ἀδικουμένοις·
841 2388 933 2473 μόνος
948 2390 1011 2474 γάρ
1053 2397 1125 2457 tam
1140 2409 1197 2456 eos
1212 2393 1272 2474 qui
1294 2394 1412 2475 inique
1430 2391 1597 2472 judicant,
1622 2409 1725 2473 quam
1748 2407 1806 2455 eos

259 2491 355 2568 αὐτὸς
369 2491 543 2578 εὐθύτητας
566 2499 669 2576 κρινεῖ
674 2510 681 2525 ·
698 2492 783 2556 κατά
798 2492 833 2556 δέ
848 2493 906 2576 τὴν
928 2491 1010 2557 ἱστο-
1054 2497 1113 2577 qui
1129 2495 1256 2576 injuste
1267 2495 1477 2576 iudicantur.
1501 2496 1598 2560 Solus
1622 2497 1714 2559 enim
1730 2497 1802 2577 ipse

259 2592 339 2680 ρίαν,
354 2595 428 2683 ἐγὼ,
444 2597 550 2682 φησὶν,
568 2595 639 2681 ὑμῖν
654 2595 774 2662 δικάσω
790 2597 845 2662 καί
860 2595 1011 2663 Βαδυλω·
1053 2606 1105 2666 est
1116 2603 1176 2683 qui
1188 2601 1410 2666 rectitudines
1418 2600 1596 2680 judicabit
1610 2599 1803 2665 Secundum

258 2698 334 2778 νίοις
349 2703 404 2766 καὶ
419 2698 596 2785 Ασσυρίοις.
1053 2709 1168 2770 autem
1190 2706 1385 2770 historiam:
1409 2708 1500 2788 Eg0,
1524 2707 1647 2788 inquit,
1676 2705 1801 2769 faciam

1048 2810 1218 2892 judicium
1244 2811 1340 2874 vobis
1363 2829 1405 2875 ex
1427 2811 1622 2896 Babyloniis
1645 2815 1680 2875 et
1701 2813 1805 2894 Assy·

301 2931 335 2976 v.
352 2912 382 2975 4.
401 2909 523 2995 Ἐτάκη
540 2906 562 2995 ἡ
578 2918 632 2997 γη,
647 2912 703 2976 καί
723 2909 838 2989 πάντες
853 2909 883 2976 ol
904 2931 1011 2978 κατοι·
1053 2915 1125 2980 riis.

258 3022 388 3091 κοῠντες
403 3015 515 3100 αὐτην.
1096 3038 1129 3084 v.
1144 3021 1175 3084 4.
1191 3019 1384 3104 Liqaefacta
1397 3023 1446 3085 ert
1462 3022 1563 3101 tara,
1581 3023 1613 3085 at
1631 3035 1737 3085 omnes
1750 3019 1802 3084 ia
1929 3109 1933 3116 .

301 3116 406 3184 Ἀλλά
435 3119 667 3205 μαρτυρησάτω
689 3121 746 3185 καὶ
777 3117 853 3206 ἡμῖν
874 3118 1010 3206 Ἰησοῦς,
1053 3124 1235 3192 habitantes
1250 3128 1288 3190 io
1303 3141 1351 3190 aa.

259 3223 306 3287 δτι
320 3220 342 3305 ἡ
358 3222 451 3287 είκὼν
465 3232 522 3288 τοῦ
538 3231 650 3308 χοϊκοῦ
669 3226 725 3288 καί
747 3222 819 3307 ἠέν
834 3231 878 3289 τῶ
900 3223 1010 3309 θνητῷ
1096 3230 1161 3294 Sed
1182 3231 1280 3296 nobis
1303 3247 1438 3312 quoquc
1459 3229 1693 3295 testimonium
1718 3246 1801 3310 pra·

257 3325 348 3412 ημων
360 3324 482 3411 σώματι
495 3324 706 3411 βασιλεύουσα
717 3326 866 3413 άμαρτία,
879 3329 1009 3394 actaea
1052 3338 1119 3400 stet
1140 3337 1252 3414 iesus,
1267 3334 1423 3399 futurum
1439 3351 1511 3398 essa
1534 3337 1574 3397 ut
1595 3334 1711 3412 imago
1733 3336 1800 3396 ter·

258 3431 295 3495 τὸ
324 3428 443 3515 γήϊνον,
466 3431 521 3495 καί
543 3428 565 3514 ἡ
587 3433 660 3517 περὶ
682 3433 723 3497 τά
744 3431 841 3519 γήινα
857 3431 1010 3519 ἐνέργεια,
1051 3441 1126 3503 reni
1147 3438 1295 3504 hominis
1311 3444 1345 3502 et
1359 3443 1535 3520 peccatum
1551 3435 1642 3518 quod
1662 3437 1699 3500 in
1713 3453 1802 3500 mor·

260 3536 417 3621 μετὰτῶν
432 3535 636 3623 ῲκειωμένων
650 3545 715 3615 τοῖς
737 3539 857 3624 γηίνοις
880 3538 1011 3605 ἀντικει-
1052 3545 1114 3608 tali
1126 3560 1264 3625 corpore
1275 3548 1390 3607 nostro
1402 3544 1556 3625 imperat,
1569 3546 1603 3606 et
1618 3541 1802 3624 quodcum-

259 3637 360 3725 μένων
382 3640 555 3726 δυνάμεων,
579 3643 616 3706 οδ
640 3641 735 3728 μόνον
758 3640 908 3728 ἀπετέθη,
925 3642 1011 3710 ἀλλά
1053 3667 1119 3730 que
1141 3653 1316 3712 terrenum
1338 3651 1405 3728 est,
1429 3650 1464 3711 et
1487 3646 1626 3728 quaeda
1655 3646 1799 3710 terrenis

259 3744 317 3808 καὶ
339 3742 433 3808 οἱονεί
448 3742 641 3830 έξηφανίσθη
658 3744 777 3811 τέλεον.
792 3746 870 3812 Ἐάν
885 3749 948 3834 γὰρ
966 3757 1011 3835 τῷ
1053 3754 1203 3836 operatio
1226 3756 1293 3832 est,
1317 3769 1397 3815 cum
1420 3749 1690 3816 inhabitantibus
1713 3751 1802 3814 inter

260 3850 413 3934 πνεύματι
428 3850 485 3926 τὰς
499 3848 627 3934 πράξεις
641 3848 1011 3936 τοῦσώματοςθανατιθ-
1053 3862 1204 3922 terrenos
1234 3855 1437 3920 adversariis
1467 3855 1704 3936 potestatibus,
1734 3871 1803 3917 non

260 3973 375 4038 σωμεν,
390 3951 432 4030 ὡς
447 3951 583 4019 πάντοτε
599 3955 658 4038 τὴν
669 3953 819 4039 νέκρωσιν
833 3964 889 4020 τοῦ
901 3954 1011 4041 Ἰησοῦ
1053 3962 1164 4026 solum
1193 3964 1432 4039 amoveantur,
1466 3957 1526 4022 sed
1556 3955 1803 4039 quodammodo

258 4054 436 4142 περιφέρειν
450 4053 546 4142 ἡμᾶς,
567 4056 635 4141 έρεϊ
646 4058 718 4143 περὶ
739 4065 798 4142 της
812 4058 847 4128 έν
860 4055 937 4144 ἡμῖν
950 4068 1010 4145 γῆς
1053 4069 1258 4129 evanescant
1271 4081 1419 4144 prorsus.
1436 4063 1471 4127 ai
1488 4063 1580 4125 enim
1595 4062 1718 4143 spiritu
1734 4077 1805 4124 cor-

259 4162 392 4226 καὶτῶν
416 4161 533 4246 γηίνων
548 4163 583 4226 τδ
605 4160 706 4246 έτάκη
721 4160 743 4247 ἡ
759 4171 813 4249 γη.
833 4161 898 4228 Καί
913 4164 948 4230 ὲν
970 4174 1009 4251 τῇ
1052 4171 1143 4251 poris
1158 4169 1308 4233 actiones
1324 4165 1579 4246 mortificamus,
1596 4167 1645 4229 ita
1665 4169 1704 4228 ut
1719 4181 1805 4228 scm-

259 4261 424 4350 συντελείᾳ
438 4265 478 4350 δη
495 4263 671 4351 ἐρχομένης
694 4274 751 4352 της
766 4263 910 4353 κρίσεως,
926 4269 943 4332 δ
959 4271 1010 4334 οἰκ
1052 4291 1112 4355 per
1127 4274 1303 4338 nobiscum
1323 4275 1467 4336 mortem
1482 4271 1503 4333 J
1506 4289 1566 4335 esu
1589 4269 1804 4335 circumiera-

259 4372 354 4453 ρανδς
369 4371 424 4433 καί
438 4367 460 4453 ἡ
476 4377 518 4454 γη
535 4367 794 4457 παρελέυσονται,
810 4372 907 4439 καλοί
921 4374 955 4440 έν
970 4385 1008 4463 τῇ
1052 4397 1139 4460 mus,
1156 4378 1197 4442 de
1214 4381 1304 4442 terra
1326 4379 1442 4440 nostra
1457 4380 1491 4438 et
1512 4374 1554 4438 de
1576 4373 1721 4438 terrenis
1744 4392 1802 4441 no-

258 4481 301 4558 γθ
318 4471 557 4542 ἀποθανοῦνται.
572 4529 574 4538 .
1052 4483 1131 4547 stris
1146 4482 1252 4546 dicet:
1274 4479 1469 4563 Liqoesoeto
1482 4481 1531 4543 cat
1544 4481 1644 4543 terra.
1660 4479 1704 4541 Et
1718 4495 1800 4543 sane

1051 4589 1088 4652 in
1110 4586 1412 4663 consummatione,
1436 4583 1635 4646 imminente
1657 4581 1801 4663 judicio,

1051 4693 1176 4757 ooelum
1191 4694 1226 4754 et
1239 4695 1331 4753 terra
1346 4688 1552 4768 transibunt,
1565 4691 1599 4752 et
1610 4689 1670 4769 qui
1686 4688 1722 4752 in
1734 4694 1799 4752 ter·

1052 4815 1091 4860 ra
1104 4798 1197 4875 sunt,
1213 4795 1412 4859 morientur.

291 5041 320 5081 v.
333 5030 359 5083 4.
371 5027 438 5085 Vct
451 5027 495 5084 1ο.
507 5028 544 5084 cfi
557 5029 573 5086 1
587 5027 653 5086 Cor.
666 5045 717 5100 xv,
730 5030 773 5086 69.
786 5029 895 5088 ratior.
908 5046 950 5100 σν,
963 5030 1007 5087 10.
1050 5028 1201 5090 hominum
1217 5029 1416 5101 generatione,
1433 5029 1616 5086 rarissimum
1633 5043 1704 5082 sana
1721 5025 1800 5080 inter

255 5111 326 5168 Luc.
339 5115 461 5182 xx1,33.
477 5115 557 5174 Nota
568 5115 600 5172 in
618 5115 677 5174 lina
694 5116 854 5190 Origcnam
870 5135 937 5174 cnm
953 5119 1007 5174 Pa·
1050 5115 1216 5174 Orientalas
1229 5116 1378 5174 haedere
1395 5115 1605 5174 testimoninm.
1623 5111 1668 5173 cf.
1679 5115 1717 5172 A.
1729 5111 1800 5170 Bat-

253 5197 349 5259 tribas
366 5198 469 5262 latinis
487 5202 661 5275 consentire,
679 5202 717 5264 da
737 5204 882 5266 moritura
902 5205 1008 5266 ultima
1049 5201 1579 5278 tanda,aevaeeaa.tuuat,1aa1.
