3966 6108
855 493 1062 560 EUSEBIUS
1664 498 1728 560 505

173 630 284 719 ἑτοίμη
300 631 322 720 ἡ
338 629 569 717 καρδίαζαύτοῠ
582 629 719 711 ἐλπίζειν
733 631 785 697 ἐπί
796 631 923 718 Κύριον,
973 635 1044 716 ejus
1057 651 1190 716 sperare
1204 634 1242 698 in
1264 634 1409 700 Domino.
1428 635 1657 720 Omitte-matrem
1678 643 1728 704 est

172 735 356 821 ἐστήρικται
371 733 393 819 ἡ
409 732 526 820 καρδία
541 735 647 817 αὐτοῦ,
663 734 701 799 ού
722 737 765 822 μὴ
789 735 924 823 potede,
970 757 1026 805 cor
1040 739 1131 819 ejus5
1146 757 1210 804 reon
1224 737 1357 819 timber,
1383 739 1478 806 domo
1499 739 1608 805 rideat
1627 757 1726 823 ινιρσι·

175 837 237 917 ἕως
250 841 286 904 ού
301 838 393 924 ἐπίδῃ
409 838 460 903 ἐπὶ
474 841 548 917 τοὺς
564 837 696 925 ἐχθρούς
712 841 818 905 αὐτοῦ.
969 843 1118 910 inimicos
1134 861 1219 910 meos.
1240 873 1243 888 ·

218 941 257 1010 ‘O
272 953 422 1026 τοιοῦτος,
447 944 536 1028 φησί,
551 944 606 1008 καί
620 953 751 1010 τοιαῦτα
769 947 925 1030 πράττων,
1010 949 1072 1011 Vir
1097 946 1303 1029 hoJusmodi‚
1320 948 1379 1028 ait,
1404 965 1444 1011 ao
1466 949 1551 1011 talia
1580 948 1720 1030 faciens,

173 1048 289 1112 οόποτι
304 1055 454 1128 ιασεῐται,
472 1045 546 1112 οὐδέ
561 1045 792 1133 σσλευύιὶσεται
805 1057 863 1133 τῆς
875 1049 927 1115 ἐπὶ
966 1068 1143 1132 nunqnam
1158 1051 1265 1132 cadet,
1281 1068 1392 1132 neque
1415 1051 1684 1115 commovebitur
1700 1069 1722 1114 a

172 1153 232 1238 τὴν
246 1149 363 1236 πέτραν
375 1151 527 1234 στάσεως,
543 1149 642 1230 λέξων
653 1154 708 1218 καὶ
719 1151 830 1229 αύτός·
847 1152 925 1219 'Eo
967 1151 1065 1218 firmo
1077 1171 1179 1236 snper
1195 1159 1325 1236 petram
1337 1155 1432 1236 pede,
1448 1155 1602 1219 dicturus
1624 1160 1658 1218 et
1675 1157 1725 1237 ip·

176 1276 276 1341 τησεν
289 1257 344 1321 ἐπὶ
358 1255 477 1341 πέτραν
490 1258 562 1334 τοὺς
577 1255 677 1334 πόδας
692 1255 850 1342 μουιΚᾶν
864 1259 927 1344 γὰρ
965 1274 1019 1322 se:
1038 1279 1055 1320 ι
1072 1258 1200 1323 Statuit
1212 1277 1315 1340 super
1327 1265 1458 1340 petram
1474 1261 1576 1341 pedes
1589 1277 1719 1324 meos.»

173 1361 348 1428 πνεύσωσιν
371 1361 404 1426 ἐν
418 1361 540 1445 καιροῖς
561 1369 743 1445 πειρασμῶν
765 1362 821 1425 καὶ
834 1359 925 1447 διωγ-
965 1361 1101 1425 Etenim
1117 1363 1197 1426 licet
1210 1365 1341 1444 spirent
1355 1365 1449 1426 venti
1461 1363 1623 1428 adversus
1640 1381 1720 1429 eum

173 1473 241 1552 μων
264 1463 336 1532 κατ’
348 1465 443 1530 αὐτόν
465 1464 494 1530 οί
510 1466 629 1551 ἄνεμοι,
652 1466 713 1532 κᾶν
736 1464 765 1530 οἱ
787 1469 925 1552 ποταμοί
967 1465 1002 1528 in
1028 1469 1179 1546 tempore
1202 1468 1429 1531 tentationum
1456 1472 1491 1530 et
1517 1469 1721 1547 persecutio-

171 1567 400 1654 προσρύξωσιν,
411 1569 472 1634 κᾶν
484 1568 602 1653 λαῦρος
612 1569 701 1647 ὑετὸς
716 1567 875 1651 κατέλθοι,
886 1569 924 1634 ού
965 1588 1061 1652 num,
1086 1572 1168 1635 licet
1181 1569 1324 1637 flumine
1346 1574 1489 1652 irruant,
1511 1573 1592 1636 licet
1618 1574 1718 1638 vehe-

173 1672 418 1758 σαλευθύσεται,
442 1672 585 1757 έστηκὼς
607 1674 663 1737 καί
685 1671 926 1760 τετελειωμένος
964 1691 1061 1740 mens
1069 1675 1177 1740 imber
1187 1677 1717 1759 descendetnoocommooetitur,

173 1778 226 1844 ἐπὶ
251 1780 310 1864 τὴν
332 1777 460 1863 πέτραν,
483 1779 540 1843 καί
563 1779 620 1842 δτι
641 1788 781 1856 τοιοῦτος
804 1777 856 1860 ὢν,
879 1780 923 1866 είς
964 1778 1024 1842 ubi
1034 1797 1137 1861 super
1151 1783 1282 1860 petram
1293 1781 1425 1844 steterit
1440 1779 1586 1861 perfecte
1600 1778 1720 1851 tunda-

174 1881 372 1969 μνημόουνον
398 1881 523 1948 αίύνιον
550 1883 641 1947 ἐσται
662 1880 792 1958 δίκαιος.
822 1876 861 1946 Ὁ
887 1881 922 1946 δὲ
964 1888 1036 1963 tus;
1049 1885 1172 1947 ettalis
1188 1881 1720 1964 quumsitvir,inmemoriulie·

44 1983 47 1986 ’
173 1986 367 2074 Σύμμαχος·
389 1984 445 2064 Eu
468 1983 595 2072 μνήμην
610 1987 669 2072 τὴν
690 1983 817 2052 αἰωνίαν
832 1987 923 2052 ἐσται
964 1990 1054 2051 terno
1064 1987 1257 2068 mejerus.
1267 1986 1490 2072 Symmachus
1503 1987 1722 2054 ver0:inme-

171 2089 489 2173 circumductio,
502 2092 614 2177 ότιμὴ
628 2087 922 2176 suscepererunt
961 2091 1257 2156 οιοιυαόκικιονόιιίι·
1281 2093 1346 2157 crit
1359 2092 1486 2171 justus.
1514 2093 1558 2154 Et
1581 2093 1721 2170 iterum,

173 2195 276 2280 ἀκοῆς
294 2204 436 2280 πονηρᾶς
459 2194 496 2262 οὐ
518 2193 751 2282 ρούηθήσεται·
773 2196 847 2260 σύτε
859 2196 922 2281 γόιρ
965 2211 1006 2258 eo
1021 2195 1093 2277 ipso
1108 2195 1198 2275 quod
1213 2211 1282 2258 non
1297 2180 1486 2259 commotus
1501 2200 1562 2276 est,
1577 2195 1617 2260 ab
1628 2195 1722 2261 cudi·

173 2299 307 2379 ἀπειλὰς
330 2301 492 2388 ἀρχόντων
513 2299 636 2386 πτύξαι,
658 2303 730 2366 obre
744 2309 805 2367 των
824 2299 924 2385 δορυ-
963 2298 1220 2363 ίίοιιειιιαόοποκ
1231 2299 1365 2365 timebit.
1376 2300 1493 2380 Neque
1505 2299 1596 2364 enim
1608 2301 1719 2364 minas

168 2403 235 2472 δεῖν
249 2407 304 2470 καὶ
318 2404 482 2490 ταράττειν
493 2405 589 2472 αὐτόν
599 2402 797 2491 πειρωμένων
808 2403 843 2470 έν
854 2423 924 2469 και-
961 2400 1156 2482 principum
1179 2401 1382 2482 formidabit,
1398 2421 1509 2485 neque
1526 2421 1583 2468 eos
1605 2405 1665 2485 qui
1680 2403 1717 2467 in
1762 2481 1765 2488 .

169 2509 236 2595 ρυῑς
258 2508 498 2594 περιστατικοῖς.
522 2507 588 2572 Καὶ
611 2507 715 2586 όλλως
730 2506 766 2572 δὲ
786 2507 860 2573 ούδέ
882 2506 923 2573 ἐκ
961 2505 1120 2584 angustis
1134 2507 1344 2588 temporibus
1367 2506 1570 2571 conturbare
1593 2513 1628 2570 et
1641 2523 1720 2570 oon·
1764 2545 1767 2552 ·

171 2610 277 2700 λόγων
303 2611 427 2696 ψευδῶν
452 2609 735 2697 ἐπαγγελλομένων
760 2611 817 2698 μὲν
842 2607 922 2696 ἀλή-
961 2618 1077 2674 cutere
1099 2629 1178 2676 eum
1204 2613 1380 2676 conantur.
1408 2613 1572 2675 ceterum
1601 2627 1714 2692 neque

169 2714 267 2798 θειαν,
289 2712 505 2801 ἐπαιρομένων
530 2713 565 2778 δὲ
589 2715 675 2781 κατόι
696 2723 754 2801 τῆς
774 2711 920 2800 γνύσεως
961 2714 1105 2778 overbis
1118 2714 1348 2805 mendacibus,
1360 2732 1437 2796 quae
1448 2715 1627 2778 veritatem
1639 2715 1717 2795 qui·

168 2831 226 2887 τοῦ
240 2819 334 2904 Θεοῦ,
357 2817 501 2886 πείσεταί
522 2841 552 2884 τι
566 2819 676 2904 δεινόν,
691 2819 748 2884 ατε
771 2819 811 2905 δὴ
834 2815 920 2884 τεθε-
962 2817 1040 2882 dem
1055 2819 1243 2900 venditant,
1259 2820 1317 2884 sed
1332 2820 1537 2882 attolluntur
1552 2817 1717 2882 adversus

171 2923 362 3012 petrapium
376 2925 428 2990 ἐπί
441 2925 501 3010 τὴν
514 2922 643 3009 πέτραν,
653 2925 709 2988 καὶ
720 2921 853 3009 μηδενός
865 2921 919 2988 αύ-
960 2923 1139 2987 scientiam
1154 2923 1225 3002 Dei,
1239 2922 1425 3004 quidquam
1439 2923 1586 2986 sinistrae
1598 2920 1718 2986 suode-

166 3028 221 3093 τόν
236 3027 426 3113 χωρίζοντος
449 3027 512 3092 ἀπό
528 3036 586 3112 τῆς
602 3025 732 3114 ἀγάπης
752 3036 809 3093 τοῦ
823 3024 917 3111 Θεοῦ,
960 3025 1003 3090 1ae
1014 3029 1187 3110 percipiet,
1200 3044 1308 3109 quum
1320 3026 1480 3092 fundatus
1488 3027 1534 3090 eit
1544 3044 1648 3108 super
1660 3043 1717 3108 pe·

168 3139 227 3216 τῆς
243 3131 277 3198 ἐν
298 3131 427 3218 Χριστῷ
449 3129 566 3226 Ἰησοῦ.
590 3131 658 3218 Τὴν
680 3131 716 3195 δέ
737 3129 841 3196 αἰτίαν
861 3139 919 3197 τοῦ
960 3134 1060 3211 tram,
1086 3137 1121 3196 et
1139 3151 1245 3215 quum
1271 3149 1371 3196 nemo
1395 3150 1473 3196 eum
1495 3135 1716 3212 separaturus

169 3235 214 3320 μὴ
240 3233 404 3319 φούεῐσθαι
430 3235 525 3300 αύτὸν
550 3236 610 3320 τὴν
636 3236 777 3319 πονηρόιν
803 3233 917 3322 ἀκοὴν,
961 3235 1008 3298 sit
1028 3253 1049 3298 a
1069 3236 1235 3300 charitate
1258 3237 1330 3316 Dei,
1354 3244 1431 3317 quae
1446 3240 1499 3300 est
1521 3237 1557 3300 in
1581 3235 1714 3299 Christo

169 3337 370 3424 παρόχρημα
399 3337 573 3427 ἐπήγαγεν,
602 3337 712 3405 eraut·
737 3336 871 3424 Ἐτοίμη
894 3335 917 3424 ἡ
958 3339 1053 3402 Jesu.
1076 3341 1220 3402 Causam
1236 3356 1316 3402 vero
1339 3357 1401 3402 our
1424 3357 1491 3403 non
1514 3344 1645 3403 metuat
1666 3339 1710 3402 eb

170 3439 287 3527 καρδία
309 3442 406 3508 αὐτοῦ
424 3440 550 3508 ἐλπίσαι
562 3441 614 3507 ἐπὶ
631 3440 759 3530 Κύριον,
774 3440 919 3527 ἐστύρικ-
960 3441 1135 3506 auditione
1148 3444 1247 3522 mala,
1259 3443 1375 3506 statim
1390 3442 1574 3523 subjungit
1585 3442 1711 3506 dicens:

170 3543 258 3630 ταιή
275 3545 390 3632 καρδία
405 3547 514 3629 αὐτοῦ,
529 3547 567 3612 ού
587 3548 630 3633 μὴ
654 3545 779 3634 ροόηθρ
803 3545 862 3626 ἕως
880 3549 918 3615 ού
958 3548 1119 3610 Paratum
1133 3547 1272 3627 corejur
1286 3563 1419 3627 sperare
1431 3547 1625 3626 inDomr‘nc,
1645 3563 1715 3611 ουκ-

164 3648 256 3738 ardep
273 3651 324 3717 ἐπί
339 3653 412 3730 τοὺς
427 3649 561 3738 ἐχθροὺς
575 3650 683 3718 αὐτοῦ.
947 3648 1125 3730 firmatum
1138 3654 1188 3714 est
1208 3667 1262 3742 cor
1275 3650 1362 3730 ejus:
1376 3665 1440 3714 που
1457 3648 1590 3728 timebit,
1617 3647 1712 3716 dom

959 3749 1117 3832 όειρόυιαό
1129 3753 1390 3832 ropcrinimicor
1407 3768 1492 3816 roos.
1541 3773 1544 3780 ·

207 3879 239 3925 v.
257 3861 308 3926 10.
319 3857 524 3946 Ἀμαρτωλδς
535 3861 657 3945 ὄψεται,
668 3861 725 3924 καί
735 3858 918 3946 opprobrior-
1004 3873 1035 3917 v.
1065 3854 1115 3918 10.
1139 3857 1292 3921 Peccator
1315 3855 1444 3934 videbit,
1476 3857 1508 3919 et
1535 3856 1712 3936 irascetwr,

163 3983 226 4045 ται,
242 3967 315 4043 τοὺς
339 3964 469 4044 ὀδόντας
491 3967 588 4031 αὐτοῦ
611 3963 724 4052 βρύξει,
743 3968 799 4031 καί
819 3963 919 4052 τακή-
960 3959 1106 4024 dentibus
1124 3958 1351 4041 subfrondet,
1376 3965 1409 4026 et
1422 3959 1567 4039 tabescet,
1592 3958 1714 4026 decide·

163 4088 263 4152 σεται,
280 4066 429 4155 ἐπιθυμία
444 4067 634 4155 ἁμαρτωλοῦ
650 4067 824 4135 ἀπολεῖται.
960 4065 1239 4146 comparatores
1247 4063 1379 4146 peredit.

209 4171 399 4259 Παρύνομος
414 4173 591 4258 όψεταικαὶ
602 4170 832 4258 όργισθήσεται,
843 4174 917 4251 τοὺς
1005 4170 1106 4249 Legis
1122 4170 1336 4235 adversarius
1354 4169 1474 4235 ridebit
1487 4175 1518 4236 et
1539 4171 1714 4253 irascetur,

166 4275 297 4353 ὀδόντας
324 4275 421 4341 αὐτοῦ
448 4274 546 4362 πρίων
571 4275 766 4362 τακήσεται,
794 4275 836 4356 ὡς
861 4286 917 4343 τοῦ
959 4275 1077 4342 dentes
1091 4291 1170 4339 suos
1189 4291 1317 4354 secans,
1333 4273 1477 4356 uterere,
1495 4279 1533 4338 ut
1548 4275 1608 4358 qni
1624 4276 1713 4355 legis

165 4379 351 4468 παρανόμου
373 4380 541 4466 εἰληφότος
565 4381 621 4466 μέν
647 4381 752 4466 νόμον,
777 4378 916 4466 παραόε-
958 4379 1112 4459 violator,
1135 4380 1248 4458 legem
1264 4396 1367 4460 quam
1394 4380 1553 4460 suscepit,
1570 4384 1716 4461 postmo-

167 4480 305 4568 όηκότος
320 4484 356 4548 δέ
371 4484 485 4550 αὐτόν·
501 4493 640 4562 τοιοῦτος
655 4484 690 4549 δὲ
705 4495 768 4564 στας
782 4487 800 4550 t
816 4486 854 4551 ἐκ
864 4507 918 4552 πε-
958 4482 1040 4546 dum
1063 4488 1297 4561 transgressus
1313 4481 1425 4546 fuerit.
1450 4485 1557 4546 Homo
1581 4485 1645 4547 iste
1661 4489 1714 4548 est

167 4595 309 4673 ριτομης,
332 4589 367 4666 δς
383 4589 433 4654 ἐπὶ
455 4598 495 4674 cp
518 4585 659 4673 ἡμετέρα
682 4589 822 4675 σωτηρίᾳ
844 4591 916 4668 τοὺς
960 4588 1167 4668 quicumque
1182 4587 1413 4666 circumcisus,
1430 4587 1490 4667 qui
1505 4605 1607 4668 super
1622 4591 1714 4653 salu·

162 4690 293 4769 ὀδόντας
309 4692 407 4757 αὐτοῦ
423 4691 549 4778 βρύχει·
572 4691 725 4757 ἀλλὰκαὶ
747 4693 775 4757 οἱ
790 4701 852 4758 τῶν
866 4691 916 4758 ἐθ-
959 4693 1121 4784 tenostra
1132 4689 1289 4754 dentibus
1302 4689 1444 4770 frendit3
1456 4695 1531 4753 tum
1547 4693 1651 4756 etiam
1664 4693 1715 4756 in·

162 4803 225 4861 νόιν
241 4796 367 4861 ἄποτοι
380 4798 478 4861 ταύτό
491 4794 667 4881 πάσχουσιν
683 4795 734 4860 ἐπὶ
746 4804 786 4880 τῇ
801 4816 917 4880 προκο-
959 4793 1089 4858 creduli
1102 4795 1260 4874 gentium
1274 4793 1361 4857 idem
1378 4795 1566 4874 patiuntur,
1578 4797 1607 4859 si
1623 4815 1666 4860 ex
1678 4797 1719 4860 il·
1756 4851 1766 4867 ς

163 4908 209 4984 πῇ
232 4899 294 4965 τῶν
317 4898 351 4980 ἐξ
373 4901 477 4966 αὐτῶν
500 4897 761 4986 μεταύεύηκότων
784 4899 835 4966 ἐπὶ
856 4903 916 4988 τὴν
959 4898 1003 4962 lis
1023 4904 1104 4962 sunt
1120 4900 1179 4979 qui
1203 4898 1460 4980 progredientes
1475 4904 1656 4964 transeunt
1680 4903 1715 4965 in

161 5004 247 5070 κατόι
272 5001 355 5070 Θεὸν
379 5002 550 5100 πολιτείαν.
574 5003 667 5091 Πλὴν
688 5003 853 5091 ἀμφότερα
874 5008 916 5074 τὰ
964 5002 1120 5068 divinum
1136 5003 1215 5066 vitae
1232 5019 1354 5082 genus.
1372 5004 1512 5074 Interim
1537 5005 1638 5068 ambo
1660 5023 1722 5084 ag-

195 5241 222 5282 v.
236 5224 278 5279 ιο.
292 5221 366 5281 rara.
380 5223 419 5281 ιι.
432 5240 475 5296 11,
488 5224 514 5281 e.
