4006 6090
23 686 27 697 Ι

22 825 23 836 t

21 949 23 958 ι

821 433 865 500 m
887 435 1071 502 rsunuos
1128 399 1134 417 “

780 715 949 794 Ρεαίτκιιε
976 714 1129 798 cxlx.

225 941 305 1036 ’ῼδὴ
321 953 383 1013 τῶν
397 943 595 1035 άναδαθμῶν.
924 1003 928 1014 .
1020 949 1186 1016 Canticum
1197 946 1368 1032 ρααάιιααι.

225 1049 325 1117 Μόνοι
339 1051 368 1116 oi
382 1062 425 1138 τῷ
440 1051 524 1137 λόγῳ
539 1051 594 1117 καί
610 1060 654 1138 τῷ
671 1049 726 1138 βίῳ
747 1049 928 1116 ἀναόαίνον-
1015 1052 1230 1116 solummodo
1243 1053 1286 1116 ad
1301 1055 1377 1117 illos
1389 1053 1449 1135 qui
1464 1055 1594 1118 ratione
1608 1060 1642 1118 et
1652 1055 1724 1118 vita

181 1171 243 1235 τες,
260 1153 369 1220 οίκεῖοί
391 1156 448 1220 είσι
463 1164 524 1221 τῶν
542 1153 729 1241 ἀναδαθμῶν
743 1155 798 1218 καί
812 1163 873 1220 τῶν
895 1153 929 1219 ἐν
971 1157 1166 1236 ascendunt,
1193 1158 1364 1238 pertinent
1385 1159 1518 1221 cantica
1543 1159 1715 1238 graduum

181 1267 250 1336 ταῖς
266 1258 361 1344 ᾠδαῖς
375 1259 477 1323 αὐτῶν
493 1256 680 1345 μυστηρίων.
693 1256 929 1344 Στοχαζιθμεθα
974 1265 1008 1323 et
1019 1261 1181 1344 mysteria
1192 1279 1267 1342 quae
1280 1263 1314 1324 in
1327 1263 1394 1326 illis
1402 1264 1629 1328 continentur.
1639 1267 1723 1344 Sup-

181 1363 241 1447 τὴν
257 1363 313 1448 μέν
334 1362 462 1448 πρώτην
484 1362 569 1449 ίμδην
590 1372 652 1428 τῶν
667 1361 855 1447 άναδαθμῶν
877 1359 928 1426 λό-
971 1365 1120 1446 positum
1128 1366 1424 1446 nobishubeamus,
1433 1369 1580 1448 primum
1593 1369 1722 1432 scalere

181 1465 293 1551 γεσθαι
308 1467 342 1532 ἐν
353 1473 396 1552 τῷ
408 1467 485 1554 λαῷ,
502 1467 531 1531 εί
540 1485 616 1530 ποτε
631 1465 767 1551 πόλεμος
782 1465 929 1550 προσεδο
972 1469 1142 1533 canticum
1158 1471 1292 1534 recitari
1304 1473 1340 1534 in
1352 1473 1486 1553 populo,
1498 1474 1634 1553 quando
1650 1473 1725 1538 bel·

181 1579 271 1634 κάτο.
294 1568 364 1656 Την
385 1569 420 1634 δὲ
442 1568 600 1653 δευτέραν,
616 1569 711 1634 ὁπότε
733 1569 929 1653 παρεσκευά
973 1573 1045 1635 lum
1061 1572 1269 1637 imminebat.
1295 1574 1497 1655 Secundum,
1513 1576 1550 1638 in
1566 1577 1651 1639 aciei
1668 1593 1722 1639 ac·

182 1669 275 1752 ζοντο
286 1673 341 1740 καί
353 1674 526 1761 συμμάχων
537 1673 671 1741 ἐδέοντο.
684 1674 752 1761 Τὴν
764 1675 799 1739 δέ
811 1671 927 1760 τρίτην,
973 1677 1087 1739 cinctu
1119 1681 1154 1740 et
1183 1682 1307 1756 rogatu
1341 1679 1519 1741 sociorum.
1560 1680 1723 1758 Tertium,

183 1777 236 1843 δτε
259 1775 468 1864 συμόαλόντες
491 1786 555 1856 τοῖς
585 1778 744 1865 πολεμίοις
767 1774 931 1864 όπέρτεροί
974 1781 1109 1862 quando
1135 1799 1214 1845 cum
1243 1781 1397 1845 hostibus
1426 1783 1610 1862 congressi,
1641 1782 1724 1863 ipsis

183 1899 250 1960 πως
264 1883 366 1947 αὐτῶν
389 1881 543 1968 ἐγένοντο.
560 1882 628 1969 Τὴν
642 1883 677 1960 δὲ
697 1883 861 1968 τετάρτην,
876 1882 929 1946 ότε
970 1883 1041 1964 jam
1075 1887 1269 1966 superiores
1310 1885 1555 1966 quodammodo
1587 1885 1724 1949 fiebant.

183 1988 254 2071 περὶ
269 1995 326 2072 της
348 1984 436 2071 νίκης
459 1987 510 2051 ἐπί
531 1986 614 2051 τέλει
636 1985 779 2073 ηλπιζον.
803 1985 871 2072 Τὴν
894 1987 930 2051 δέ
974 1990 1147 2068 Quartum,
1171 2005 1281 2070 quum
1311 1989 1346 2053 in
1362 1989 1457 2053 exitu
1479 2005 1614 2070 pugnae,
1630 2007 1724 2070 spem

183 2085 340 2175 πόμπτην,
355 2089 447 2175 ἐντῷ
462 2089 713 2174 κατωρθωκέναι.
737 2089 806 2176 Τὴν
827 2091 862 2156 δέ
878 2089 930 2155 ἐκ·
974 2090 1143 2155 habebant
1150 2093 1489 2173 vietoriae.Quintum,
1499 2098 1596 2174 parto
1604 2093 1724 2156 trium·

183 2211 252 2276 την,
268 2191 522 2280 ἐπανερχόμενον.
539 2193 607 2279 Τὴν
630 2194 664 2257 δέ
688 2191 833 2279 ἑόδόμην,
855 2193 931 2258 ἐπα·
974 2195 1051 2277 pho.
1074 2197 1224 2276 Sextum,
1248 2197 1284 2259 in
1307 2198 1419 2260 reditu
1435 2198 1593 2260 militum.
1617 2199 1723 2278 Septi·
1785 2203 1788 2214 '

181 2296 397 2382 νεληλυθότες.
415 2297 483 2383 Τὴν
505 2298 541 2363 δέ
563 2297 689 2384 δγδόην,
710 2298 931 2377 ἐπισκευάζον-
975 2318 1079 2378 mum,
1091 2304 1167 2380 post
1182 2299 1418 2363 reversionem.
1432 2303 1605 2381 Octavum,
1618 2316 1724 2380 quan·

182 2421 235 2479 τις
249 2403 303 2467 τόν
325 2401 409 2466 ναόν.
427 2400 494 2489 Τὴν
517 2401 552 2467 δέ
568 2401 710 2485 ἐννάτην,
734 2403 816 2487 μετά
837 2403 873 2467 τό
896 2403 930 2467 ἐν
974 2404 1016 2468 do
1038 2405 1203 2486 templum
1218 2403 1437 2467 exornabant.
1459 2405 1604 2484 Nonum,
1631 2407 1721 2486 post-

183 2505 291 2592 εἰρήνη
305 2506 460 2593 γενέσθαι,
483 2507 708 2593 διαγράφοντες
731 2505 810 2587 τίςό
830 2507 932 2595 μακά·
973 2525 1076 2590 quam
1092 2509 1127 2571 in
1139 2523 1221 2589 pace
1232 2507 1419 2588 compositi,
1431 2507 1603 2571 celebrant
1614 2525 1721 2588 quan-

184 2630 250 2694 ριος
265 2609 314 2674 ἐπί
337 2619 381 2696 τῷ
394 2613 468 2688 τοὺς
491 2609 623 2688 οἰκείους
646 2610 856 2698 ἀπειληφέναι
877 2615 932 2678 καί
973 2616 1010 2676 ta
1023 2611 1069 2675 sit
1081 2610 1266 2692 beatitudo,
1281 2611 1414 2674 deserta
1435 2611 1531 2692 prius
1545 2610 1653 2692 domo,
1669 2629 1723 2675 re-

184 2715 264 2780 είναι
279 2717 336 2781 σὺν
351 2716 466 2792 αὐτοῖς.
483 2714 551 2801 Τὴν
566 2715 601 2780 δέ
616 2715 754 2800 δεκάτην
773 2717 807 2782 ἐν
822 2714 934 2804 βαθείφ
975 2714 1162 2798 cuper-endi
1176 2731 1265 2779 suos.
1281 2715 1470 2794 Decimum,
1482 2715 1542 2777 ubi
1557 2715 1627 2777 alta
1641 2731 1724 2796 pace

186 2817 396 2904 τυγχάνοντες
411 2815 531 2904 είρηνρ,
546 2819 599 2885 ότι
614 2821 690 2905 φασί
705 2820 859 2900 πολλάκις
875 2824 933 2909 μὲν
975 2820 1172 2902 composita,
1187 2819 1299 2884 dicere
1311 2817 1423 2898 juvet,
1435 2835 1471 2882 se
1486 2835 1575 2900 saepe
1589 2819 1727 2900 quidem

187 2921 435 3008 πεπολεμησθαι,
449 2922 529 3008 μηδὲ
543 2922 671 2988 πώποτε
685 2923 725 3010 δη
748 2925 932 3012 δεδυνῆσθαι
976 2926 1080 2992 inisse
1095 2926 1325 3006 impugnatos,
1347 2941 1534 3006 numquam
1553 2942 1633 2989 vero
1647 2942 1725 3007 pro·

188 3025 259 3092 κατ’
270 3027 372 3094 αὐτῶν
387 3028 459 3103 τοὺς
474 3025 651 3113 πολεμίους.
668 3027 737 3114 Τὴν
756 3027 791 3094 δὲ
807 3027 944 3096 ἕνδεκά·
975 3033 1097 3093 σίτοισι
1108 3029 1151 3092 ab
1162 3028 1328 3094 hostibus.
1342 3027 1575 3109 Undecimum,
1587 3029 1722 3110 quando

187 3150 256 3215 την,
268 3129 332 3216 ηδη
345 3139 409 3208 τοῖς
420 3127 511 3209 θείοις
523 3129 749 3218 σχολάσαντες,
762 3133 816 3197 καί
828 3135 868 3199 τά
880 3132 934 3220 βά-
978 3132 1103 3198 divinis
1117 3129 1190 3213 Jam
1204 3133 1401 3196 vacaverint
1416 3134 1527 3214 rebus,
1543 3137 1578 3198 et
1591 3134 1727 3214 profun-

188 3232 418 3319 θηέσχηκότες
440 3232 474 3300 ἐν
489 3241 553 3314 τοῖς
568 3234 768 3321 ἡγεμονικοῖς
792 3235 854 3301 ἀπὸ
878 3235 934 3322 βα·
976 3235 1020 3300 ds
1041 3254 1159 3300 earum
1185 3237 1350 3319 mysteria
1375 3237 1418 3301 ab
1440 3238 1510 3302 alto
1528 3238 1672 3318 repetita
1694 3241 1729 3301 et

186 3337 267 3406 θέων
281 3340 336 3402 καί
350 3336 609 3424 άπορρητοτέρων
624 3348 724 3404 τινῶν.
741 3339 809 3426 Τὴν
824 3341 859 3405 δέ
874 3341 933 3406 δω-
977 3341 1202 3405 reconditiore
1236 3358 1339 3404 sensu
1366 3359 1444 3404 cum
1469 3360 1601 3406 summo
1636 3360 1728 3406 men·

188 3442 337 3527 δεκίιτην,
354 3441 396 3520 ὡς
412 3443 472 3507 οὐκ
486 3442 685 3528 ἐπαιρόμενοι
700 3443 751 3508 ἐπί
762 3453 827 3522 τοῖς
837 3465 935 3530 γνωσ-
977 3446 1064 3509 tium
1080 3444 1247 3508 acumine.
1265 3444 1521 3525 Duodecimum,
1543 3463 1583 3509 ac
1604 3447 1634 3508 si
1656 3462 1724 3509 uon

188 3545 293 3612 θεῖσιν.
311 3544 378 3633 Τὴν
393 3546 428 3611 δέ
443 3546 704 3631 τρισκαιδεκάτην
727 3547 798 3633 περί
814 3547 935 3613 όιποκα-
976 3548 1174 3630 superbient
1204 3545 1245 3610 de
1272 3548 1358 3612 scita
1380 3549 1599 3629 experientia.
1630 3550 1728 3613 Deci·

187 3651 369 3728 ταστόισεως
391 3653 536 3737 εὔχονται
552 3651 700 3735 Χριστοῦ.
721 3652 790 3738 Την
812 3653 847 3717 δέ
866 3674 935 3718 τεσ-
977 3669 1071 3716 mum
1079 3651 1218 3715 tertium
1227 3651 1545 3716 voveturdechristi
1557 3652 1724 3717 instaura·

187 3755 568 3840 σαρεσκαιδεκότην,περί
580 3756 934 3843 όιποκαταστόισεωςτης
977 3757 1078 3820 tione.
1095 3755 1272 3819 Decimum
1290 3759 1452 3836 quartum
1472 3761 1522 3820 est
1537 3757 1577 3819 de
1593 3758 1727 3821 restitu-

187 3857 370 3944 ἐκκλησίας.
399 3858 466 3945 Τὴν
492 3860 527 3924 δε
552 3860 838 3946 πεντεκαιδεκάιην
863 3864 935 3947 περί
977 3861 1068 3925 tione
1090 3857 1259 3923 Ecclesiae.
1286 3859 1448 3933 Quintum
1469 3859 1616 3940 denique
1639 3862 1726 3926 deci·

188 3974 245 4029 τοῠ
256 3963 319 4028 δεῖν
332 3963 454 4046 αὐτοὺς,
467 3961 648 4048 φθάσαντας
660 3962 704 4041 είς
714 3965 768 4029 τόν
779 3964 866 4029 οίκον
878 3973 934 4030 τοῦ
977 3982 1071 4028 mum
1083 3962 1179 4027 docet
1190 3962 1356 4044 quomodo
1368 3967 1519 4044 oporteat
1530 3981 1597 4045 eos,
1611 3964 1671 4028 ubi
1682 3963 1725 4029 ad

188 4068 283 4151 Θεοῦ,
298 4065 465 4152 ἑστηκέναι
486 4067 520 4132 ἐν
536 4068 630 4154 αὐτῷ,
646 4069 701 4132 καί
723 4067 864 4155 εὐλογεῖν
880 4070 934 4135 αθ
977 4069 1114 4132 domum
1128 4085 1260 4130 sacram
1275 4069 1500 4149 pervenerint,
1516 4069 1553 4132 in
1568 4085 1609 4132 ea
1623 4074 1724 4150 stare,

186 4175 251 4255 τόν,
266 4169 452 4256 ἐπαίροντας
467 4172 523 4248 τόις
536 4181 646 4257 χεῖρας
667 4173 710 4249 είς
725 4174 766 4238 τά
781 4174 868 4259 άγια,
883 4175 935 4240 ίνα
980 4176 1015 4236 et
1029 4174 1140 4236 Deum
1154 4169 1264 4235 fauete
1279 4170 1400 4251 dicere,
1416 4173 1459 4236 ad
1473 4177 1591 4236 sancta
1605 4191 1728 4238 manns

188 4277 244 4341 καί
259 4276 351 4340 citor
363 4274 574 4360 εθλογηθῶσιν
590 4275 653 4340 όιπό
668 4271 796 4361 Κυρίου.
979 4276 1181 4354 attollentes,
1197 4280 1236 4339 ut
1258 4281 1292 4339 et
1307 4277 1371 4357 ipsi
1389 4295 1410 4339 a
1429 4278 1571 4341 Domino
1591 4277 1727 4342 benedi-

981 4387 1113 4446 cantur.

233 4504 265 4549 v.
284 4487 312 4549 1.
329 4483 413 4569 Πρός
427 4482 544 4567 Κύριον
566 4482 600 4548 ἐν
614 4490 659 4569 τῷ
678 4483 837 4552 θλίόεσθαί
852 4507 891 4573 με
907 4487 937 4552 ἐ·
1026 4505 1059 4549 ν.
1074 4488 1103 4550 1.
1115 4483 1168 4551 Διί
1177 4485 1361 4563 nominoe,
1376 4500 1447 4549 eum
1463 4482 1650 4563 tribularer,
1665 4482 1729 4549 cla·

190 4586 344 4672 κέκραξα.
983 4589 1080 4654 πισοί.

234 4689 312 4758 'Oce
328 4693 382 4756 καί
397 4689 533 4778 μεγάλαι
548 4691 606 4756 είσί
621 4692 676 4756 καί
692 4691 807 4756 πολλαί
823 4692 856 4756 αἱ
870 4691 940 4757 θλί-
1027 4693 1102 4756 Sint
1128 4691 1219 4754 enim
1242 4707 1321 4754 vero
1343 4692 1513 4770 augustia
1536 4694 1570 4754 et
1591 4708 1728 4770 magnae

193 4797 272 4882 ψεις,
289 4797 326 4862 οὐ
341 4795 565 4883 παρελκόμεθα
586 4794 753 4861 θπάὐτῶν
775 4796 819 4873 είς
841 4798 877 4860 τό
893 4799 937 4883 μὴ
984 4800 1018 4860 et
1040 4795 1168 4876 multae,
1192 4810 1259 4857 non
1282 4810 1462 4874 possumus
1483 4796 1527 4859 ab
1549 4796 1618 4859 illis
1639 4796 1729 4860 trahi

227 4971 276 5028 Pe.
288 4987 372 5033 oxrx.
382 4970 561 5029 Prooemium
572 4973 763 5040 Στοχαζόμτθα
772 4931 830 5028 ᾗΒ.
843 4987 939 5040 παρετ·
982 4967 1050 5026 Vat
1064 4967 1106 5038 16,
1118 4965 1169 5037 qni
1181 4965 1262 5022 solus
1279 4965 1369 5022 habet
1379 4966 1536 5041 pericopen
1551 4973 1602 5036 καί
1615 4972 1650 5024 τᾶ
1663 4971 1729 5039 βάθη

191 5061 349 5127 κιυάζοιντο
366 5059 471 5118 vato.
486 5089 519 5100 -
531 5060 592 5125 Πθς
609 5056 674 5114 edd.
688 5074 744 5114 om.
762 5057 814 5114 alii
830 5061 940 5128 γεγονί-
983 5052 1126 5127 usquead
1138 5057 1222 5109 τινῶν.

191 5165 290 5204 ναι-
304 5149 349 5204 Ἐν
360 5153 398 5218 τῷ
414 5147 618 5217 κατωρθωκίναι
628 5145 698 5218 Vat,
715 5145 741 5201 ά
755 5174 788 5188 -
801 5147 940 5216 λίηδῖποεε
1018 5159 1049 5200 ν.
1060 5140 1085 5198 1.
1098 5139 1166 5198 Vct
1178 5140 1206 5196 4.
1218 5138 1268 5197 Pe.
1283 5153 1366 5210 cxiv,
1377 5140 1404 5196 ί..
1463 5231 1465 5236 Ι
