4006 6090
976 456 1189 525 osmnuss

845 720 1015 800 Ρισίαιαο
1041 713 1297 801 CXXXVII.

344 991 375 1038 v.
393 977 422 1038 1.
438 969 736 1060 Ἐξομολογήσομαί
749 991 808 1057 σοι,
821 971 928 1057 Κύριε,
941 971 1045 1056 ἐνίίλη
1135 991 1165 1036 v.
1195 975 1224 1036 l.
1254 971 1428 1056 cofiteor
1449 969 1519 1052 tili,
1546 971 1691 1053 anirte,
1716 970 1754 1038 οἰι
1776 973 1842 1040 eoo

293 1075 409 1162 καρδίᾳ
432 1099 501 1162 μου,
524 1079 579 1143 καί
609 1075 749 1143 ἐναντίον
779 1073 923 1163 ἀγγέλων
954 1075 1047 1160 ψαλῶ
1090 1075 1182 1144 eorde
1195 1094 1262 1142 ηισο
1275 1081 1307 1142 ct
1320 1077 1357 1141 iu
1371 1083 1538 1159 cooperta
1552 1075 1740 1161 υνοροίυινιαο
1749 1075 1842 1160 psol·

294 1203 353 1264 σοι,
370 1181 417 1246 ὅτι
431 1184 575 1268 ἤκουσας
589 1180 695 1246 πάντα
705 1183 746 1247 τίν
761 1179 891 1268 ψήμιιτα
906 1190 961 1245 τοῦ
975 1179 1046 1245 στί·
1091 1181 1159 1246 lcm
1184 1179 1254 1262 titi,
1284 1182 1437 1264 pometum
1460 1181 1586 1248 ακιέίοίί
1614 1183 1723 1246 maneb
1747 1181 1843 1247 cerda

295 1287 394 1371 μοιτίς
411 1306 481 1371 μου.
1091 1287 1161 1351 σνίο
1176 1286 1250 1350 mci.

338 1387 501 1456 Ἐναντίον
515 1385 660 1476 ἀγγέλων
683 1386 817 1476 ψάλλειν
830 1387 898 1454 έστί
917 1391 954 1454 τὸ
969 1387 1046 1453 ἀπε-
1135 1391 1173 1452 ln
1197 1395 1379 1471 conspectu
1402 1393 1608 1471 angelorum
1623 1388 1769 1473 psallere
1791 1398 1842 1455 est

294 1495 473 1579 ριπαιίοτιος
487 1493 630 1580 ψάλλειν,
646 1498 719 1582 ψτοι
730 1491 924 1578 τυπουμένου
939 1498 995 1556 τοῦ
1009 1488 1045 1574 ἠ·
1089 1494 1256 1558 indefessa
1270 1496 1446 1560 alacritate
1472 1498 1627 1578 psallere,
1644 1495 1679 1560 id
1701 1500 1753 1560 est
1775 1512 1844 1558 mo-

293 1605 462 1684 γεμονικοῦ
487 1598 578 1684 ἡμῶν
593 1597 698 1685 μένοις
719 1605 784 1674 τοίς
804 1593 1045 1681 σημαινομένοις
1088 1603 1188 1662 vente
1215 1617 1251 1662 se
1276 1617 1411 1662 summa
1436 1605 1550 1664 mente
1578 1603 1694 1662 nostra
1716 1597 1752 1660 in
1775 1614 1845 1660 rne-

292 1701 473 1788 πρίιγμασιν
496 1704 556 1768 ὑπὸ
571 1713 627 1767 τοῦ
650 1701 789 1786 ψαλμοῦ,
805 1702 827 1785 ἢ
842 1702 903 1765 καί
927 1701 970 1787 μὴ
995 1721 1046 1764 τυ-
1089 1701 1237 1765 ditandis
1252 1704 1333 1766 solis
1354 1704 1476 1784 psalmi
1498 1704 1724 1783 argumentis,
1740 1704 1794 1766 vel
1810 1719 1843 1764 e-

291 1806 459 1894 πουμένσυ.
475 1800 522 1871 ’ll
544 1807 631 1893 τάχα
654 1810 770 1884 οὕτως·
793 1801 933 1872 ἐναντίον
949 1803 1044 1890 ἀγγέ-
1088 1806 1171 1868 tiam
1194 1805 1372 1869 deficiente
1399 1807 1573 1888 superiore
1604 1810 1710 1868 motu.
1727 1806 1790 1868 Vel
1806 1805 1843 1866 iu

294 1909 357 1974 λων
380 1909 496 1995 ψάλλει
516 1911 532 1976 ὁ
553 1919 632 1977 νοῶν
654 1919 713 1995 τῆν
735 1910 874 1997 δύναμιν.
891 1947 933 1962 ·-
949 1909 1045 1975 Κατὰ
1087 1909 1151 1973 boc
1172 1927 1276 1974 sensu
1304 1911 1462 1974 fortasse:
1493 1911 1538 1974 Ινι
1559 1913 1725 1990 συνωμοσία
1746 1925 1841 1992 σορο-

293 2012 329 2078 δὲ
357 2015 417 2101 τὴν
443 2010 554 2099 ἑτέραν
585 2016 710 2080 ἔκδοσιν
741 2011 906 2100 [ἐναντίον
936 2013 1042 2098 θεῶν]
1087 2013 1193 2078 lotum
1215 2017 1340 2096 psallit,
1363 2015 1422 2096 qui
1446 2015 1612 2094 intelligit
1633 2015 1840 2095 psalmorum

295 2119 390 2196 θεοὺς
405 2121 478 2196 τοὺς
493 2118 698 2203 ίερεϊςκαλεί,
715 2119 799 2182 κατὰ
814 2121 868 2182 τὸ·
883 2115 931 2182 Οὐ
945 2115 1043 2192 θεοὺς
1087 2117 1282 2182 efficaciam.
1305 2155 1346 2166 -
1369 2121 1519 2183 Alteram
1542 2137 1622 2184 vero
1645 2119 1747 2200 justa
1769 2119 1838 2183 edi·

295 2221 532 2306 κακολογψσης.
548 2220 614 2287 Καί
629 2225 700 2306 περὶ
715 2221 859 2307 ἀγγέλων
871 2221 906 2286 te
918 2219 1044 2306 λέγεται
1089 2221 1231 2288 tionem:
1250 2221 1302 2306 [ln
1319 2229 1502 2305 conspectu
1517 2221 1679 2307 deorum],
1691 2225 1771 2288 deos
1786 2241 1846 2286 vo-

295 2325 330 2391 ίν
345 2334 407 2411 τῷ·
422 2325 525 2411 Χείλη
542 2325 649 2410 ἱερέως
668 2325 839 2411 φυλαξεται
852 2334 976 2412 γνῶσιν,
991 2325 1045 2390 κοιλ
1089 2331 1144 2389 cat
1172 2327 1373 2407 sacerdotes,
1403 2325 1589 2392 secundum
1620 2328 1701 2392 hoc:
1735 2329 1842 2391 «Diis

297 2427 338 2494 έκ
352 2428 509 2517 στόματος
528 2432 627 2495 αυτοῦ
645 2429 820 2514 ζητήσουσι
834 2429 1046 2512 δικαιοσύνην,
1090 2448 1158 2494 non
1180 2428 1397 2495 maledices»
1425 2435 1460 2494 et
1477 2430 1519 2494 de
1541 2433 1676 2511 angelis
1699 2432 1842 2495 dicitur:

298 2534 346 2598 ὅτι
357 2533 493 2620 ἄγγελος
505 2533 624 2620 Κυρίου
636 2534 890 2619 παντοκράτορος
901 2534 975 2600 ἐστι.
984 2532 1047 2617 Δη-
1092 2535 1841 2614 ‹<Labiesacerdotiscustodientsententiam,

294 2636 348 2705 λοί
360 2636 462 2704 τοίνυν
478 2639 525 2703 ὅτι
541 2637 786 2724 προηγουμένων
800 2647 863 2702 τῶν
878 2635 986 2721 ἱερέων
998 2639 1046 2701 εὐ-
1091 2643 1182 2703 etex
1204 2658 1260 2703 ore
1283 2639 1356 2719 ejus
1379 2642 1535 2720 quarunt
1553 2638 1735 2720 justitiam,
1759 2639 1842 2719 quia

293 2742 418 2822 τάκτως
434 2745 473 2809 σὺ
488 2741 714 2827 λειτουργψσω.
1090 2746 1237 2823 angelus
1252 2745 1390 2807 Domini
1406 2745 1647 2825 omnipotentis
1673 2749 1762 2808 est.»
1788 2745 1842 2806 ln-

1090 2855 1183 2912 terea
1211 2848 1361 2913 declarat
1389 2849 1480 2930 quod
1514 2866 1593 2913 cum
1626 2849 1841 2932 praecentori·

1090 2953 1155 3017 bus
1170 2952 1411 3032 sacerdotibus,
1434 2957 1472 3016 tu
1496 2954 1601 3018 sacris
1620 2955 1685 3018 rite
1708 2953 1845 3036 perfun-

352 3109 354 3114 .
656 3105 662 3114 .
1091 3073 1194 3136 geris.

340 3177 373 3226 ν.
390 3163 410 3228 5
426 3157 491 3228 Καί
508 3157 724 3247 ᾀσέιτωσανέν
738 3166 808 3237 ταῖς
819 3154 902 3235 ὁδοῖς
917 3151 1047 3240 Κυρίου,
1135 3179 1166 3223 v.
1184 3161 1214 3226 5.
1236 3161 1283 3226 Ιίί
1302 3165 1433 3228 ccotcut
1454 3163 1491 3226 ιἰι
1513 3162 1579 3226 ciis
1600 3163 1743 3243 Boniti,
1769 3181 1845 3246 quo

298 3264 346 3332 ὅτι
362 3262 760 3351 μεγάληὴδόξαΚυρίου.
1091 3263 1182 3329 uiam
1196 3282 1313 3349 οκσρου
1331 3266 1501 3350 celatoria
1515 3266 1659 3331 Domini.

339 3368 427 3436 Ὀδοί
449 3369 570 3457 Κυριόυ
593 3371 669 3435 είσίν
693 3370 725 3434 cl
752 3369 872 3454 ἀρεταὶ,
896 3367 1048 3454 φέρουσαι
1135 3370 1207 3433 viae
1222 3371 1358 3434 Domini
1371 3377 1453 3434 sunt
1467 3372 1612 3435 virtutes
1625 3388 1701 3452 qua
1712 3371 1844 3435 ducunt

295 3475 348 3541 ἐπὶ
363 3476 422 3560 την
437 3485 552 3561 γνῶσιν
566 3485 622 3540 τοῠ
637 3472 730 3542 Θεοῦ.
1093 3473 1136 3537 ad
1150 3475 1328 3538 scientiam
1343 3476 1415 3539 Dei.

340 3600 371 3646 v.
387 3583 418 3645 5.
435 3574 507 3644 Ὀτι
523 3577 644 3663 ὑψηλὸς
667 3577 793 3663 Κύριος,
809 3579 864 3642 καί
885 3577 927 3640 τοι
941 3596 1047 3641 ταπει-
1136 3597 1168 3641 v.
1185 3581 1214 3642 6.
1231 3580 1387 3656 &omium
1398 3579 1541 3645 eccelsiae
1552 3580 1721 3662 Daniele,
1739 3585 1770 3645 et
1784 3578 1843 3646 hu·

295 3683 335 3750 νὸι
350 3683 461 3770 ἐφορᾷ,
473 3685 529 3748 καί
539 3685 580 3748 τὰ
590 3681 700 3768 ὑψηλὰ
712 3683 775 3748 ἀπὸ
787 3681 944 3768 μακρόθεν
959 3679 1048 3768 γινώ·
1092 3685 1188 3749 milio
1202 3686 1345 3766 respicit,
1363 3689 1395 3748 ci
1408 3683 1478 3750 olto
1492 3701 1513 3750 o
1528 3684 1619 3768 ίσυρο
1634 3685 1799 3767 cognoscit.

295 3811 375 3855 σκει.
1129 3787 1844 3872 HumilesquidemproptervirtnteeDomi·

340 3893 423 3970 Τοὺς
439 3894 496 3978 μὲν
519 3893 685 3968 ταπεινοὺς
701 3891 718 3956 ὁ
732 3888 849 3975 Κύριος
870 3888 922 3955 διὰ
937 3888 1049 3976 τῶνά-
1092 3911 1158 3956 nus
1172 3894 1321 3975 respicit,
1338 3900 1451 3957 mente
1474 3899 1588 3958 autem
1604 3895 1767 3959 sublimes
1783 3913 1845 3976 per

296 4006 393 4082 ρετῶν
416 3997 525 4081 ἐφορᾷ,
549 3997 622 4072 τοὺς
644 3995 679 4058 δὲ
699 3995 784 4059 κατίι
806 3991 949 4059 διάνοιαν
967 3995 1047 4080 ίιψη-
1091 3999 1294 4078 sapientiam
1314 3999 1505 4078 cognoscit3
1531 4016 1587 4063 eos
1603 4001 1727 4082 quippe
1751 4000 1843 4063 Deus

295 4101 370 4180 λοὺς
386 4102 438 4166 διὰ
452 4111 508 4186 της
523 4099 636 4187 σοφίας
655 4099 818 4187 γινώσκει·
840 4100 970 4177 τούτους
985 4102 1047 4185 γὰρ
1092 4102 1258 4183 respicere
1281 4105 1315 4165 et
1336 4119 1541 4180 cognoscere
1559 4103 1693 4182 dicitur,
1714 4103 1749 4165 in
1771 4104 1845 4185 qui·

295 4207 413 4290 ἐφορᾶν
428 4207 483 4270 καί
504 4204 668 4290 γινώσκειν
687 4203 847 4290 λέγεταιὸ
866 4204 957 4288 Θεὸς,
973 4208 1048 4282 τοὺς
1091 4205 1156 4268 bus
1166 4205 1308 4285 babitat3
1319 4206 1549 4270 minimevero
1561 4224 1617 4270 eos
1628 4207 1843 4271 considerare

296 4309 330 4374 έν
347 4310 392 4386 οίς
408 4317 522 4394 χωρεῖ·
544 4309 599 4372 καί
613 4307 742 4386 τούτους
759 4310 802 4396 μη
818 4309 946 4395 ἐφορᾶν,
967 4311 1049 4395 μηδὲ
1093 4314 1154 4372 aut
1168 4325 1381 4388 cognoscere,
1394 4311 1429 4374 in
1442 4311 1566 4392 quibus
1579 4313 1691 4374 locum
1702 4328 1771 4374 non
1782 4312 1841 4374 ha·

296 4413 461 4497 γινὼσκειν
469 4415 541 4490 τοὺς
550 4413 583 4478 ἐν
594 4412 640 4489 οίς
652 4414 689 4476 ob
700 4419 807 4496 χωρεῖ.
820 4411 884 4476 Καί
894 4422 1051 4477 τοῦτοκα-
1093 4415 1160 4478 bet.
1177 4415 1221 4476 Et
1235 4413 1298 4478 hoc
1314 4415 1349 4478 in
1365 4419 1436 4478 tota
1459 4417 1634 4497 Scriptura
1656 4417 1843 4481 notandum

296 4518 392 4585 ildico
409 4515 601 4603 σημειωτέον
620 4519 654 4583 ἐν
669 4516 757 4601 πίιση
772 4526 812 4602 τη
828 4514 905 4600 θείᾳ
916 4525 1035 4601 γραφη.
1095 4519 1286 4598 generatim
1303 4525 1364 4583 est.

333 4740 383 4795 Pe.
399 4752 538 4798 cxxxvrr.
556 4753 584 4794 v.
598 4738 623 4792 1.
642 4737 710 4794 Vet.
729 4737 754 4793 b·
773 4736 819 4794 Cf.
837 4734 931 4793 Field.
944 4751 977 4810 rr,
994 4739 1049 4794 291
1093 4737 1184 4794 ctioni
1195 4741 1357 4808 τυπουμένου
1370 4741 1671 4813 τοῠὴγτμονικοῦὴμων
1679 4741 1842 4800 multenon
1867 4783 1871 4799 .

294 4823 421 4881 Malech.
435 4841 465 4894 11,
479 4825 504 4879 i.
518 4824 585 4880 Vox
596 4827 801 4894 προηγουμένων
813 4823 903 4880 aliter
919 4824 1049 4898 explicet
1092 4823 1176 4880 deest
1186 4823 1373 4896 ambiguitas.
1392 4826 1449 4883 Sed
1468 4827 1615 4886 Theodori
1633 4830 1781 4904 expositio
1798 4849 1842 4888 re·

295 4911 467 4969 Theodorus
478 4910 595 4968 Hercul.
607 4913 668 4979 ψτοι
679 4917 731 4967 τῶν
741 4917 830 4980 ἱερέων
841 4914 1049 4982 καταρχομένων
1092 4909 1206 4969 centius
1218 4927 1315 4968 aevum
1323 4912 1427 4985 innuit,
1437 4915 1469 4970 in
1478 4933 1536 4988 quo
1542 4917 1605 4990 jam
1614 4917 1769 4976 institutus
1779 4925 1844 4976 erat

295 5006 342 5055 καί
353 5003 557 5068 προηγουμένων
568 5002 666 5068 ίψομοιι
682 5003 729 5054 καί
739 5003 826 5068 ψαλῶ.
845 4997 990 5055 “Scilicet
1003 5016 1048 5054 se-
1093 4997 1167 5056 ordo
1183 4999 1361 5072 psalmodiae,
1380 5000 1463 5073 cujus
1481 5003 1610 5076 vestigia
1621 5005 1701 5078 apud
1720 5005 1845 5063 vetusti·

295 5083 463 5140 cerdotibue
475 5082 549 5156 ipsis
559 5083 765 5140 inchoantibus
775 5088 805 5140 et
814 5084 1049 5158 precedentibus
1093 5103 1159 5143 ores
1171 5087 1324 5142 rarissime
1336 5093 1416 5144 sunt.

293 5187 350 5244 ego
363 5169 526 5243 subsequar
538 5177 568 5227 et
578 5171 738 5244 psallam„
758 5169 834 5228 Sene
847 5169 993 5244 superiori
1005 5171 1048 5228 di·
1127 5191 1155 5231 v.
1168 5174 1193 5230 b.
1208 5173 1276 5232 Vet-
1289 5173 1314 5246 5,
1328 5174 1371 5229 16.
