4008 6094
846 396 889 457 IN
913 395 1100 460 PSALMOS
1504 449 1509 457 .
1698 394 1739 456 79

199 553 276 618 γασι
291 535 325 598 τὸ
341 535 419 598 είναι
434 543 508 620 φῦς,
532 539 586 602 καὶ
598 537 657 601 οὐκ
667 533 823 621 ἐθίλησαν
837 536 943 623 γενέσ-
990 540 1116 601 Verum
1133 540 1238 620 impii,
1256 555 1361 618 quum
1385 538 1576 616 refugerint
1594 555 1666 601 esse
1690 541 1739 602 lu·

200 637 390 722 θαιπῦρ,διά
400 648 492 704 τοῦτο
503 638 652 724 γεγόνασι
663 638 792 717 καπνός.
802 639 898 726 Τάχα
910 641 944 704 δέ
990 659 1079 720 men,
1095 659 1205 723 neque
1222 643 1314 720 ignis
1330 643 1501 705 voluerint
1515 641 1599 720 lieri,
1612 643 1736 706 idcirco

199 741 435 827 καίοίᾶγγελοι,
445 743 520 808 ὅταν
529 745 584 829 μὲν
596 743 765 826 κολάζωσι,
781 753 842 829 πῦρ
854 744 942 809 είσίν·
989 743 1105 808 fumus
1127 749 1317 808 evaseruut.
1341 748 1493 809 Fortasse
1515 747 1631 824 angeli
1654 763 1735 826 quo

199 845 275 911 ὅταν
297 846 333 911 δὲ
353 846 520 913 διακονῦσι
541 851 581 914 τά
601 857 658 933 της
672 848 763 935 ἡμῶν
778 849 944 933 σωτηρίας,
991 863 1067 928 que,
1079 849 1214 930 quando
1226 868 1342 932 poenas
1354 853 1521 929 exercent,
1537 851 1629 928 ignis
1644 854 1734 929 sunt3

200 959 274 1035 φῶς.
290 949 355 1015 Καὶ
369 950 387 1016 ὁ
401 949 481 1028 Θεὸς
504 961 568 1029 τοῖς
584 953 641 1037 μὲν
663 953 860 1039 ἁμαρτωλοῖς
884 963 946 1039 πῦρ
991 955 1106 1018 lumen
1122 970 1211 1032 veru,
1227 954 1362 1034 quando
1381 955 1528 1017 ministri
1547 958 1669 1017 nostrae
1684 971 1735 1016 sa·
1800 957 1803 964 “

200 1055 276 1136 ἐστι,
298 1053 529 1120 καταναλίσκον
550 1065 655 1122 πᾶσαν
677 1057 810 1122 κακίαν·
825 1067 889 1134 τοῖς
911 1059 947 1122 δὲ
991 1057 1055 1120 luti
1072 1057 1270 1120 inserviunt.
1283 1059 1325 1120 Et
1336 1061 1425 1122 Deus
1437 1075 1571 1139 quoque
1583 1061 1733 1138 peceato

201 1156 341 1241 δικαίοις,
357 1167 431 1245 φῶς.
460 1153 499 1225 Ὁ
514 1161 576 1245 γάρ
597 1159 676 1238 Θεὸς
699 1170 764 1246 φῶς
790 1163 865 1245 ἐστι,
892 1164 947 1228 καί
992 1159 1152 1222 τίθησθα(
1174 1161 1276 1240 iguis,
1292 1178 1495 1225 consumens
1518 1179 1652 1225 omnem
1669 1178 1737 1223 ma·

201 1263 315 1364 ρκύτος
329 1266 363 1330 ἐν
378 1267 463 1351 αύτῷ
478 1267 626 1332 οὐκέστι.
990 1264 1111 1342 littam,
1122 1262 1227 1342 J'ustls
1241 1270 1355 1328 autem
1372 1266 1442 1328 lux.
1458 1267 1548 1329 Deus
1569 1266 1659 1329 euim
1676 1267 1737 1328 lux

993 1372 1053 1446 est,
1074 1372 1108 1430 et
1123 1367 1269 1430 tenebrae
1284 1369 1319 1432 iu
1337 1385 1375 1431 eo
1391 1387 1458 1432 non
1473 1374 1563 1433 sunt.

245 1471 345 1539 Πάλιν
359 1473 596 1559 προηγούμενον
612 1474 704 1559 ἔργον
716 1483 777 1540 τῶν
793 1475 947 1561 μελισσῶν
1036 1475 1163 1536 Rursus
1174 1474 1385 1553 praemissum
1392 1491 1495 1554 apum
1502 1490 1587 1555 opus
1599 1474 1734 1539 estmel:

202 1577 238 1639 τὸ
257 1575 343 1661 μέλι·
366 1576 639 1661 παρακολούθημα
665 1578 699 1642 δὲ
715 1589 770 1643 τοῦ
793 1577 947 1665 μέλιτοςὸ
992 1576 1102 1638 mellis
1124 1580 1238 1638 autem
1264 1578 1411 1656 sequela,
1428 1594 1514 1640 cera.
1535 1580 1579 1641 Et
1600 1580 1629 1642 si
1645 1584 1736 1642 tran·

164 1674 166 1679 ’
201 1677 317 1763 κηρός·
331 1679 392 1743 κάν
406 1679 501 1764 ἐλθης
523 1680 574 1745 ἐπί
589 1682 648 1767 την
670 1681 808 1765 Χριστοῦ
831 1703 947 1767 παρου-
992 1678 1090 1743 sieris
1104 1678 1146 1741 ad
1170 1684 1327 1743 eventum
1351 1679 1484 1759 Christi,
1507 1683 1649 1762 aspicies
1669 1684 1735 1746 mel

204 1781 283 1865 σίαν,
302 1782 372 1869 μέλι
387 1785 443 1869 μὲν
459 1785 522 1868 ύψη
539 1784 791 1870 τὴνέκκλησίαν·
807 1807 947 1872 παρακο-
993 1801 1064 1846 esse
1094 1784 1290 1863 Ecclesiam,
1316 1787 1489 1865 sequelam
1519 1791 1634 1849 autem
1664 1804 1736 1849 esse

204 1885 349 1971 λούθημα
363 1887 408 1970 δέ,
425 1890 496 1965 τοὺς
512 1887 718 1973 ἐτεροδύξους,
735 1893 780 1968 οίς
794 1891 868 1976 ἐρεῖ·
887 1889 947 1956 Ού-
991 1887 1220 1967 heterodoxos,
1246 1888 1371 1968 quibus
1397 1889 1495 1952 dicit:
1529 1892 1735 1971 «Nunquam

202 1987 314 2054 δίποτε
345 1991 443 2076 ἔγνων
473 1992 572 2078 ὑμᾶς·
595 1994 715 2079 οὐγὰρ
737 1993 883 2080 γινώσκει
911 1997 946 2060 τὸ
992 1992 1072 2054 novi
1088 2007 1158 2054 vos.
1172 2013 1189 2050 ν
1214 1993 1286 2054 Non
1314 1993 1409 2055 novit
1424 1994 1525 2073 enim,
1548 1994 1639 2075 quod
1664 2011 1737 2074 per·

202 2091 385 2178 ἐπισυμύάν.
990 2097 1137 2160 dandum
1160 2102 1219 2160 cst.
1238 2133 1275 2142 -
1297 2099 1437 2162 Fuerint
1458 2100 1520 2187 hoc
1543 2101 1645 2162 etiam
1667 2099 1732 2162 dae·

245 2194 319 2262 Είεν
333 2198 362 2261 δ’
375 2198 414 2264 ἀν
428 2201 482 2263 καί
505 2199 534 2264 οἱ
557 2200 701 2287 δαίμονες
721 2203 827 2290 ἐχθροί
849 2204 946 2270 ἀπολ·
993 2217 1118 2280 monae,
1134 2202 1262 2266 inimici
1279 2205 1339 2283 qui
1355 2204 1514 2285 perdendi
1527 2209 1616 2284 sunt,
1629 2221 1735 2284 quum

202 2301 339 2388 λύμενοι,
355 2304 391 2368 ού
408 2312 468 2388 πῦρ
483 2304 580 2386 ὄντες,
596 2303 637 2382 or
657 2306 804 2391 ἄγγελοι·
819 2309 856 2372 οῦ
872 2318 947 2392 φῶς,
992 2323 1102 2388 neque
1129 2308 1222 2386 iguis
1248 2309 1326 2388 sint,
1354 2311 1444 2373 sicut
1470 2311 1602 2389 angeli,
1626 2326 1736 2389 neque

201 2405 243 2482 ὡς
258 2405 389 2471 δίκαιοι·
410 2406 494 2473 ἀλλά
516 2410 636 2486 καπνὸς
659 2411 947 2498 σκεδαννύμενος,ὁ
992 2412 1117 2490 lumen,
1134 2415 1174 2473 ut
1190 2410 1286 2491 justi3
1302 2413 1360 2475 sed
1374 2412 1489 2476 fumus
1512 2414 1571 2494 qui
1592 2413 1735 2494 dissipa-

201 2519 266 2588 τοῖς
281 2512 399 2597 ὄμμασι
414 2509 575 2596 βλαύερύς.
592 2512 750 2599 Πρότερον
761 2517 822 2601 γάρ
838 2536 947 2601 μετεο-
993 2520 1059 2593 tur,
1086 2515 1146 2595 qui
1172 2517 1279 2579 oeulis
1306 2519 1429 2580 noxius
1454 2518 1557 2582 obest.
1585 2519 1737 2582 Primum

200 2613 412 2701 χηματίζοντο
437 2617 479 2692 εἰς
495 2615 649 2702 ἀγγέλους
672 2621 784 2702 φωτὸς,
802 2619 948 2704 μαντείας
994 2619 1084 2681 enim
1107 2617 1336 2682 trauslormati
1360 2625 1457 2684 erant
1472 2622 1507 2683 in
1530 2623 1670 2700 angelos
1687 2623 1738 2684 lu-

200 2721 254 2784 καί
270 2719 436 2805 θεραπείας
453 2721 729 2808 ἐπαγγελλόμενοι,
746 2723 788 2802 ὡς
807 2727 879 2802 τοὺς
895 2725 947 2790 ἀν-
993 2723 1052 2800 cis,
1068 2722 1229 2786 vaticinia
1245 2727 1279 2786 et
1294 2724 1440 2787 medelas
1456 2725 1678 2802 venditantes,
1691 2726 1739 2787 ita

199 2823 339 2909 θρύπους
362 2825 587 2912 ἀπατωμένους
610 2827 692 2893 θύειν
708 2830 812 2906 αὐτοῖς
831 2831 886 2894 καί
908 2832 948 2896 τὰ
994 2828 1033 2886 ut
1059 2824 1190 2905 decepti
1215 2825 1368 2890 homines
1390 2829 1445 2892 vel
1468 2828 1665 2892 charissima
1691 2829 1740 2909 pi-

205 2927 358 3014 τρίλτατα·
373 2940 427 2994 νῦν
449 2930 484 2994 δὲ
507 2931 627 3015 φροῦδα
642 2931 755 3015 πάντα,
778 2934 832 2998 καί
854 2935 949 3011 ὄντος
994 2944 1102 3006 gnora
1118 2929 1186 2992 illis
1201 2930 1429 2995 immolarent:
1446 2950 1536 2996 nuuc
1548 2934 1739 2997 verofrivo-

202 3035 331 3114 καπνὸς,
359 3032 606 3112 ἀποσύεσθέντος
631 3037 732 3100 αὐτῶν
761 3047 816 3102 τοῦ
842 3039 948 3122 πυρὸς,
994 3034 1027 3097 la
1043 3035 1156 3097 omnia
1171 3039 1252 3098 sunt
1267 3040 1300 3099 et
1315 3055 1431 3118 reapse
1448 3037 1572 3118 fumus,
1589 3039 1739 3101 extincto

201 3136 395 3222 ὀργισθέντος
418 3139 521 3216 αὐτοῖς
537 3150 592 3203 τοῦ
615 3137 707 3221 Θεοῦ,
724 3142 809 3206 κατὰ
831 3141 875 3206 τύ·
902 3140 947 3208 Α·
994 3138 1130 3201 illorum
1155 3140 1236 3218 igne
1258 3143 1419 3221 perirem
1442 3142 1503 3205 Dei
1520 3144 1554 3205 in
1571 3144 1647 3207 illos
1666 3162 1740 3206 sue·

200 3240 275 3325 νίθη
291 3244 410 3319 καπνὸς
425 3243 459 3306 ἐν
474 3245 553 3328 ὀργῇ
575 3245 681 3324 αὐτοῦ,
702 3245 799 3329 δῆλον
815 3243 856 3322 ὡς
879 3244 948 3310 σθέ-
993 3258 1138 3321 censam,
1163 3247 1201 3306 ut
1224 3243 1324 3308 illud:
1352 3247 1541 3310 «Ascendit
1563 3247 1678 3310 fumus
1702 3248 1737 3311 iu

200 3367 312 3424 οαντος
328 3348 430 3412 αὐτῶν
445 3349 480 3411 τὸ
497 3357 567 3432 πῦρ,
584 3349 687 3426 θτοὺς
700 3347 881 3433 ἀνθρώπους
892 3371 948 3413 κα-
994 3343 1067 3423 ejus
1096 3346 1187 3424 ira‚>›
1221 3346 1295 3426 ejus
1325 3349 1488 3412 nimirum
1511 3352 1570 3431 qui
1594 3352 1740 3414 extinxit

200 3449 350 3537 τέφλεγς·
366 3452 420 3515 καί
442 3452 595 3530 ananau,
617 3452 652 3516 δὲ
674 3455 777 3535 αὐτὸς,
795 3453 836 3530 ὡς
857 3455 899 3539 μὴ
918 3455 948 3518 ἕ.
994 3465 1109 3510 eorum
1133 3450 1259 3529 ignem,
1286 3469 1353 3532 quo
1376 3452 1529 3516 homines
1552 3453 1739 3518 adureban·

200 3576 266 3640 λίων
288 3557 359 3639 περὶ
373 3556 391 3619 5
406 3576 435 3620 τί
450 3556 625 3642 “limidi
649 3556 789 3637 ἐξὲθῑιιε·
805 3558 949 3644 καθάπερ
993 3559 1060 3617 tur.
1076 3554 1204 3617 Fumus
1226 3559 1339 3618 autem
1363 3557 1436 3635 iste,
1452 3557 1549 3637 quasi
1572 3557 1660 3620 nihil
1679 3557 1737 3619 ha-

200 3661 262 3745 γάρ
277 3661 330 3723 τὸν
346 3659 402 3744 μὲν
414 3662 533 3726 καπνὸν
549 3661 734 3726 σκεδάννυσι
748 3670 809 3726 τῶν
826 3660 948 3749 ἀνέμων
992 3655 1075 3718 bens
1091 3657 1125 3719 in
1141 3674 1208 3737 quo
1223 3659 1430 3738 subsisteret,
1447 3663 1595 3722 evanuit.
1615 3663 1735 3735 Quem·

201 3761 466 3848 ηπροθολη,ὁδέ
478 3766 577 3849 κηρὸς
591 3763 699 3828 λύεται
713 3773 756 3849 τῷ
771 3766 843 3849 πυρὶ
854 3786 948 3849 προσ-
993 3759 1173 3823 admodum
1200 3763 1289 3824 enirn
1323 3762 1455 3826 fumum
1490 3765 1632 3844 dissipat
1661 3783 1740 3829 ven-

201 3865 357 3948 πελάζυν,
374 3869 471 3944 οὕτως
487 3877 525 3953 τῇ
546 3877 601 3933 τοῦ
624 3868 762 3953 Χριστοῦ
781 3868 947 3954 παρουσίᾳ,
992 3869 1104 3926 torum
1127 3863 1239 3945 flatus,
1262 3883 1301 3928 ac
1323 3883 1401 3928 cera
1423 3866 1629 3948 dissolvitur,
1646 3869 1689 3933 ad
1712 3870 1737 3932 i-

201 3969 330 4054 ρροῦδοι
343 3969 492 4055 γεγόνασι
514 3981 576 4035 τῶν
598 3969 768 4056 ἀνθρώπων
784 3972 813 4036 οἱ
836 3973 947 4058 δυσμε-
993 3985 1097 4046 guam
1113 3969 1141 4032 si
1165 3970 1310 4048 accedat,
1327 3971 1375 4032 ita
1390 3971 1425 4032 in
1449 3971 1573 4034 Christi
1596 3991 1740 4054 praesen·

203 4083 263 4151 νεῑς
278 4074 449 4157 παντελῶς,
465 4077 519 4140 καὶ
535 4073 639 4161 μέντοι
655 4075 696 4153 ὡς
709 4075 883 4141 ἀπόλλυται
898 4076 947 4142 νύ·
992 4074 1051 4152 tia,
1067 4073 1201 4136 evanidi
1216 4075 1354 4138 omnino
1369 4074 1448 4139 laeti
1464 4083 1545 4139 suut
1564 4077 1739 4140 hominum

203 4199 257 4254 σος
272 4179 331 4242 ὑπὸ
348 4179 465 4264 ἰατροῦ,
487 4181 542 4243 καί
566 4179 678 4256 σκότος
700 4181 760 4244 ὑπὸ
779 4180 880 4266 ἡλίου,
896 4185 947 4246 οῦ-
992 4179 1073 4240 saevi
1090 4177 1216 4241 hostes:
1233 4182 1335 4259 atque
1351 4181 1481 4243 interea
1496 4182 1585 4244 sicut
1607 4184 1740 4245 tollitur

203 4300 262 4357 τως
277 4281 298 4366 ἡ
315 4281 453 4368 ἁμαρτία
465 4283 524 4347 ὑπὸ
541 4293 595 4347 τοῦ
607 4283 728 4368 ἀγαθοῦ
741 4282 834 4350 Θεοῦ.
847 4279 947 4350 Ὅταν
994 4281 1131 4368 morbus
1147 4300 1166 4344 a
1181 4282 1322 4361 medieO,
1339 4287 1373 4346 et
1389 4301 1455 4346 nox
1471 4301 1491 4345 a
1506 4286 1585 4363 sole,
1603 4285 1651 4348 ita
1665 4302 1740 4366 peo-

202 4387 256 4449 ούν
272 4385 447 4452 ἐκτακιῦσιν
463 4385 504 4464 ὡς
526 4389 633 4472 κηρὸς,
651 4388 704 4450 καί
722 4385 890 4452 ἐκλίπωσιν
906 4386 947 4465 ὡς
993 4390 1106 4446 catum
1129 4403 1150 4448 a
1172 4386 1241 4449 Deo
1264 4387 1400 4467 optimc.
1425 4389 1564 4461 Quando
1588 4405 1670 4467 ergo
1693 4395 1741 4452 to-

202 4491 321 4567 καπνάς
344 4490 373 4556 οἱ
395 4490 585 4576 ἁμαρτωλοί,
602 4491 681 4556 καθὸ
705 4492 781 4556 εἰσίν
803 4490 947 4577 ἀμαρπω-
992 4487 1150 4568 buerunt,
1166 4495 1205 4552 ut
1220 4509 1307 4568 cera,
1324 4497 1357 4553 et
1381 4498 1604 4572 evanuerunt,
1628 4497 1667 4555 ut
1690 4493 1740 4557 lu·

201 4593 260 4676 λοί,
275 4594 346 4659 τότε
362 4596 398 4658 ού
414 4593 508 4681 μόνον
522 4595 572 4680 ἐφ’
588 4595 709 4672 ἑαυτοῖς
732 4595 948 4679 εὐφραίνονται
991 4609 1068 4656 mus
1083 4599 1283 4674 peccatores,
1297 4595 1332 4657 in
1351 4600 1518 4675 quantum
1536 4598 1621 4659 tales
1633 4602 1739 4676 erant,

201 4697 230 4762 οἱ
245 4697 369 4780 δίκαιοι,
386 4698 470 4764 ἀλλά
493 4701 547 4762 καί
562 4699 613 4763 ἐπὶ
633 4707 676 4784 τῷ
691 4696 866 4762 ἐκλείποντι
889 4719 946 4762 κα·
992 4701 1075 4760 tuuc
1090 4699 1251 4777 temporis
1262 4697 1348 4777 justi
1364 4715 1431 4760 nou
1443 4701 1553 4763 solum
1566 4718 1667 4781 super
1683 4717 1738 4764 eos

201 4809 277 4885 πνῷ,
293 4803 348 4866 καί
362 4802 412 4866 ἐπί
424 4811 467 4888 τῷ
478 4801 642 4866 ἐκτακέντι
657 4811 763 4886 κηρῷ·
779 4801 874 4885 ὁρῶσι
884 4803 947 4885 γάρ
992 4800 1226 4878 laetantur,sed
1242 4807 1275 4862 et
1288 4801 1361 4864 ideo
1374 4801 1462 4882 quod
1477 4804 1615 4865 evanuit
1625 4802 1739 4866 furnus

201 4907 320 4992 ἀγαθὸν
335 4905 503 4992 γενόμενον
520 4909 556 4970 τὸ
579 4906 718 4970 ἐκλιπεῖν
740 4907 794 4969 τὸν
816 4907 945 4987 καπνὸν,
993 4911 1110 4966 etcera
1122 4905 1302 4983 liquefacta
1315 4909 1378 4967 est:
1392 4905 1738 4970 videntenimbouum

200 5012 235 5074 τὸ
251 5009 493 5094 {arcaturiam
518 5009 625 5094 κηρύν.
643 5009 738 5094 'saxa
754 5009 789 5073 δέ
808 5008 947 5074 τοιοῦτόν
993 5009 1026 5073 ld
1042 5007 1126 5086 fieri,
1143 5006 1233 5088 quod
1249 5008 1433 5088 dissipetur
1449 5008 1572 5088 tumus,
1589 5010 1678 5090 quod
1702 5013 1739 5074 li·

201 5135 229 5177 τι
245 5112 367 5198 βλέπων
383 5114 399 5179 ὁ
415 5113 528 5199 Σωτὴρ
551 5112 713 5198 γινόμενον
736 5113 799 5178 ἀπὸ
819 5123 873 5178 τοῦ
891 5131 946 5179 πυ·
992 5111 1119 5195 queunt
1131 5129 1217 5176 cera.
1231 5114 1384 5176 Fortasse
1398 5113 1431 5178 id
1443 5113 1560 5178 videns
1576 5115 1738 5196 Salvator,
