4036 6090
804 499 846 561 IN
870 499 1056 564 PSALMOS
1663 506 1704 566 μγ

167 641 248 719 ητης
274 632 419 719 πορνείας
445 638 517 718 τοὺς
543 634 684 721 τρόπους,
711 636 761 700 ίνα
789 638 831 722 μὴ
859 639 911 702 τὸν
957 641 1128 721 spirituali
1161 631 1382 704 fornicatione
1405 658 1628 721 coerceamus,
1661 659 1702 705 na

168 747 232 816 τοῖς
247 738 503 825 φιλαμαρτήμοσι
523 739 693 825 πρέποντα,
717 741 771 805 καὶ
793 739 913 826 ὀφειλό-
956 747 1169 826 peecatorum
1190 745 1397 808 amatoribus
1416 746 1590 808 interitum
1610 745 1705 825 justa

169 863 260 928 μενον
294 843 422 928 ὄλεθρον
458 841 680 930 ὑπομείνωμεν.
718 843 847 931 Νοητὴν
878 845 912 909 δέ
956 850 1125 940 sententia
1140 848 1350 927 erogandum
1373 851 1612 914 sustineamus.
1633 851 1704 931 Spi-

167 944 313 1032 πορνείαν
338 950 440 1034 φαμὲν
455 957 518 1014 πᾶν
543 949 624 1026 εἶδος
638 947 835 1034 φαυλότητος
858 947 913 1011 καί
957 953 1090 1016 ritalem
1121 958 1234 1017 autem
1265 952 1523 1018 fornicationem
1558 955 1701 1018 dicimus

167 1048 496 1136 ἀκαθαρσίας-Καί
506 1055 567 1138 γὰρ
578 1053 646 1118 θσοι
658 1050 845 1140 ἐρίσταντοιί
855 1072 912 1116 σου
957 1074 1029 1121 esse
1064 1058 1299 1139 quodcumque
1331 1075 1441 1136 genus
1475 1059 1639 1139 nequitia
1669 1065 1703 1122 et

166 1157 221 1222 καί
237 1158 361 1242 μακρὰν
375 1155 514 1241 γίνονται
527 1165 566 1242 τῇ
582 1155 726 1238 διαθέσει,
743 1157 833 1222 οὐδὲν
848 1157 911 1220 έτε-
956 1162 1164 1242 corruptelae.
1186 1162 1321 1224 Etenim
1343 1163 1549 1243 quicumque
1569 1181 1589 1225 a
1608 1165 1641 1226 te
1653 1179 1702 1225 re·

166 1282 220 1346 ρον
234 1263 257 1348 ἢ
272 1263 330 1347 τὴν
342 1260 500 1326 ἀπώλειαν
512 1259 706 1346 ἐκδέχονται,
722 1261 769 1324 ῦτι
780 1256 912 1345 ἀποσγί-
956 1264 1089 1342 cedunt,
1118 1268 1152 1326 et
1178 1265 1281 1342 ionga
1306 1263 1395 1328 fiunt
1421 1267 1586 1346 consulto,
1614 1265 1702 1330 nihii

167 1368 273 1448 ζοντες
288 1367 419 1444 ἑαυτοὺς
434 1366 497 1430 ἀπὸ
510 1374 576 1448 σοῦ,
588 1364 788 1430 ἀπολοῦνται
803 1361 912 1440 Οὐδείς
956 1367 1049 1431 aliud
1078 1385 1180 1448 quam
1207 1368 1383 1431 interitum
1412 1369 1591 1450 recipiunt,
1619 1370 1700 1450 quia

167 1473 318 1538 διίσταται
326 1479 526 1547 τοπικῦςτοῦ
535 1472 577 1556 μὴ
590 1469 716 1554 ἐντόπῳ
724 1467 822 1536 Θεοῦ·
837 1467 911 1553 σχέ-
955 1469 1132 1536 recreatores
1166 1488 1188 1536 ιι
1214 1475 1244 1536 te
1270 1471 1434 1552 peritum.
1464 1474 1569 1536 Nemo
1592 1474 1702 1554 quoad

168 1597 215 1641 σει
225 1577 260 1640 δέ
271 1578 307 1640 τὸ
323 1576 432 1641 ἄδικον
446 1577 501 1640 καὶ
516 1576 652 1658 πονηρὸν
663 1575 782 1658 μακρὸν
796 1581 912 1637 νοεῖται
955 1576 1067 1638 locum
1082 1593 1103 1637 a
1117 1576 1186 1638 Deo
1200 1575 1273 1638 sine
1289 1577 1362 1638 loeo
1378 1576 1491 1655 distat,
1507 1577 1565 1640 ssd
1581 1576 1701 1639 habitu

167 1687 223 1743 τοῦ
238 1676 359 1742 δικαίου
370 1679 424 1741 καὶ
436 1676 566 1762 ἀγαθοῦ,
582 1678 658 1762 θπερ
674 1675 854 1756 ἀπόλλυσιν,
870 1674 912 1753 ὡς
956 1679 1046 1761 quod
1060 1680 1217 1760 iniquum
1230 1683 1264 1742 et
1275 1680 1402 1742 malum
1418 1683 1477 1760 est,
1493 1681 1595 1758 longa
1611 1699 1700 1744 rece-

167 1783 222 1848 ιιαί
233 1781 327 1861 σώζει
337 1785 373 1846 τὸ
384 1781 520 1867 ἐγγίζειν
532 1781 647 1867 ἀρετῆς
657 1780 815 1866 ἀναλήψει
829 1779 909 1866 Θεῷ.
955 1783 1033 1847 dere
1048 1787 1188 1865 putatur
1203 1801 1223 1846 a
1240 1781 1334 1862 justo
1356 1787 1392 1846 et
1412 1783 1509 1863 bone,
1525 1785 1613 1865 quod
1631 1803 1703 1866 per-

169 1888 291 1954 Ταῦτθν
305 1889 418 1973 γὰρτὸ
434 1885 644 1972 μακρθνεσθαι
658 1895 701 1971 τῷ
712 1883 911 1970 ἁμαρτάνειν.
956 1888 1040 1951 ditio
1056 1890 1116 1967 est,
1131 1888 1221 1951 sieut
1242 1889 1335 1951 salus
1358 1891 1409 1952 est
1430 1890 1700 1971 appropinquare

167 1991 237 2057 Οὐκ
262 1992 362 2057 είπεν·
385 1989 414 2054 οἱ
441 1990 670 2076 μακρῦνοιντες·
698 1989 829 2054 δυνατὸν
849 1989 911 2073 γὰρ
957 1992 1025 2054 Deo
1047 1990 1185 2054 virtutis
1207 1990 1395 2070 adeptione.
1420 1991 1511 2055 Idem
1535 1997 1586 2056 est
1609 1993 1699 2056 enim

168 2105 395 2182 μετανοοῦντας
410 2095 557 2179 σωθῆναι,
570 2093 682 2180 μηκέτι
698 2094 912 2180 μακρῦνοντας
957 2093 1110 2172 elongari
1126 2097 1161 2156 et
1175 2110 1322 2174 peceare.
1339 2095 1411 2156 Non
1426 2095 1488 2158 ait:
1504 2097 1562 2177 qni
1577 2097 1702 2178 etopu-

168 2200 277 2286 ταύτη.
288 2198 353 2264 Καὶ
365 2198 382 2263 ὁ
393 2209 499 2280 ποιῶν,
511 2199 582 2264 ἀλλ’
592 2200 652 2285 οὐχ
663 2200 681 2263 ὁ
693 2199 827 2283 ποιήσας
842 2199 912 2264 δοῦ·
955 2200 1072 2262 uerunt
1083 2212 1126 2260 se.
1151 2198 1295 2260 Possunt
1310 2197 1401 2260 enim
1416 2200 1652 2280 poenitentiam
1667 2219 1701 2263 a·

168 2304 222 2383 λθς
236 2306 302 2372 ἐσπ
316 2315 373 2392 τῆς
388 2303 553 2392 ἁμαρτίας.
957 2305 1077 2380 gentes
1091 2302 1225 2378 saivari,
1247 2301 1305 2364 sed
1324 2299 1367 2362 ab
1383 2301 1442 2364 ills
1464 2303 1603 2366 minime
1619 2321 1655 2367 se
1671 2323 1700 2368 e-

955 2402 1131 2486 lonpoatea.
1148 2403 1211 2478 Qui
1227 2402 1309 2466 facit
1327 2405 1428 2484 enim,
1449 2421 1516 2468 non
1540 2408 1599 2488 qni
1612 2407 1701 2488 feeit,

957 2515 1110 2591 peccator
1126 2514 1185 2572 est.

211 2644 243 2687 v,
270 2625 322 2686 28,
349 2621 439 2707 Ἐμοὶ
465 2623 500 2686 δὲ
521 2625 558 2687 τὸ
586 2621 843 2706 προσκολλᾶσθαι
867 2630 911 2708 τῷ
1000 2632 1032 2676 V.
1048 2614 1101 2676 28.
1116 2613 1204 2678 Mihi
1220 2617 1327 2678 ίθίίίθίλῦ
1338 2613 1705 2680 ίίίίίίωίθίθῦθθέἱίῦθθθ·

168 2724 273 2810 Κυρίῳ
296 2725 413 2810 ἀγαθόν
435 2727 510 2808 ἐστι,
533 2722 669 2790 τίθεσθαι
683 2725 717 2791 ἐν
739 2733 783 2810 τῷ
805 2722 911 2808 Κυρίῳ
956 2723 1102 2796 norrea,
1113 2717 1650 2800 ponereinDomirwspemmeam,
1665 2724 1703 2784 ot

167 2832 224 2915 τὴν
245 2829 358 2895 ἐλπίδα
380 2850 450 2914 μου,
464 2839 520 2895 τοῦ
534 2827 715 2914 ἐξαγγεῖλαι
730 2827 834 2905 πάσας
855 2829 912 2905 τὰς
956 2823 1144 2888 eunomiam
1159 2837 1266 2886 omnes
1280 2820 1392 2886 leudes
1407 2826 1481 2888 teos
1496 2823 1534 2886 iu
1542 2823 1703 2904 portisst·

166 2933 298 3013 οιίνέσεις
320 2955 377 2999 σου
399 2934 514 3012 ἐντοῖς
536 2932 647 3010 πύλαις
673 2941 729 3018 της
752 2931 911 3018 θυγατρὸς
957 2927 1009 2991 lice
1024 2927 1112 2992 Sion.

167 3037 258 3104 Σιών.

209 3143 255 3210 Δι’
269 3145 371 3210 αὐτῶν
385 3145 447 3229 γὰρ
469 3151 529 3210 τῶν
551 3141 743 3228 πραγμάτων
765 3143 824 3226 την
846 3148 912 3205 πεῐ-
1001 3136 1063 3199 Per
1089 3134 1161 3198 haee
1192 3135 1282 3198 enirn
1314 3136 1456 3217 adeptus
1486 3137 1701 3215 negotiorum

168 3269 225 3332 ραν
240 3245 354 3330 λαθὼν,
370 3247 407 3310 οὐ
428 3251 582 3332 χωριστὸς
608 3247 719 3331 ἐσομαι
744 3255 800 3310 τοῦ
815 3266 911 3310 σεσω-
957 3239 1212 3319 experientiam,
1223 3239 1373 3320 separari
1389 3256 1456 3302 non
1472 3245 1588 3321 potero
1599 3259 1620 3302 a
1633 3241 1701 3304 Deo

166 3349 259 3428 κότος
270 3349 362 3434 Θεοῦ,
374 3351 429 3414 καί
444 3361 483 3436 τῇ
498 3351 542 3428 είς
557 3351 652 3415 αὐτὸν
663 3347 765 3414 ἐλπίδι
779 3345 911 3434 βεβαιω-
956 3343 1077 3408 salutis
1088 3343 1262 3422 largitore,
1274 3361 1313 3406 ao
1325 3360 1401 3406 mea
1412 3345 1447 3406 in
1460 3361 1538 3406 eum
1550 3361 1609 3425 spe
1625 3362 1701 3407 eon-

166 3453 312 3541 θήσομαι.
324 3455 382 3520 Διὰ
395 3465 505 3520 τοῦτον
519 3457 581 3540 γὰρ
592 3462 649 3540 τῆς
665 3452 788 3530 ἐλπίδος
800 3451 911 3519 ἐποινθ
956 3445 1124 3510 firmabOr·
1144 3481 1180 3490 -
1198 3447 1282 3509 Nam
1298 3463 1451 3527 pereum
1473 3465 1568 3529 spem
1588 3465 1702 3512 eonse-

165 3560 463 3647 δουτετῦγηκα,ιιαί
475 3561 531 3636 τὰς
542 3561 600 3636 σὰς
612 3555 862 3643 θαυματουργίας
877 3558 911 3622 ἐν
956 3553 1055 3613 entus
1081 3567 1157 3613 sum
1181 3551 1381 3628 revertendi,
1405 3556 1439 3614 et
1461 3552 1624 3614 enarrabo
1642 3557 1702 3614 tna

166 3673 205 3750 τη
216 3662 425 3749 Ἰερουσαλὴμ
439 3663 628 3748 ἐξηγοῦμαι·
645 3663 743 3747 αὐτην
757 3662 819 3746 γὰρ
834 3658 909 3725 urt-
956 3653 1112 3735 prodigia
1127 3655 1162 3715 in
1179 3654 1268 3717 Sion.
1285 3655 1380 3716 Hanc
1396 3653 1486 3716 enim
1510 3654 1643 3716 vocavit
1667 3654 1704 3715 fi·

167 3788 248 3853 μασε
262 3767 426 3853 θυγατέρα
441 3765 540 3832 Σιών·
556 3767 661 3851 ὥσπερ
675 3767 739 3851 γὰρ
758 3764 843 3842 υἱοὺς
858 3764 910 3829 ἀν·
955 3759 1036 3821 liam
1062 3758 1158 3820 Sion:
1193 3757 1317 3820 etenim
1347 3757 1435 3820 sieut
1464 3757 1617 3822 homines
1649 3775 1705 3820 vo·

165 3871 297 3957 θρώπων
307 3875 378 3949 τοὺς
389 3871 570 3957 ἀνθρώπους
580 3871 681 3952 καλεῖ,
697 3871 795 3947 οῦτως
809 3868 911 3954 θυγα-
955 3866 1010 3926 eat
1034 3860 1122 3924 filios
1151 3859 1338 3940 hominum,
1372 3862 1420 3924 ita
1442 3863 1576 3926 Sionem
1607 3867 1705 3926 voest

166 3975 243 4060 τέρα
254 3974 335 4041 Σιὼν
346 3977 404 4060 τὴν
420 3975 500 4042 Σιὼν
512 3975 668 4061 ὀνομάζει.
680 3973 837 4059 Διώνυμος
848 3975 910 4059 γὰρ
956 3969 1062 4032 filiam
1091 3966 1210 4029 Sionis.
1234 3967 1366 4047 Duplex
1391 3967 1482 4029 enirn
1505 3970 1557 4030 est
1581 3983 1703 4030 nomen

166 4078 342 4164 ἡπόλιςὴ
364 4082 426 4165 γὰρ
442 4082 522 4166 αὐτὴ
539 4082 574 4146 δὲ
589 4079 670 4146 Σιὼν
685 4081 739 4145 καὶ
753 4078 911 4164 Ἰερουσα-
956 4070 1104 4136 civitatis
1134 4073 1169 4131 et
1201 4070 1317 4133 eadem
1342 4071 1377 4133 in
1406 4087 1501 4134 saera
1531 4071 1704 4152 Scriptura

166 4184 233 4270 λέγμ,
257 4185 336 4270 ὑπὲρ
361 4195 418 4271 τῆς
440 4183 524 4262 θείας
547 4184 691 4250 καλεῖται
715 4194 850 4271 γραφῆς,
868 4222 909 4233 -
956 4177 1081 4240 dicitur
1111 4174 1191 4237 Sion
1215 4177 1249 4236 et
1277 4175 1499 4237 Hierusalem.
1535 4209 1573 4218 -
1605 4175 1703 4238 Multi

167 4289 299 4356 Πολλῶν
320 4288 425 4355 πολλὰ
444 4291 514 4374 περὶ
536 4288 656 4374 ἀγαθοῦ
679 4289 911 4375 ριλοσορησάν-
957 4279 1117 4344 Πὶΰίῒθᾱθ
1133 4278 1221 4341 bono
1233 4295 1339 4359 quum
1351 4276 1542 4359 PhilOSOPhi
1555 4278 1705 4358 disputa·

167 4416 239 4476 των,
255 4393 412 4478 auorum
424 4393 441 4458 ὁ
454 4396 549 4479 σοφὸς
566 4393 674 4480 [λέγει]
688 4397 724 4459 τὸ
739 4393 912 4462 κολλᾶσθαι
956 4384 1078 4462 verint,
1101 4381 1249 4444 breviter
1271 4381 1412 4462 Sapiens
1441 4383 1507 4444 ait:
1534 4381 1704 4446 adterere

166 4509 212 4586 τῷ
237 4498 317 4586 Θεῷ.
346 4498 446 4564 Τοῦτο
473 4499 512 4584 δὴ
539 4497 573 4561 αἱ
598 4500 774 4584 συναγωγαὶ
803 4497 912 4583 ἀρεταὶ
957 4490 1033 4552 Deo.
1050 4487 1087 4550 id
1104 4485 1215 4567 ipsum
1230 4501 1310 4547 vero
1325 4486 1583 4549 suntuniversae
1597 4485 1702 4547 virtu-

167 4607 244 4689 πρὸς
265 4602 459 4688 meram,
483 4601 584 4668 Πύλαι
607 4602 697 4684 Σιὼν,
720 4604 760 4688 ης
781 4600 912 4690 paupe.
958 4595 1008 4654 tes
1021 4587 1346 4671 quaeoondueuntsd
1357 4588 1604 4670 perfectionem.
1616 4590 1702 4650 Sunt

171 4706 268 4794 τηρὴ
284 4709 369 4773 κατὰ
388 4705 507 4792 ταύτην
528 4706 674 4793 γινομένη
697 4709 788 4794 ἣκαί
806 4729 915 4794 γεννη-
959 4699 1064 4778 portae
1079 4695 1168 4773 Sion,
1191 4692 1289 4772 euJ'us
1312 4693 1384 4756 filia
1399 4699 1450 4758 est
1471 4695 1585 4757 anima
1603 4692 1705 4772 juxta

169 4815 260 4881 θεῖσα
274 4811 373 4898 ψυχή.
960 4800 1055 4862 illam
1072 4797 1160 4861 faeta
1175 4799 1229 4860 vel
1245 4801 1417 4875 generata.

202 5038 231 5078 ν.
242 5019 285 5074 28.
299 5019 365 5074 Vst.
379 5019 403 5072 5.

249 5317 397 5362 anmaers
417 5317 459 5378 ιιι,
480 5305 507 5358 ⁷.
