4036 6090
840 455 883 518 IN
908 455 1096 519 PSALMOS
1685 453 1746 514 149

194 591 231 654 τὸ
247 591 346 675 ὄνομα
360 587 490 674 Κυρίου,
506 589 575 675 ἡξει
586 589 733 674 δηλονότι
748 593 803 656 καὶ
817 593 859 656 τὰ
870 591 944 677 έθνη
990 612 1068 657 men
1084 595 1220 658 Domini
1243 591 1462 672 adorandum,
1486 593 1626 654 venient
1639 590 1742 655 (lubio
1866 579 1870 592 ’

195 696 236 759 τὰ
250 697 322 771 τοὺς
335 692 491 779 πολέμους
506 693 662 760 θέλοντα·
679 696 706 760 εἰ
718 695 752 758 δέ
764 690 845 761 ούτιυ
857 705 946 761 πᾶσα
989 699 1108 780 procul
1131 699 1234 761 etiam
1258 701 1380 776 gentes
1396 715 1472 778 quae
1486 697 1577 760 bella
1599 698 1741 760 volunt:

195 800 259 883 ἄρα
274 799 363 883 φύσις
378 797 492 884 λογικὴ
509 797 722 883 προσκυνήσει
735 797 867 864 ἐνώπιον
879 799 947 864 Κυ-
991 803 1080 885 qnod
1096 804 1126 865 si
1142 803 1189 865 ita
1205 806 1265 880 est,
1280 806 1352 864 tota
1368 818 1451 878 ergo
1469 806 1595 864 natura
1610 803 1740 865 ratione

195 901 272 987 ρίου,
289 904 399 984 ἔπειτα
410 903 445 966 δέ
461 903 516 966 καί
531 901 657 981 δοξάσει
672 905 708 966 τὸ
723 902 823 988 ὄνομα
840 905 945 986 αὐτοῦ,
990 910 1109 969 ornata
1135 923 1242 987 prona
1272 923 1385 968 eoram
1411 906 1554 968 Domino
1581 906 1744 985 adorabit,

196 1007 273 1092 ὅπερ
288 1005 436 1093 σημαίνει
457 1007 511 1072 τύν
526 1007 560 1072 ἐν
576 1007 660 1092 αὐτῷ
680 1006 866 1093 ὑπάρχοντα
880 1006 947 1072 Πα-
990 1015 1107 1092 postea
1119 1027 1199 1073 vero
1212 1009 1366 1073 laudabit
1378 1026 1512 1090 quoqne
1525 1027 1648 1072 nomen
1661 1007 1744 1088 eiua,

194 1107 279 1194 τέρα.
781 1198 785 1207 ι
991 1113 1082 1195 quod
1103 1113 1279 1192 significat
1293 1115 1354 1176 Pat
1340 1118 1428 1176 trem
1444 1114 1480 1176 in
1496 1115 1569 1193 ipso
1593 1113 1746 1176 residen-

993 1223 1073 1282 tem

238 1341 270 1386 v.
290 1283 340 1386 11.
356 1317 538 1447 Ὀδήγησόν
561 1340 610 1404 με,
631 1317 740 1405 Κύριε,
763 1319 797 1384 έν
820 1329 859 1405 τη
882 1319 946 1405 ὀδῷ
1034 1341 1066 1385 v.
1092 1323 1142 1385 11.
1167 1322 1276 1387 Βούτα
1297 1338 1356 1400 me,
1382 1319 1529 1399 Domine,
1547 1321 1585 1384 ιἰι
1601 1321 1657 1384 oia
1674 1323 1742 1399 raa,

194 1447 262 1508 σου,
278 1426 334 1490 καί
348 1423 543 1510 πορεύσομαι
557 1425 590 1489 ἐν
605 1433 644 1508 τῇ
661 1423 796 1510 ἀληθείᾳ
811 1446 878 1490 σου.
994 1429 1026 1491 et
1039 1425 1256 1490 uanitatem
1269 1426 1406 1489 acritate
1421 1428 1488 1488 toa.

239 1528 324 1615 Ἐγύ
347 1526 445 1613 εἰμιη
462 1528 543 1610 ὁδὸς,
561 1529 689 1613 φησὶνὸ
712 1529 858 1613 Χριστός.
882 1529 948 1595 Καὶ
1038 1531 1137 1608 «Ego
1147 1546 1224 1592 aum
1237 1529 1333 1608 via»,
1346 1527 1519 1592 aitchrist
1505 1532 1570 1607 t,us
1578 1531 1744 1609 etporro:

193 1635 307 1701 πάλιν·
321 1633 407 1719 Ἐγύ
423 1633 518 1720 είμιη
532 1632 677 1719 ἀλήθεια.
690 1635 832 1721 Εὔχεται
843 1634 947 1702 τοίνυν
994 1635 1099 1713 «Ego
1125 1652 1202 1698 snm
1237 1635 1406 1697 veritae.»
1436 1634 1570 1696 Interea
1596 1633 1748 1714 postulat

192 1749 316 1826 πρῶτον
332 1740 389 1826 μέν
412 1739 445 1806 ἐν
469 1741 555 1824 αύτῷ
576 1737 732 1825 γενέσθαι,
749 1739 791 1818 ὡς
806 1740 878 1806 ὁδὸν
893 1742 947 1807 τὸν
991 1740 1141 1820 primum
1164 1739 1338 1802 Christum
1363 1741 1539 1816 tamquam
1564 1737 1657 1798 viam
1680 1737 1747 1801 sibi

196 1845 344 1930 Χριστόν,
359 1842 519 1909 τουτέστιν
534 1843 575 1920 ὡς
588 1843 716 1928 ἀρετὴν,
732 1845 841 1909 ἔπειτα
854 1843 889 1908 δε
905 1843 947 1922 ὡς
991 1861 1074 1922 esse,
1089 1845 1122 1907 id
1134 1847 1186 1907 est
1197 1849 1236 1907 nt
1246 1843 1421 1921 virtutem,
1437 1841 1557 1905 deinde
1573 1847 1612 1904 ut
1622 1843 1745 1905 verita-

197 1947 359 2034 ἀλήθειαν,
376 1949 452 2032 ὅπερ
467 1949 534 2013 ἐστι
548 1957 605 2033 της
620 1945 768 2032 θεωρίας.
991 1954 1070 2030 tem,
1087 1968 1162 2031 quae
1178 1951 1214 2012 in
1233 1947 1518 2028 contemplatione
1534 1951 1609 2010 est:

237 2075 270 2120 r.
289 2057 338 2118 17.
354 2050 496 2137 Ποίησον
519 2052 587 2138 μετ’
598 2053 675 2138 ἐμοῦ
696 2060 827 2138 σημεῖον
849 2053 894 2131 εἰς
910 2053 946 2117 ἀ-
1035 2072 1067 2116 r.
1088 2055 1139 2118 17.
1155 2055 1221 2119 Fac
1234 2069 1356 2117 mecam
1375 2052 1506 2134 tiquam
1520 2051 1557 2114 ιἰι
1571 2050 1696 2130 bonum,
1714 2055 1747 2115 et

193 2156 302 2243 γαθὸν,
325 2157 381 2221 καὶ
404 2154 555 2222 ἰδέτωσαν
578 2156 607 2220 οἱ
630 2155 792 2242 μισοῦντές
816 2177 865 2243 με,
893 2157 948 2220 καί
991 2159 1123 2223 videant
1145 2160 1204 2241 qai
1225 2157 1360 2222 oderant
1373 2174 1432 2236 me,
1451 2159 1483 2219 et
1496 2153 1747 2237 confundantur,

195 2259 465 2348 αἰσχυνθήτωσαν,
489 2261 536 2325 ὅτι
558 2263 607 2342 σύ,
634 2259 743 2352 Κύριε,
768 2259 948 2346 έύοήθησάς
991 2265 1144 2346 quoniam
1155 2268 1202 2343 to,
1218 2263 1363 2342 Domine,
1383 2260 1544 2341 adjuvisti
1554 2277 1614 2339 me,
1632 2265 1664 2324 et
1677 2277 1747 2325 coa·

195 2386 257 2451 μοι,
272 2368 328 2430 καὶ
343 2363 571 2449 παρακαλέσας
588 2385 636 2450 με.
991 2368 1118 2433 rotatae
1132 2383 1167 2433 ea
1180 2384 1239 2431 ma

239 2468 310 2555 Οὐχ
334 2469 442 2546 ἁπλῶς
458 2477 599 2554 σημεῖον,
620 2468 704 2533 ἀλλὰ
720 2477 850 2554 σημεῖον
866 2468 945 2553 ἀγα·
1038 2475 1112 2535 Non
1135 2471 1337 2551 simpliciter
1358 2470 1500 2548 signum
1529 2469 1665 2550 quant,
1688 2467 1747 2532 sed

196 2573 261 2657 θὸν,
278 2573 348 2638 ἀντὶ
362 2583 434 2638 τοῦ·
449 2571 591 2658 Ποίησον
606 2582 739 2659 σημεῖον
762 2575 830 2660 ἐμοὶ
851 2573 948 2659 φέρον
991 2576 1132 2654 signum
1155 2575 1293 2655 bonum,
1318 2573 1497 2637 videlieet:
1521 2572 1574 2636 fac
1600 2573 1686 2636 mihi
1702 2573 1746 2636 ei-

196 2682 233 2745 τὸ
249 2677 412 2763 σωτήριον.
428 2678 494 2743 Καὶ
510 2678 661 2745 ίδέτυισαν
673 2679 702 2744 οἱ
718 2678 880 2765 μισοῦντές
896 2700 945 2764 με,
991 2697 1101 2759 gnum
1116 2675 1289 2760 proferens
1305 2678 1461 2742 salutem,
1485 2679 1531 2743 Et
1542 2677 1674 2741 rideam
1687 2676 1746 2758 qai

195 2785 255 2868 τὴν
278 2784 321 2860 εἰς
342 2782 399 2867 ἐμέ
421 2793 588 2868 τοιγαροῦν
612 2783 762 2869 πρόνοιαν
784 2785 946 2869 δυσμενεῖς
991 2785 1127 2850 odorant
1150 2801 1209 2863 me,
1236 2787 1268 2847 et
1293 2781 1545 2864 corasaadoatwr.
1576 2783 1621 2846 nt
1651 2783 1743 2844 enim

196 2887 393 2972 θεασάμενοι
413 2887 567 2973 αἰσχύνης
584 2885 875 2972 ἀναπληθησονται,
890 2891 946 2953 καὶ
991 2889 1115 2955 factam
1132 2903 1216 2966 erga
1231 2905 1285 2950 me
1300 2886 1549 2967 providentiam
1565 2902 1673 2967 quum
1688 2884 1745 2949 ad·

197 2992 403 3058 ὲπονείδιστοι
431 2993 521 3076 παρὰ
549 3001 626 3056 πᾶσι
654 2990 852 3077 γενήσονται.
885 2991 949 3077 Ση-
991 2994 1134 3057 versarii
1156 2991 1313 3070 viderint,
1341 2991 1516 3072 pudefient
1545 2995 1580 3053 et
1606 2989 1743 3080 ridiculi

196 3107 271 3184 μετα
287 3095 394 3182 ἀγαθά
409 3097 493 3163 ἐστιν
515 3098 556 3161 τὰ
570 3095 754 3183 χαρίσματα
776 3105 832 3160 τοῦ
849 3096 948 3162 Πνεύ-
992 3099 1151 3161 omnibns
1168 3097 1321 3160 evadent.
1346 3097 1454 3174 Signa
1475 3095 1564 3158 bona
1584 3097 1665 3157 sunt
1680 3093 1747 3175 spi-

197 3220 296 3285 ματος
310 3209 380 3264 τοῦ
376 3196 482 3284 -,ίιγίου
496 3201 668 3286 ταῦταγὰρ
685 3199 823 3285 μάλιστα
836 3201 949 3287 αἰσχύ-
992 3203 1079 3265 ritus
1102 3201 1317 3279 charismata,
1341 3217 1417 3280 quae
1439 3204 1499 3281 pot
1500 3200 1656 3262 isaimum
1679 3198 1744 3261 dae-

194 3317 300 3369 νονται
320 3304 375 3368 καί
397 3303 426 3367 οἱ
448 3303 662 3390 δαίμονες-
677 3304 743 3370 Καί
765 3305 944 3390 παρεκάλε-
992 3324 1109 3370 mones
1126 3305 1478 3369 erubescerefaoiunt.
1493 3304 1590 3365 -Et
1604 3301 1745 3368 ιοιιοοία-

195 3408 253 3485 σάς
269 3429 318 3494 με.
335 3406 544 3493 Παράκλησίς
555 3410 639 3474 ἐστιν
651 3409 825 3494 ἀνάκτησις
841 3411 949 3496 ψυχης
994 3415 1048 3477 toa
1059 3427 1092 3474 es
1104 3427 1162 3473 ναι.
1176 3410 1342 3472 Consolat'
1334 3425 1366 3471 ιο
1379 3413 1431 3472 est
1442 3408 1605 3471 recreatio
1621 3408 1744 3469 animae

194 3511 258 3576 ἀπὸ
279 3512 407 3578 πολλῶν
427 3512 544 3582 κόπων.
561 3509 711 3580 Ἧέστί·
726 3513 950 3600 Βεύαιύθημαι
992 3534 1014 3577 a
1028 3515 1126 3577 mult'
1102 3517 1287 3592 ttrsangus
1289 3514 1342 3576 iis.
1358 3512 1420 3576 Vel
1439 3512 1522 3574 dioit
1508 3515 1536 3574 t:
1561 3509 1743 3575 Confirma-

196 3618 251 3682 ιιαὶ
266 3615 526 3704 παρακέκλημαι.
992 3625 1049 3683 tus
1065 3634 1142 3682 sum
1158 3621 1191 3680 et
1206 3617 1409 3681 consolatae.

226 3841 255 3881 v.
269 3823 310 3879 11.
323 3823 391 3881 Vat.
404 3823 430 3894 4,
443 3823 576 3880 lasona
590 3843 620 3896 x,
630 3825 655 3878 l.
1029 3839 1058 3879 r.
1072 3821 1194 3879 177111.
1208 3820 1234 3891 3,
1247 3821 1273 3891 4,
1287 3820 1312 3890 7,
1326 3819 1368 3873 12.

666 4015 680 4038 ’
756 4019 927 4098 Ροαίικαι
952 4014 1187 4100 LXXXVI.

239 4270 271 4316 v
305 4253 333 4315 1.
365 4245 440 4327 Τοῖς
469 4248 547 4327 υίοῐς
577 4248 664 4335 Κορὲ
695 4248 821 4336 ψαλμὸς
853 4247 1580 4336 ῲδης.ι.1.11ι“ίι“ι“ιθονιμοιιῖιιιιιιοιίπ.

205 4356 512 4536 νίίλίιύίίίιιίςούτύς
528 4458 621 4539 ἐστιν,
638 4456 878 4544 ἀπαλλαγείσης
893 4395 950 4545 τῆς
1038 4461 1152 4523 Etiam
1176 4458 1394 4539 triumphalis
1416 4459 1569 4541 psalmus
1588 4463 1648 4538 est,
1668 4459 1750 4523 aivi·

198 4561 339 4640 πόλεως·
355 4560 556 4648 προθεσπίζει
579 4561 614 4626 δέ
641 4564 696 4627 καί
719 4566 777 4649 riv
797 4563 952 4650 κληρονο·
993 4569 1063 4628 tate
1079 4565 1231 4627 liberata.
1255 4563 1319 4627 Sed
1340 4563 1498 4643 praeoinit
1518 4579 1653 4643 qnoque
1668 4563 1747 4626 hae·

197 4666 271 4755 μίαν
287 4671 342 4734 καί
357 4666 517 4754 σωτηρίαν
533 4676 595 4733 τῶν
609 4667 715 4735 ἐθνῶν.
993 4669 1173 4733 reditatem
1190 4672 1224 4730 et
1238 4667 1462 4731 salvationem
1478 4666 1646 4744 gentium.

240 4794 272 4839 r.
285 4775 316 4839 2.
328 4771 368 4838 01
378 4771 523 4858 θεμέλιοι
538 4773 572 4838 ἐν
587 4780 652 4850 τοῖς
664 4773 750 4857 ὄρεσι
761 4781 827 4850 τοῖς
839 4771 950 4859 ἁγίοις.
1038 4790 1070 4835 r.
1087 4771 1118 4835 2.
1133 4769 1358 4836 Fundamenta
1368 4770 1439 4850 ejas
1450 4769 1487 4834 ιἰι
1498 4769 1658 4837 matina
1670 4787 1747 4836 ιαπ-

207 4923 210 4930 '
229 4921 456 4990 Pa.nxxxr1,v.
468 4920 607 4977 aveat
618 4920 791 4994 Anonymne'
804 4925 953 4996 suprano-
995 4915 1101 4975 soholii
1119 4933 1204 4972 snum
1216 4914 1289 4971 feeit
1300 4931 1393 4986 usqae
1411 4915 1450 4971 ad
1467 4915 1576 4988 Ephea
1595 4931 1628 4987 11,
1646 4911 1749 4987 20,ὀο-

194 5013 277 5064 tatus
288 5007 391 5063 eadem
403 5006 466 5064 fere
477 5007 575 5079 habet,
586 5023 652 5079 ηοω
665 5007 869 5064 'theodoretus
881 5007 954 5064 libe·
994 5005 1068 5060 mite
1080 5001 1235 5060 Theodoro
1248 5001 1366 5056 Herael.
1377 5001 1428 5072 qui
1437 5001 1512 5074 legit
1524 5002 1602 5075 apud
1611 5001 1750 5074 Aquilam

195 5094 258 5150 rina
271 5094 421 5168 explicuit.
995 5095 1024 5147 έν
1037 5095 1110 5158 ὄρεσι
1125 5092 1303 5160 ἡγιασμένοις,
1321 5092 1353 5142 at
1369 5086 1463 5144 riola
1483 5087 1525 5158 11,
1544 5087 1598 5144 238
1615 5087 1706 5146 habet
1718 5092 1749 5160 η·

231 5199 259 5240 ν.
281 5183 307 5238 2.
326 5182 437 5252 71114,
456 5181 481 5239 5.
509 5181 594 5240 Idem
611 5181 813 5240 'theoderetus
836 5181 953 5240 initiam
996 5183 1139 5250 γιασμένου
1151 5193 1218 5234 anm
1229 5175 1386 5249 anonymo
1398 5174 1531 5232 (larderii
1544 5192 1579 5247 11,
1593 5175 1653 5231 772.
1694 5198 1698 5204 ’
