4006 6090
320 392 384 455 276
985 386 1194 450 ORIGENES

363 531 400 598 ‘0
418 531 551 618 μέτοχος
574 536 636 594 τῶν
652 525 850 614 φοθουμίνων
870 529 924 590 τόν
939 523 1065 608 Κύριον,
1154 529 1217 603 Qui
1247 531 1415 613 particeps
1439 531 1498 596 'est
1523 532 1717 595 timentium
1745 533 1857 595 Domi-

319 638 373 701 καὶ
389 638 482 714 αιίτός
498 633 640 720 φοθεῖται
654 633 708 697 τόν
723 630 858 715 Κύριον·
874 631 928 693 καὶ
944 629 961 693 6
978 627 1067 714 μέτο-
1108 649 1202 711 num‚
1218 633 1292 713 ipse
1312 635 1410 698 timet
1435 636 1616 699 Dominum
1630 657 1638 714 ;
1666 635 1725 716 qui
1752 637 1855 716 parti-

319 761 378 826 χος
400 747 461 805 τῦν
484 736 622 818 δικαίων,
645 737 699 801 καί
722 734 816 812 αὐτός
838 733 956 810 δίκαιός
980 732 1066 797 ἐστι·
1108 752 1186 816 ceps
1198 740 1249 800 est
1269 735 1451 818 justorum,
1471 741 1542 820 ipse
1564 739 1679 819 justus
1700 744 1767 803 est:
1783 741 1856 803 illo-

318 854 379 909 τῦν
395 843 451 929 μὲν
464 844 526 929 γάρ
541 843 558 907 6
574 838 670 926 φόθος
685 840 799 921 κοινός,
815 846 877 902 τῶν
897 836 931 901 δὲ
950 837 1066 902 δικαιο-
1109 859 1186 904 rum
1213 842 1305 904 enim
1330 842 1442 922 timor,
1469 843 1590 906 horum
1620 860 1700 906 vero
1722 842 1857 923 jnstitia

320 948 410 1032 σόνη.
1110 947 1300 1012 communis
1316 949 1376 1009 est.

362 1074 394 1118 v.
412 1055 464 1135 65,
490 1054 541 1117 66.
571 1047 786 1134 Χρηστότητα
811 1045 964 1130 ἐποίησας
989 1045 1067 1130 μετά
1152 1068 1183 1111 v.
1202 1051 1253 1112 65.
1272 1053 1323 1113 66.
1339 1050 1645 1132 Boaiiolemseoisti
1672 1069 1743 1117 οιιιιι
1768 1069 1858 1118 κωκυ

318 1167 373 1221 τοῦ
389 1155 501 1220 δούλου
514 1177 581 1236 σου,
597 1153 705 1237 Κύριε,
722 1153 806 1216 κατά
820 1153 873 1215 τόν
888 1149 983 1234 λόγον
998 1169 1065 1213 σου.
1108 1157 1171 1230 tm,
1186 1153 1331 1234 Domine,
1349 1154 1659 1220 secondomoerbum
1671 1159 1772 1219 ίιιιιιιι.
1795 1159 1856 1220 Bo·

317 1258 531 1345 Χρηστότητα
545 1260 599 1324 καὶ
614 1255 758 1322 παιδείαν
780 1257 835 1320 καί
853 1263 966 1339 γνῶσιν
981 1251 1066 1318 δίδα-
1107 1258 1242 1322 nitatem
1257 1261 1289 1321 oi
1309 1257 1518 1338 disciplinam
1541 1263 1574 1323 et
1594 1260 1763 1324 scientiam
1786 1259 1857 1326 doce

318 1365 371 1444 ξόν
390 1385 438 1449 με,
454 1365 500 1428 ότι
516 1371 583 1440 ταῖς
599 1361 741 1438 ἐντολαῖς
757 1381 813 1425 σου
829 1356 1006 1425 ἐπίστευσα.
1107 1379 1166 1442 me,
1185 1363 1263 1443 quia
1277 1363 1522 1428 mandatotum
1537 1363 1668 1429 credidi.

360 1464 400 1534 Ἥ
414 1467 593 1554 χρηστότης
615 1476 669 1531 τοῦ
685 1465 768 1533 Θεοῦ
788 1473 826 1550 τῇ
850 1471 998 1548 γευστικη
1016 1461 1067 1526 δυ·
1151 1467 1288 1530 Bonitas
1315 1468 1377 1530 Dei
1403 1471 1533 1548 spectat
1558 1467 1601 1530 ad
1632 1485 1707 1531 eam
1734 1469 1856 1532 animm

317 1573 409 1658 νόμει
424 1582 481 1658 της
497 1571 603 1657 ψυχῆς
626 1567 801 1635 ὑποπίπτει.
817 1565 977 1634 Γείισασθε
992 1566 1065 1650 γάρ,
1108 1569 1304 1634 facultatem
1327 1589 1403 1652 qum
1419 1573 1524 1636 sentit
1538 1574 1753 1636 suavitatem.
1768 1575 1855 1637 «Gu-

317 1679 393 1761 φησί
412 1724 421 1757 ,
451 1679 505 1741 καὶ
533 1676 616 1740 ίδετε
643 1677 689 1738 δτι
723 1674 862 1760 χρηστός
891 1672 908 1736 6
938 1669 1064 1754 Κύριος.
1106 1679 1193 1737 state
1209 1676 1310 1755 enim,
1331 1676 1389 1755 ait,
1407 1679 1441 1738 et
1456 1677 1567 1740 videte
1580 1678 1788 1758 quiasuavis
1804 1682 1855 1741 est

315 1780 424 1857 Γεῦσις
440 1779 475 1845 δέ
496 1777 615 1862 ἐστινὴ
632 1777 769 1843 ἀπάθεια
791 1779 898 1862 ψυχῆς
922 1775 1064 1860 λογικῆς,
1106 1778 1280 1842 Dominus.
1298 1799 1314 1836 ι
1332 1779 1460 1844 Gustus
1475 1784 1590 1842 autern
1605 1785 1657 1844 est
1677 1781 1853 1844 rationalis

314 1887 366 1950 διά
388 1894 443 1948 τοῦ
466 1893 676 1968 πνευματικοῦ
698 1880 794 1967 νόμου
813 1876 1063 1966 προσγινομένη·
1105 1885 1228 1946 animm
1243 1900 1377 1946 summa
1391 1901 1467 1965 pax,
1484 1900 1586 1964 quam
1602 1887 1691 1966 parit
1705 1886 1761 1948 lex
1787 1887 1854 1966 spi·

314 1987 494 2075 χρηστότης
509 1986 544 2052 δέ
567 1989 650 2053 ἐστιν
664 1995 769 2070 γεῦσις
792 1984 914 2070 ἀληθὴς
937 1991 998 2047 τῶν
1013 2003 1065 2066 γε·
1105 1989 1250 2052 ritualia.
1266 1989 1368 2068 Atqui
1384 1987 1579 2066 benignitas
1605 2006 1706 2052 verus
1723 1994 1775 2052 ast
1789 2005 1853 2066 gu-

314 2091 451 2178 γονότων
466 2092 526 2156 ὑπό
539 2090 640 2157 Θεοῦ·
655 2089 781 2154 παιδεία
795 2088 830 2152 δέ
843 2086 1064 2172 μετριοπότθεια
1104 2094 1177 2153 stus
1191 2108 1305 2153 rerum
1320 2109 1341 2152 a
1366 2092 1435 2154 Deo
1461 2090 1640 2171 lactarum3
1670 2093 1850 2174 disciplina

315 2196 441 2261 παθῶν·
457 2205 570 2280 γνῦσις
585 2193 620 2258 δέ
635 2193 719 2260 ἐστιν
733 2191 754 2278 ἡ
767 2191 887 2277 θεωρία
897 2199 954 2277 τῆς
970 2190 1064 2276 Τριόι-
1105 2200 1229 2275 autem,
1246 2194 1481 2275 aequanimitas
1497 2195 1694 2276 affectuum3
1710 2198 1853 2260 scientia

315 2301 377 2378 δος.
1105 2316 1195 2378 vera,
1212 2300 1451 2380 contemplatio
1468 2300 1652 2364 Trinitatis.
1667 2335 1705 2345 —
1720 2303 1852 2382 Impen-

360 2402 522 2492 Πλουσίως
544 2403 659 2489 ἐκχεῖς,
677 2403 782 2486 φησιν,
797 2401 848 2466 ἐπὶ
867 2399 986 2476 πάντας
1004 2399 1060 2476 τάς
1104 2419 1140 2465 se
1157 2401 1312 2479 effundis
1328 2403 1450 2483 inquit,
1466 2420 1568 2484 super
1590 2407 1729 2466 cunctos
1753 2403 1852 2468 mise-

314 2519 369 2572 τοῦ
385 2507 492 2586 ἐλέους
505 2509 624 2592 πηγὰς,
638 2508 694 2570 καί
715 2507 774 2570 οὐκ
795 2504 922 2590 ἐπάγεις
941 2502 1015 2568 καθ’
1029 2505 1060 2568 έ·
1103 2505 1255 2568 ricordiae
1279 2505 1398 2586 fontes,
1425 2524 1535 2588 neque
1561 2509 1783 2588 persequeris,
1811 2513 1851 2572 ut

315 2633 433 2676 καστον
456 2610 567 2696 φέρων,
590 2610 710 2696 γάμους
733 2607 997 2694 διορυττομένους,
1013 2609 1060 2670 αῖ·
1104 2612 1249 2692 quisque
1263 2609 1339 2690 iert,
1362 2612 1560 2691 nuptiarum
1576 2613 1765 2691 violatores,
1792 2611 1851 2675 ho-

316 2738 389 2802 ματι
410 2715 632 2802 μιαινομένους,
648 2711 924 2800 σφετεριζομένους
942 2712 983 2776 τά
1005 2710 1060 2774 ἀλ·
1105 2715 1244 2778 mioidas
1271 2716 1441 2792 sanguine
1467 2697 1663 2796 maculatos,
1675 2716 1850 2797 praedones

313 2820 430 2905 λότρια,
453 2823 508 2885 καὶ
529 2821 570 2885 τά
594 2819 699 2885 λοιπά.
721 2818 842 2884 Τούτου
865 2816 948 2902 κάμέ
972 2815 1060 2894 ἀξιῶ·
1104 2821 1268 2883 bonorum
1282 2821 1481 2899 alienorum,
1494 2821 1680 2901 etreliqua.
1693 2820 1758 2883 Mei
1771 2837 1853 2900 quo-

313 2947 382 3004 σας,
402 2933 463 2990 τῶν
487 2932 550 2990 σῶν
572 2921 700 2988 δικαίων
722 2924 781 3008 την
799 2918 913 3006 γνῶσίν
936 2941 987 3004 μοι
1000 2940 1060 3004 χα-
1105 2941 1170 3005 que
1178 2925 1330 2988 misereri
1342 2923 1514 3004 dignatus,
1524 2923 1567 2986 da
1577 2924 1661 2986 milri
1674 2925 1852 2988 scientiam

313 3029 413 3114 ρίσαι·
436 3039 548 3114 πεῖραν
570 3030 631 3115 γάρ
657 3026 761 3093 λαθὼν
777 3046 833 3091 σου
854 3034 911 3109 τῆς
926 3024 1060 3110 χρηστό-
1100 3027 1281 3108 justorum.
1297 3029 1465 3109 Expertus
1481 3029 1571 3091 enim
1590 3033 1684 3091 tuam
1696 3029 1854 3107 benigni-

315 3153 422 3217 τητος,
437 3134 491 3196 καί
510 3131 597 3210 αὖθις
616 3132 734 3216 ταύτης
753 3129 934 3195 ἀπολαῦσαι
960 3149 1060 3213 παρα-
1103 3137 1218 3212 tatem,
1235 3133 1358 3196 iterum
1374 3134 1433 3195 illa
1448 3132 1515 3194 frui
1531 3132 1700 3213 deprecor,
1716 3136 1756 3196 ut
1770 3151 1852 3198 cum
1986 3175 1987 3202 ι

316 3237 417 3319 καλῶ,
429 3239 481 3302 ίνα
493 3239 549 3301 σὺν
561 3237 707 3322 αῦτηκαὶ
721 3232 863 3300 παιδείαν
878 3237 932 3298 καὶ
947 3242 1060 3317 γνῶσιν
1104 3255 1144 3300 ea
1159 3241 1192 3300 et
1207 3237 1422 3318 disciplinam
1438 3241 1473 3298 et
1495 3236 1672 3298 scientiam
1699 3235 1850 3314 edocear,
1986 3261 1987 3328 γ

315 3339 453 3427 μάθοιμι·
469 3339 612 3405 παιδείαν
624 3341 680 3425 μέν
691 3341 749 3425 την
763 3338 888 3424 ἠθικὴν,
899 3345 1012 3421 γνῶσιν
1024 3338 1059 3401 δὲ
1103 3342 1316 3423 disciplinam
1329 3359 1462 3404 morum
1475 3344 1508 3404 et
1519 3342 1853 3404 scientiamcontem-
1986 3331 1987 3336 ’

313 3448 371 3532 τὴν
387 3442 598 3530 θεωρητικήν.
616 3482 657 3492 -
674 3441 766 3509 Οἶδεν
781 3443 798 3508 6
817 3438 982 3526 προφήτης
1000 3449 1058 3523 της
1102 3448 1301 3527 plationum.
1320 3482 1358 3490 -
1375 3446 1476 3508 Novit
1487 3445 1650 3525 propheta
1661 3462 1763 3525 quam
1775 3462 1852 3527 pro-
1986 3517 1987 3522 γ

311 3548 453 3626 παιδείας
473 3553 509 3614 τό
528 3547 694 3634 χρήσιμον,
710 3548 765 3610 καὶ
780 3546 827 3609 ότι
842 3540 1057 3629 φιλανθρωπίᾳ
1102 3549 1192 3614 ficus
1206 3551 1251 3614 sit
1265 3550 1455 3630 disciplina,
1472 3553 1505 3611 et
1531 3549 1625 3629 quali
1646 3556 1758 3613 motus
1784 3551 1851 3614 ole-

313 3654 483 3740 χρώμενος,
500 3654 517 3718 6
532 3653 688 3736 δεσπότης
706 3651 824 3734 ταύτην
838 3646 978 3734 ἐπιφέρει
992 3657 1056 3725 τοῖς
1101 3656 1230 3718 mentia
1244 3654 1408 3717 Dominus
1432 3669 1506 3715 eam
1530 3654 1684 3716 attulerit
1706 3653 1852 3716 homini·
1986 3659 1987 3678 ¹

312 3757 496 3843 ἀνθρώποις·
507 3759 562 3821 καὶ
577 3755 619 3834 ὡς
632 3753 653 3840 ἡ
667 3753 794 3819 παιδεία
808 3754 867 3839 τὴν
880 3761 993 3838 γνῶσιν
1008 3751 1057 3836 ἐρ
1100 3760 1174 3839 bus,
1185 3758 1392 3840 etquomodo
1404 3757 1854 3839 disciplinasoientiamope-

311 3862 452 3947 γάζεται,
468 3861 536 3926 ἐπεὶ
558 3860 655 3945 ὀρθῶς
670 3859 724 3922 καί
741 3855 897 3942 φρονίμως
913 3865 981 3932 ταῖς
996 3875 1055 3919 πα·
1100 3867 1204 3942 retur,
1221 3863 1393 3942 quoniam,
1410 3863 1533 3943 inquit,
1551 3861 1594 3924 ad
1609 3867 1669 3926 tna
1692 3862 1853 3926 mandata

311 3967 352 4049 ρά
371 3975 428 4029 σοῦ
446 3964 588 4042 ἐντολαῖς
609 3961 789 4047 προσελθὼν
813 3959 980 4024 ἐπίστευσα
1002 3960 1055 4023 ao
1100 3985 1179 4030 oum
1194 3971 1286 4050 recta
1296 3971 1330 4029 et
1340 3984 1423 4030 sana
1435 3972 1548 4030 mente
1564 3967 1736 4047 accedens,
1754 3969 1790 4030 in
1803 3969 1853 4032 eis

312 4079 391 4150 ταῖς,
404 4069 446 4146 ὡς
461 4078 598 4154 τηρῆσαι
613 4067 720 4148 αὐτόις,
737 4064 843 4150 δρεξόν
859 4085 910 4149 μοι
933 4062 1054 4148 σοφίαν,
1100 4070 1226 4135 credidi
1243 4076 1282 4133 ut
1308 4087 1347 4133 ea
1376 4087 1518 4150 servem,
1545 4072 1673 4149 largire
1689 4071 1773 4134 mihi
1800 4089 1852 4134 sa-

310 4174 364 4236 καί
380 4171 503 4252 δίδαξον
525 4169 668 4236 παιδείαν
688 4171 742 4234 καί
764 4175 886 4252 γνῦσιν.
903 4166 997 4233 -Ὁ
1020 4168 1056 4232 δέ
1099 4176 1273 4258 pientiam,
1287 4178 1319 4238 el
1331 4173 1402 4239 doce
1416 4191 1465 4238 me
1478 4173 1685 4254 disciplinam
1699 4178 1732 4239 et
1744 4174 1847 4239 πριιιι-

310 4275 483 4362 Σύμμαχος
506 4276 573 4341 ἀντὶ
589 4284 643 4339 τοῦ
665 4272 869 4359 χρηστότητα
892 4270 1054 4355 ἐποίησας,
1100 4282 1191 4344 tiam.
1210 4314 1248 4324 -
1266 4278 1488 4360 Symmachus
1505 4285 1619 4341 autern
1645 4295 1704 4359 pro
1730 4278 1851 4344 θῦπίίιι-

309 4378 524 4466 εὐηργέτησας
550 4381 603 4444 τόν
626 4377 737 4443 δοῦλόν
760 4399 816 4442 σου
839 4375 982 4455 ἐξέδωκε.
1007 4379 1056 4442 Δι-
1101 4389 1163 4448 iem
1181 4382 1309 4464 fecisti,
1339 4383 1532 4445 transtulit:
1547 4381 1744 4464 Bonoseciati
1757 4399 1850 4449 sarco

309 4483 498 4569 δασκιίιμεθα
524 4483 559 4547 δὲ
587 4483 629 4568 μὴ
659 4479 855 4566 ἀναισθήτως
882 4480 1056 4548 διακεῖσθαι
1101 4491 1163 4551 too.
1180 4488 1347 4549 Docemur
1363 4485 1451 4564 inde,
1468 4503 1510 4548 ne
1529 4486 1739 4549 insensatum
1763 4503 1849 4564 erga

310 4591 387 4672 πρός
402 4590 458 4664 τόις
474 4585 564 4664 θείας
580 4584 769 4672 εὐεργεσίας.
1100 4591 1216 4654 divina
1230 4589 1395 4653 beneficia
1411 4589 1564 4652 animum
1580 4605 1750 4666 geramus.

353 4693 460 4776 Οὔσης
476 4693 611 4775 περίτόν
626 4690 706 4758 Θεόν
718 4691 934 4777 χρηστότητος
949 4694 1004 4756 καὶ
1019 4693 1053 4756 ἀ·
1145 4695 1309 4771 Quoniam
1329 4693 1419 4774 apud
1441 4693 1551 4756 Deum
1580 4696 1633 4756 est
1658 4694 1790 4757 bonitas
1814 4697 1849 4757 et

309 4793 1053 4881 ποτομίαςκατάτόνἀπόστολον,ἡμένχρηστό-
1096 4799 1268 4876 severitas,
1291 4801 1375 4860 teste
1398 4797 1566 4892 Aposto10,
1590 4795 1723 4862 bonitas
1746 4816 1845 4862 usur-

305 5017 371 5086 jure
384 5017 497 5089 dubito)
510 5017 666 5074 Corderius
680 5023 709 5073 ot
722 5017 975 5088 Montefaloonius‚
986 5037 1052 5075 oon·
1133 5036 1160 5074 v.
1174 5018 1217 5086 65,
1230 5017 1273 5071 66.
1286 5017 1353 5071 Vat.
1366 5017 1392 5087 4,
1405 5017 1432 5072 5.
1446 5015 1490 5072 of.
1501 5017 1542 5073 Ps
1555 5033 1666 5090 xxxm,
1679 5021 1705 5075 9.
1717 5018 1802 5076 Rom
1814 5037 1846 5090 ιι,

309 5103 520 5159 tradicentibus
533 5105 643 5162 nostris
655 5105 737 5162 codd.
1097 5106 1123 5160 4.
1136 5103 1228 5161 Plelo.
1243 5120 1276 5174 ιι,
1289 5103 1350 5159 279.
