4008 6094
294 336 334 398 32
953 335 1162 402 ualeamus

292 479 342 565 ἐφ’
350 478 515 566 ἁμαρτίαις
525 479 585 546 ὑπὸ
598 478 802 565 συνειδήσεως
812 475 1033 546 sommae-
1080 479 1219 543 Beatum
1244 478 1334 542 enim
1359 484 1409 543 est
1431 483 1614 563 compungi
1637 500 1658 546 a
1680 483 1825 549 coscien·

293 585 394 666 Ἀξιοῖ
407 588 461 651 ούν
476 586 651 672 ἀποστῆναι
665 589 721 663 τὰς
733 586 903 671 μάστιγας·
918 582 1035 651 Ἀπόσ-
1079 583 1128 644 tia
1143 599 1202 663 pro
1225 587 1379 664 peccatis.
1395 619 1432 629 -
1450 589 1596 669 Supplex
1619 588 1727 666 igitur
1750 577 1823 653 orat

294 689 554 774 τησονάπ’ἐμού,
570 692 724 776 φησὶ,τάς
737 689 890 774 μάστιγάς
901 709 968 770 σου,
979 687 1036 765 τάς
1081 687 1229 749 amoveri
1257 684 1403 766 flagella.
1430 694 1546 754 Amore
1570 706 1592 754 c
1616 707 1674 770 arc,
1701 693 1822 772 inquit,

294 815 328 860 τε
343 793 455 874 ἔξωθεν
476 793 673 880 ἐπικειμένας
695 795 747 858 διὰ
761 803 822 858 τῶν
843 801 1032 878 πειρασμῶν,
1057 786 1210 873 fiagello
1223 793 1291 869 trra,
1308 797 1378 853 tam
1393 793 1485 856 intus
1500 811 1602 874 quam
1618 794 1698 858 loris
1713 795 1822 858 immi·

294 901 412 976 καὶτὰς
423 897 546 964 ἔσωθεν.
560 895 682 982 Μέτρον
692 899 754 982 γάρ
765 894 925 982 ἐχέτωσαν
937 896 992 958 καὶ
1004 895 1037 959 αἱ
1082 895 1198 958 nentia
1229 911 1289 976 per
1316 897 1533 960 tentationes:
1561 897 1708 961 habeant
1734 898 1825 960 enim

296 1002 443 1088 μάστιγες
465 1010 522 1086 τῆς
537 998 690 1078 διανοίας·
714 1000 770 1065 ἐὰν
784 1001 845 1085 γάρ
860 997 1037 1082 περισσάτε-
1082 1015 1275 1061 mansuram
1288 1014 1422 1079 quoquc
1437 998 1575 1078 flagella
1590 1001 1824 1080 cogitationis3

295 1129 357 1194 ραι,
377 1106 588 1193 ἀπολούμεθα.
605 1105 650 1170 Tb
674 1107 735 1191 γάρ
750 1105 828 1188 ὑπὲρ
852 1102 964 1187 μέτρον
984 1101 1037 1167 λυ·
1083 1120 1229 1184 namque
1250 1104 1279 1166 si
1298 1103 1554 1185 abundaverint,
1576 1121 1823 1168 consumemur.

295 1211 429 1296 πεῖσύαι,
452 1210 614 1295 διαφθορά.
630 1208 743 1294 Διόπερ
759 1209 776 1273 ὁ
792 1206 967 1284 ἀπόστολος
986 1205 1055 1278 si·¹
1083 1208 1218 1271 Etenim
1237 1207 1506 1288 «supramodum
1528 1207 1647 1287 affligi,
1670 1209 1827 1272 interitus
1858 1237 1864 1248 ι
1988 1167 2000 1256 ἐ

295 1313 486 1402 λαύούμενος
508 1316 566 1399 τὴν
588 1312 710 1398 πολλὴν
733 1312 872 1399 μάστιγα
893 1318 951 1395 τῆς
973 1311 1037 1375 δια-
1084 1316 1176 1374 est.»
1201 1310 1329 1375 Idcirco
1347 1312 1469 1375 timens
1483 1313 1663 1392 Apostolus
1685 1312 1829 1376 multam

295 1416 382 1496 νούας
395 1427 450 1482 τοῦ
473 1417 715 1503 ἁμαρτάνοντος,
731 1415 827 1502 pact·
849 1413 903 1500 Μή
920 1437 985 1493 ποις
999 1424 1039 1500 τῇ
1089 1416 1212 1479 mentis
1234 1416 1372 1496 plagam
1396 1416 1431 1478 iu
1454 1420 1636 1496 peccatore,
1661 1415 1725 1478 ait:
1752 1417 1829 1478 «Nc

295 1520 502 1606 περισσοτέρᾳ
516 1521 599 1604 λύπῃ
614 1519 780 1606 καταποθῇ
795 1519 813 1584 ὁ
828 1529 965 1596 τοιοῦτος
980 1519 1040 1584 ὑπὸ
1087 1518 1172 1582 forte
1195 1520 1254 1600 qui
1270 1516 1464 1598 hujusmodi
1482 1523 1542 1597 est,
1566 1519 1705 1583 tristitia
1726 1517 1830 1582 abun·

295 1635 351 1691 τοῠ
366 1625 505 1692 Σάτανᾶ.
1068 1621 1679 1710 ,ύοιιύοιίιιύεοτύεεύιιιοδεύεαι.»

339 1729 404 1795 Καὶ
419 1728 566 1814 ἐξέιηξας
577 1728 619 1806 ὡς
635 1727 779 1814 ἀράχνην
790 1730 848 1814 rba
863 1727 970 1812 ψυχὴν
985 1726 1041 1791 αὐ·
1129 1727 1175 1791 Et
1188 1725 1342 1791 tabescere
1348 1725 1466 1806 fecisti
1486 1726 1573 1790 aaut
1593 1742 1746 1791 cromam
1759 1726 1830 1788 oui·
1882 1751 1885 1758 ¹

295 1844 359 1900 τοῦ.
367 1829 408 1900 Ἥ
415 1834 638 1920 ἁμαρτάνουσα
646 1833 681 1898 δὲ
688 1833 776 1918 ψυχὴ
787 1830 970 1917 παχύνεται·
977 1851 1040 1894 τοι·
1084 1846 1171 1894 mcm
1192 1831 1271 1912 ορατ.
1287 1831 1431 1893 Peccans
1447 1832 1560 1893 autem
1576 1831 1689 1895 anima
1707 1831 1828 1910 impin·

295 1938 376 2022 αύιη
388 1940 449 2024 γάρ
464 1937 486 2023 ἡ
502 1938 592 2022 φύσις
607 1944 664 2022 τῆς
678 1932 850 2023 ἁμαρτίας·
866 1935 912 1998 διὸ
928 1932 1041 2020 γέγρα-
1086 1941 1229 2018 guatur3
1246 1934 1439 2016 hujusmodi
1455 1935 1545 1998 enim
1562 1940 1612 1998 est
1626 1937 1753 2016 peccati
1771 1953 1828 1998 na·

295 2063 386 2108 πται·
401 2041 585 2128 Ἐπαχύνθη
596 2040 619 2126 ἡ
630 2038 811 2125 crepitaret
822 2039 901 2104 λαοῦ
916 2039 1037 2103 τούτου.
1087 2047 1179 2122 tura3
1196 2041 1284 2105 unde
1300 2043 1477 2122 scriptum:
1497 2063 1513 2100 ι
1527 2042 1753 2104 incrassatum
1776 2046 1828 2105 est

295 2143 336 2212 ‘H
348 2146 444 2231 άρειὴ
458 2147 493 2210 δὲ
504 2145 646 2210 λεπτύνει
657 2147 714 2230 τὴν
723 2145 839 2230 ψυχὴν,
850 2144 905 2206 καὶ
913 2139 1042 2225 ἐκτήκει
1085 2160 1143 2207 cor
1156 2144 1272 2224 populi
1288 2142 1400 2223 hujus.
1413 2163 1430 2201 ν
1447 2143 1563 2206 Virtus
1578 2160 1658 2206 vero
1679 2145 1828 2209 animam

297 2249 407 2335 αὐτὴν,
424 2250 478 2314 καὶ
493 2251 544 2314 [να
559 2247 746 2335 βιασάμενος
761 2247 915 2332 ὀνομάσω,
931 2255 994 2310 πᾶν
1005 2246 1041 2310 τὸ
1085 2255 1222 2314 munem
1237 2247 1319 2311 facit
1333 2253 1367 2311 et
1389 2249 1563 2327 gracilem,
1587 2252 1620 2312 et
1643 2251 1695 2312 uti
1717 2249 1828 2314 dicere

250 2402 254 2409 ⁴
296 2355 473 2439 σωματικὸν
496 2353 593 2436 αὐτῆς
615 2349 804 2437 ἐξαρανίζει,
819 2353 874 2416 καὶ
895 2350 1041 2434 καθαρῶς
1086 2372 1198 2434 cogor,
1211 2354 1376 2435 quidquid
1388 2355 1423 2416 in
1436 2355 1551 2416 anima
1562 2371 1758 2435 corporeum
1770 2359 1829 2433 est,

297 2459 395 2543 αὐτὴν
410 2454 595 2542 παρίστησιν
610 2455 787 2541 ἀσώματον.
803 2452 875 2522 Ὀτι
889 2455 925 2520 δὲ
939 2456 1041 2541 παχύ·
1086 2476 1284 2522 evanescere
1295 2457 1402 2537 jubet,
1418 2475 1559 2538 eamque
1582 2475 1702 2539 puram
1725 2465 1759 2522 et
1780 2460 1830 2522 in-

298 2582 383 2627 νεται
393 2562 448 2627 καὶ
460 2559 662 2646 σαρκοῦταιὴ
676 2561 764 2646 ψυχὴ
776 2569 830 2624 τοῦ
842 2558 1040 2645 άμαρτωλοῦ,
1085 2581 1277 2645 corpoream
1292 2563 1475 2626 constituit.
1492 2565 1704 2645 Impinguari
1715 2569 1828 2628 autem

297 2657 395 2750 δῆλον
410 2665 449 2731 ἐκ
463 2673 536 2730 τοῦ·
556 2663 603 2731 Ού
619 2665 662 2750 μὴ
678 2663 852 2750 καταμείνῃ
868 2662 903 2728 τά
918 2664 1041 2751 πνεῦμά
1086 2674 1120 2732 et
1134 2685 1269 2732 carnem
1286 2665 1373 2730 effici
1384 2667 1533 2730 animam
1545 2670 1728 2748 peccatoris
1740 2672 1832 2750 patet

298 2790 358 2864 μον
369 2769 477 2846 ἐντοῖς
489 2766 661 2854 ἀνθρώποις
676 2769 794 2847 τούτοις
810 2770 854 2846 εἰς
866 2771 918 2834 τὸν
930 2769 1039 2854 αἰῶνα,
1086 2787 1128 2834 ex
1143 2770 1222 2833 hoc:
1241 2770 1343 2832 «Non
1359 2775 1554 2850 permaneat
1572 2771 1712 2852 spiritus
1735 2788 1829 2834 meus

342 2995 490 3057 Romnae
505 2992 542 3056 io
562 3011 593 3058 ο.
611 2994 661 3057 12.
677 2996 798 3058 Anima
814 3013 889 3076 quae
904 3000 1041 3077 peccata
1085 2993 1318 3072 detabuerunt,
1334 2994 1403 3056 vel:
1422 2993 1602 3057 «Decoctae
1617 2999 1697 3058 sunt
1708 3013 1826 3060 carnes

297 3083 440 3144 crassior
458 3081 617 3146 efficitur:
641 3085 720 3146 talis
742 3100 887 3164 namque
910 3088 961 3147 est
983 3103 1040 3147 na·
1086 3088 1120 3148 ct
1134 3087 1308 3147 excoctum
1324 3081 1483 3161 estius.»
1501 3084 1630 3164 Scripta
1652 3087 1732 3146 sunt
1754 3085 1825 3148 haeo

297 3175 375 3233 tura
389 3172 527 3250 peccati,
542 3175 677 3253 propter
692 3171 780 3252 quod
794 3174 958 3252 scriptum
976 3177 1039 3236 est:
1086 3173 1205 3236 iisdem
1232 3172 1314 3252 ipsis
1340 3170 1561 3251 sermonibus,
1588 3188 1648 3252 pro
1674 3190 1713 3235 eo
1739 3173 1829 3253 quod

297 3260 519 3323 Iucroosolom
534 3263 621 3323 etc.»
639 3261 733 3323 Sicut
743 3265 856 3323 autem
866 3267 1042 3340 peccatum
1085 3261 1211 3325 labetes
1225 3259 1279 3322 vel
1291 3258 1405 3322 cacabi
1417 3275 1477 3321 nos
1489 3261 1674 3340 suscipient
1685 3260 1830 3326 flammis

297 3348 537 3411 incrassescere
553 3347 643 3427 iacit,
657 3350 704 3412 ita
719 3351 916 3412 econtrario
930 3351 1040 3412 virtus
1086 3349 1249 3426 succensi,
1277 3348 1312 3410 iu
1340 3363 1424 3428 quos
1451 3346 1643 3426 injiciemur
1669 3367 1739 3431 nos,
1771 3353 1831 3432 qui

296 3436 456 3499 subtilem
486 3438 634 3499 animam
664 3436 782 3516 reddit,
809 3444 843 3500 at
870 3442 909 3502 ut
934 3443 1043 3501 extor-
1086 3438 1217 3500 animas
1232 3441 1363 3500 nostras
1376 3437 1693 3501 incarnavimusvel
1706 3440 1832 3504 incras-

297 3540 419 3604 queam
431 3524 675 3605 quodammodo
686 3524 841 3588 vocabuli
853 3528 1038 3590 novitatem
1086 3526 1247 3603 savimuS,
1264 3525 1293 3588 si
1309 3542 1377 3589 non
1392 3527 1498 3606 prius,
1515 3524 1595 3588 dum
1611 3527 1647 3589 in
1658 3526 1721 3591 hoc
1734 3547 1831 3592 mun-

297 3628 396 3676 omne
411 3613 500 3694 quod
516 3615 552 3676 iu
568 3631 608 3676 ea
622 3631 819 3695 corporeum
835 3619 895 3694 est,
915 3616 1042 3679 abster-
1086 3615 1128 3678 do
1157 3631 1284 3692 sumus,
1311 3616 1565 3695 pervenerimus
1587 3633 1647 3695 per
1668 3618 1831 3696 poeniten-

298 3702 352 3780 git
373 3705 406 3764 et
427 3701 572 3782 perimit,
596 3709 629 3766 et
651 3704 770 3783 purius
793 3719 866 3766 eam
891 3705 1042 3784 incorpo-
1086 3705 1179 3782 tiam,
1214 3705 1252 3764 ut
1281 3703 1456 3766 tabescant
1482 3719 1600 3765 carnes
1630 3709 1762 3784 nostra,
1798 3710 1832 3769 et

298 3807 390 3852 ream
406 3789 524 3854 reddit.
548 3792 642 3867 Quod
660 3795 774 3855 autem
797 3797 988 3872 crassescat,
1009 3796 1043 3854 et
1086 3790 1272 3855 crassitudo
1284 3792 1406 3854 auimae
1418 3794 1540 3854 nostrae
1554 3790 1596 3854 ad
1607 3793 1829 3857 subtilitatem

298 3883 338 3941 ut
351 3879 399 3941 ita
411 3878 520 3940 dicam
533 3897 655 3944 carnea
667 3879 832 3944 efficiatur
843 3884 957 3946 anima
968 3899 1042 3963 pec·
1086 3881 1272 3944 deducatur
1294 3897 1508 3944 aranea...»
1534 3881 1569 3944 Si
1592 3896 1671 3943 vero
1694 3883 1771 3962 quis
1790 3882 1832 3944 ad

297 3967 431 4045 catoris,
450 3966 619 4032 indicatur
641 3987 683 4032 ex
705 3987 745 4032 co
766 3969 856 4051 quod
877 3971 1041 4052 scriptum
1087 3969 1172 4034 illud
1182 3967 1306 4033 referat
1318 3969 1407 4049 quod
1416 3969 1519 4032 isaias
1532 3971 1568 4032 in
1580 3968 1666 4032 libro
1678 3987 1740 4032 suo
1752 3971 1832 4034 scri·

297 4061 362 4119 est:
380 4057 478 4118 «Non
494 4058 705 4136 permanebit
727 4062 851 4122 etc»...
874 4060 936 4122 Est
959 4075 1042 4136 ergo
1086 4059 1146 4138 bit,
1173 4058 1255 4139 quia
1283 4058 1417 4120 «telam
1446 4075 1577 4121 araneae
1604 4062 1830 4137 texuerunt»

297 4160 381 4225 opus
397 4145 469 4222 Dei,
492 4150 531 4207 ut
553 4145 723 4210 tabescere
746 4146 848 4210 faciat
869 4153 903 4210 et
925 4164 1043 4211 consu·
1086 4149 1186 4212 aliter
1199 4146 1419 4228 accipendum
1433 4150 1500 4210 est:
1517 4147 1598 4227 quia
1621 4148 1735 4209 omnia
1756 4163 1832 4227 quae

298 4237 370 4295 mat
385 4249 483 4296 omne
499 4231 664 4314 quidquid
679 4240 730 4297 cst
744 4237 917 4300 crassioris
939 4241 1043 4299 mate·
1087 4239 1212 4300 texitct
1223 4236 1297 4312 agit
1309 4242 1471 4316 peccator,
1482 4241 1553 4298 tam
1566 4235 1653 4299 nihil
1665 4237 1830 4298 sciasesse

298 4322 367 4399 ria,
380 4337 446 4400 quo
455 4322 684 4386 circumdatur
697 4324 820 4404 anima,
834 4329 873 4387 ut
885 4328 1044 4388 extenuet
1088 4342 1191 4407 quam
1206 4330 1286 4388 sunt
1308 4326 1368 4389 illa
1390 4344 1465 4407 quac
1488 4327 1575 4388 texit
1597 4341 1729 4402 aranea,
1752 4324 1834 4387 licet

299 4413 333 4473 et
348 4411 462 4472 elimet
479 4411 692 4492 prudentiam
715 4414 836 4492 carnis,
863 4419 897 4477 et
920 4416 968 4477 ita
989 4413 1044 4476 de·
1087 4414 1367 4478 variavideantur
1380 4422 1413 4479 et
1424 4415 1619 4496 composita,
1627 4415 1706 4478 licet
1716 4413 1832 4492 exqui-

300 4515 392 4560 mum
419 4499 568 4562 animam
591 4499 633 4563 ad
655 4501 813 4564 subtilem
837 4519 951 4565 rerum
979 4521 1044 4566 coe-
1088 4505 1153 4567 sita
1169 4503 1314 4584 quadam
1327 4507 1399 4566 arte
1414 4503 1557 4582 digesta.
1574 4505 1705 4580 Quanta
1720 4507 1833 4563 tcxue

298 4587 434 4649 lestium
454 4592 488 4650 et
510 4589 734 4652 invisibilium
758 4596 890 4654 revocet
914 4592 1045 4656 intelle-
1088 4598 1169 4656 runt
1185 4592 1235 4655 illi
1246 4591 1367 4655 divites
1378 4592 1438 4672 qui
1450 4598 1528 4656 ante
1541 4592 1760 4668 messuerunt,
1773 4587 1831 4669 qui

298 4680 401 4737 ctum.
417 4677 513 4739 Talia
525 4677 679 4757 quaedam
697 4678 888 4742 invenimus
908 4681 971 4745 sub
993 4699 1045 4744 sa·
1088 4681 1223 4745 divitias
1236 4681 1340 4744 variis
1351 4680 1480 4744 artibus
1492 4686 1525 4744 et
1536 4679 1667 4743 callidis
1676 4679 1834 4742 adinven-

299 4767 470 4827 eramento
485 4781 553 4828 nou
569 4766 710 4829 minimo
726 4767 815 4848 apud
832 4769 1043 4832 Ezechielem
1088 4769 1237 4834 tionibus
1253 4768 1518 4847 congregabant,
1530 4769 1589 4848 qui
1602 4769 1832 4846 magistratus,

299 4852 495 4933 prophetam
523 4854 707 4934 designari,
734 4873 812 4918 cum
839 4856 874 4919 in
901 4858 1043 4921 lebetem
1089 4860 1148 4937 qui
1164 4859 1317 4933 honores,
1333 4858 1392 4935 qui
1409 4858 1605 4920 consulatus
1616 4855 1748 4918 diversa
1765 4870 1834 4915 am-

300 4940 354 5002 vel
370 4941 530 5004 cacabum
546 4961 664 5007 carnes
680 4944 818 5008 immitti
833 4944 992 5009 dicuntur
1012 4950 1046 5009 et
1089 4945 1217 5009 bitione
1234 4943 1440 5024 quaerebant,
1457 4947 1513 5008 isti
1529 4961 1645 5007 omues
1659 4944 1744 5006 telas
1763 4958 1834 5004 ara·

301 5028 451 5109 decoqui,
478 5037 512 5093 et
537 5031 661 5095 dicitur
684 5034 763 5113 quia
786 5039 887 5098 coctae
910 5039 989 5098 sunt
1012 5042 1045 5099 et
1089 5051 1163 5098 nea
1179 5035 1404 5098 texuerunt...
1420 5035 1482 5098 ΒΒ.
1500 5036 1573 5112 699,
1590 5032 1663 5094 700.

1995 3865 1997 3995 l
