4036 6090
799 409 840 471 IN
864 407 1050 470 PSALMOS
1635 410 1697 471 159

192 550 394 638 Σαφέστερον
406 554 441 617 τό
458 553 543 615 κατόι
555 552 608 615 τόν
619 549 756 634 Χριστόν
768 546 897 613 αἰνίττε-
986 551 1095 628 Magis
1111 553 1327 632 perspicuum
1340 557 1390 616 est
1402 549 1573 617 Christum
1585 554 1693 633 signi·

147 678 210 740 ται,
227 657 314 723 δι’ύν
326 656 483 742 συγκρίνει
499 655 555 742 μέν
566 654 661 720 αὐτόν
675 662 740 730 τοῖς
755 651 832 728 υἱοῖς
843 659 900 715 τοῦ
942 652 1048 732 ficari,
1072 671 1114 716 cx
1136 671 1175 717 eo
1198 656 1288 735 quod
1304 657 1401 720 illum
1424 675 1502 720 cum
1525 656 1606 721 filiis
1630 659 1692 721 Dei

152 763 247 846 Θεοῦ,
270 760 454 846 όπερτίύήσι
468 761 503 828 δέ
518 759 612 825 πόλιν
627 758 729 824 αὐτῶν
744 755 815 822 καθ’
827 756 901 820 όσον
942 757 1102 821 conferat.
1120 761 1226 821 Immo
1242 759 1422 823 sublimior
1437 765 1532 823 tento
1546 761 1614 824 illis
1631 767 1693 840 est,

147 866 181 931 αί
195 865 325 952 νεφέλαι
339 874 397 950 τῆς
408 875 468 951 γής
480 861 692 950 όψηλοτέραι·
708 861 769 948 οἰιχ
781 862 828 925 ότι
842 880 899 924 τια-
943 867 1110 944 qunntum
1127 861 1235 927 nubes
1259 864 1441 928 altitudine
1456 869 1581 928 terrum
1597 885 1695 948 supe-

147 971 189 1035 τόι
216 979 366 1034 τοσοῦτον
389 967 530 1054 διαφέρει
552 968 667 1050 αὐτοῖς,
684 963 816 1029 ἀλλ’ὅτι
838 962 898 1027 οὐκ
944 968 1041 1044 ront3
1055 983 1122 1030 non
1135 967 1226 1047 quod
1238 968 1281 1030 ab
1294 968 1362 1032 illis
1375 969 1541 1033 tantidem
1553 967 1697 1048 differet,

146 1074 233 1159 εἰγεν
248 1073 327 1137 ἄλλο
351 1073 459 1158 μεῖζον
475 1071 650 1156 ὑπόδειγμα
672 1069 779 1134 εἰπεῖν.
796 1065 897 1152 Νεφέ-
943 1069 1002 1132 sed
1013 1069 1103 1151 quod
1119 1071 1253 1134 nullum
1267 1072 1369 1136 habet
1388 1072 1499 1153 majus
1523 1075 1696 1156 exemplar

146 1175 201 1241 λαι
214 1177 277 1261 γὰρ
300 1178 373 1253 τοὺς
394 1174 557 1259 οὐρανίους
579 1173 665 1259 λέγει
687 1173 812 1252 τόπους,
836 1171 899 1235 ἀπό
944 1172 1194 1237 conferendum.
1210 1175 1324 1240 Nubes
1341 1178 1432 1240 enim
1449 1180 1616 1257 intelligit
1632 1196 1697 1241 ειε-

148 1280 262 1367 μίρους
275 1284 312 1347 τό
327 1290 390 1348 πᾶν
405 1281 578 1367 ὀνομάζων.
591 1279 657 1344 Καί
672 1290 765 1345 τοῦτο
782 1279 818 1342 δέ
832 1278 899 1342 ἐπι·
944 1279 1043 1341 lestis
1054 1279 1173 1359 spotia,
1182 1284 1252 1343 toto
1266 1297 1307 1344 ex
1321 1299 1390 1344 une
1402 1287 1496 1363 purte
1509 1284 1693 1347 nominato.

150 1385 338 1473 σημαντέον,
362 1383 438 1450 ύσεί
461 1406 522 1450 που
553 1382 720 1448 αἰνίττεται
750 1383 791 1447 τότ
815 1380 901 1445 αατόι
944 1383 988 1445 Εἰ
1003 1399 1084 1446 sune
1101 1384 1164 1446 hoo
1180 1389 1299 1448 notatu
1312 1386 1474 1464 dignum:
1492 1387 1697 1468 quasiudeu

151 1490 299 1574 Χριστόν,
314 1489 368 1554 ιιαί
383 1487 558 1572 ἐκκλησίας
581 1487 777 1574 μνημονεύει,
802 1483 845 1563 ὡς
866 1484 900 1549 ἐν
944 1505 1020 1569 quae
1036 1487 1161 1551 Christi
1182 1493 1273 1568 sunt,
1289 1489 1466 1571 alluditur,
1483 1497 1516 1555 et
1531 1493 1693 1555 Ecclesiae

150 1605 217 1672 τοῖς
232 1594 295 1659 ἀπό
318 1593 440 1680 βόρεων
462 1591 680 1678 ἐλεφαντίνων,
696 1591 765 1655 ἀντὶ
786 1600 842 1655 τοῦ
858 1589 901 1653 οἰ·
944 1593 1222 1673 comminiscitur,
1237 1595 1327 1657 sicut
1341 1595 1377 1657 in
1393 1595 1505 1658 hisce:
1524 1596 1575 1658 «A
1591 1596 1693 1658 turri-

148 1719 214 1764 κων
229 1699 382 1785 λαμπρῶν
398 1699 481 1785 ἄγαν
496 1699 551 1762 καί
566 1695 707 1775 ἐνδόξων.
724 1693 763 1760 Εἰ
777 1697 839 1782 γὰρ
856 1695 899 1780 μή
944 1696 1007 1759 bus
1038 1695 1196 1760 eburneis
1224 1717 1264 1776 ν,
1295 1697 1455 1760 videlicet
1485 1715 1505 1760 u
1536 1698 1693 1762 domibus

150 1805 239 1888 παρὰ
249 1811 306 1866 τοῦ
318 1801 391 1867 Υίοῦ
403 1803 454 1886 ήν,
470 1801 556 1866 είπεν
570 1801 609 1866 ἐν
624 1800 667 1878 ὡς
678 1801 732 1866 καί
743 1797 900 1885 ἀλλαχοῦ·
944 1799 1130 1881 splendidis
1145 1801 1243 1864 valde
1255 1805 1289 1864 et
1300 1801 1503 1880 magnificis.
1516 1802 1588 1865 Nisi
1604 1805 1696 1865 euim

151 1909 207 1987 Τίς
223 1907 450 1995 ὁμοιωθήσεται
472 1915 516 1992 τῷ
530 1902 638 1991 Κυρίμ
654 1905 687 1972 ἐν
708 1904 812 1988 θεοίςς
835 1902 901 1967 Καὶ
944 1904 1017 1967 haec
1028 1902 1070 1966 ad
1082 1905 1208 1968 Filium
1222 1908 1424 1986 spectarent,
1436 1905 1577 1970 dixisset
1593 1907 1644 1969 uti
1660 1911 1694 1970 et

149 2015 211 2100 γὰρ
228 2011 399 2097 σαρκωθείς
421 2013 476 2076 καί
496 2009 610 2077 δούλου
633 2011 757 2096 μορφήν
772 2008 898 2088 ὑποδὺς,
945 2008 1041 2072 alibi:
1057 2009 1292 2084 «Quissimilis
1304 2009 1369 2073 erit
1380 2011 1523 2074 Domino
1536 2011 1571 2072 in
1584 2009 1694 2073 diist»

150 2116 339 2202 ἀσύγκριτος
360 2116 410 2200 ήν.
435 2154 476 2164 -
492 2109 539 2179 Ἢ
562 2117 670 2194 οὕτως,
694 2115 741 2177 ότι
763 2115 818 2178 καὶ
840 2118 902 2178 τῶν
945 2113 1081 2175 Etenim
1096 2112 1151 2175 vel
1166 2130 1244 2176 caro
1268 2112 1386 2193 iactus,
1403 2114 1457 2177 vel
1481 2115 1570 2178 servi
1587 2113 1697 2177 formu

32 2232 38 2246 ·
149 2218 343 2305 ἐπουρανίων
371 2221 426 2283 καί
455 2217 599 2304 ἐπιγείων
629 2216 818 2301 ὑπέρκειται
845 2218 902 2281 καί
945 2220 1129 2297 assumpte,
1153 2220 1249 2279 extro
1271 2219 1451 2298 paritatem
1475 2222 1557 2282 erut.
1576 2253 1615 2264 -
1631 2220 1694 2282 Vel

150 2327 240 2409 παρὰ
254 2333 314 2390 τιῦν
331 2321 526 2408 ἀσυγκρίτων
542 2321 711 2407 ὑπέρτερος
726 2323 763 2403 εἰ,
779 2322 835 2386 καί
851 2321 902 2385 οἰν-
946 2319 1004 2399 sic,
1028 2337 1149 2401 nempe
1172 2321 1323 2384 eoelestia
1346 2326 1380 2384 et
1405 2323 1579 2386 terrestria
1601 2339 1700 2404 supe·

150 2428 214 2506 δείς
236 2450 286 2494 σοι
307 2435 368 2494 τῶν
392 2429 489 2493 όντων
507 2425 751 2513 παραύληθήναι
773 2424 903 2510 δυνήσε·
947 2442 1012 2505 res,
1036 2443 1075 2488 uo
1098 2443 1167 2506 prae
1189 2427 1320 2489 oaeteris
1343 2429 1592 2508 comparatione
1615 2445 1700 2509 prae·

150 2553 212 2599 ται.
234 2571 275 2581 -
291 2531 396 2598 Ἀλλόι
417 2532 472 2596 καί
495 2530 585 2608 ούτός
606 2530 691 2596 ἐστιν
714 2529 902 2615 ἀσύγκριτος
945 2528 1168 2593 stantioribus
1187 2530 1366 2593 sublimior
1388 2533 1428 2593 tu
1451 2549 1496 2610 es,
1512 2549 1552 2594 ec
1567 2549 1609 2594 ne
1625 2533 1700 2594 ulls

151 2638 231 2722 ὑπὲρ
245 2637 351 2714 πόισας
372 2638 429 2713 τόις
445 2633 615 2719 οὐρανίους.
635 2633 678 2701 Αἱ
703 2635 759 2720 μέν
781 2636 843 2720 γόιρ
858 2635 902 2699 οἰ·
948 2633 1084 2714 quidem
1098 2635 1317 2698 existentium
1327 2637 1701 2716 rerumteaequipornre

153 2743 279 2807 αετικόν
301 2743 411 2828 έχουσι
432 2740 583 2826 τόγμα,ό
606 2739 641 2803 δέ
664 2737 820 2822 δεσπότης
842 2747 904 2804 τῦν
946 2741 1080 2822 poterit.
1096 2776 1138 2786 —
1158 2743 1285 2803 Verum
1310 2742 1401 2804 enim
1424 2759 1504 2804 vero
1527 2743 1699 2822 incompe-

154 2845 237 2912 όλων
251 2846 318 2911 ἐστὶ
333 2845 459 2930 Κύριος.
477 2843 568 2910 Ἀλλ’
584 2843 657 2907 οὐδὲ
679 2842 713 2908 ἐν
728 2841 804 2918 υἱοῖς
819 2840 903 2909 Θεοῦ
948 2845 1065 2908 rabilis
1079 2845 1137 2908 ille
1152 2849 1203 2908 est
1217 2862 1287 2927 pree
1302 2845 1458 2909 omnibus
1471 2848 1628 2927 supernis
1639 2863 1696 2927 po·

131 2948 221 3018 ·έστί
244 2970 289 3027 τις
312 2951 418 3035 όμοιος
440 2949 535 3033 αὐτῷ,
558 2949 605 3012 ότι
628 2946 740 3032 φασίν·
766 2944 826 3010 Ἐκ
847 2955 904 3011 τοῦ
946 2949 1137 3012 testatibus.
1154 2949 1225 3012 111ae
1240 2967 1391 3030 numque
1408 2949 1631 3014 domesticum
1643 2949 1699 3012 ob·
1734 2999 1737 3006 .

153 3053 366 3140 πληρώματος
385 3054 485 3117 αὐτοῦ
505 3051 597 3136 ήμεῐς
611 3050 716 3115 πάντα
737 3048 903 3135 έλόιύομεν.
947 3054 1058 3117 tinent
1072 3054 1242 3133 ordinem;
1262 3055 1426 3118 Dominus
1449 3071 1530 3117 vero
1554 3056 1611 3118 ille
1636 3058 1696 3135 est,

154 3157 280 3232 Οὐκοῦν
295 3157 337 3234 ὡς
353 3157 433 3234 Θεὸς
445 3156 479 3236 ἐξ
494 3155 572 3221 ἰδίου
588 3154 809 3241 πληρώματος,
828 3155 857 3219 οἱ
869 3155 905 3218 δέ
947 3158 1119 3238 herusque
1135 3159 1382 3239 universorum
1398 3160 1457 3222 sed
1473 3177 1582 3240 neque
1607 3161 1701 3224 ullus

152 3261 324 3326 πλουτοῦσι
338 3259 413 3345 παρ’
424 3261 519 3346 αὐτῷς
536 3297 577 3308 -
593 3257 687 3323 Ἐστι
701 3260 756 3323 καί
772 3259 789 3322 ό
808 3253 906 3343 Χρισ-
948 3282 990 3326 ex
1005 3263 1087 3327 filiis
1101 3265 1163 3326 Dei
1186 3264 1308 3327 similis
1330 3265 1382 3327 illi
1405 3269 1465 3344 est,
1481 3266 1580 3328 siunt
1603 3267 1701 3348 quip-

151 3369 206 3442 τός
233 3365 267 3431 ἐν
294 3373 363 3442 ταῖς
385 3361 540 3448 νεφέλαις,
564 3371 629 3438 τοίς
652 3360 828 3448 προφήταις
850 3361 906 3424 καί
948 3385 1006 3449 pe:
1025 3368 1106 3429 «Ex
1122 3365 1195 3446 ejus
1209 3367 1423 3448 plenitudine
1439 3369 1554 3432 omniu
1569 3386 1630 3432 nos
1647 3387 1700 3432 ac·

156 3467 313 3553 ἀγγέλοις,
326 3465 398 3531 ἀλλ“
406 3467 466 3531 οὐκ
477 3465 614 3531 ἰσοῦνται
629 3468 713 3530 ούτοι
730 3473 773 3550 τῷ
786 3464 903 3550 Κυρίῳ,
949 3470 1142 3551 cepimus.»
1160 3472 1279 3534 Nonne
1301 3471 1369 3550 dat,
1387 3478 1425 3535 ut
1445 3475 1545 3553 Deus,
1563 3459 1607 3536 ex'
1628 3490 1705 3555 pro-

153 3574 215 3638 κᾶν
230 3572 361 3657 αὔξησιν
377 3571 564 3647 σπούδοντες
575 3570 627 3634 ἐπὶ
638 3570 696 3655 τήν
708 3569 839 3654 ἰσότητα
851 3569 906 3634 αὐ·
948 3575 1023 3658 prin
1038 3574 1262 3656 plenitudine,
1278 3576 1392 3638 caeteri
1408 3593 1489 3639 vero
1505 3578 1546 3640 ub
1564 3578 1636 3658 ipso
1652 3578 1701 3641 di·

153 3687 229 3741 τοῦ·
245 3675 283 3739 οὐ
299 3674 392 3761 μόνον
414 3677 469 3739 ούν
489 3674 548 3738 οὐκ
570 3672 760 3757 ἰσωθήσεταί
781 3695 827 3752 τις
842 3683 904 3740 τῦν
949 3679 1089 3744 tantur?
1107 3679 1167 3740 Est
1180 3694 1315 3759 quoque
1327 3680 1483 3744 Christus
1496 3682 1532 3744 in
1544 3681 1705 3760 nubibus,

159 3779 304 3866 ἀγγέλων
319 3789 363 3864 τῷ
373 3777 490 3863 Κυρίῳ,
502 3775 573 3841 ἀλλ’
584 3777 658 3842 οὐδὲ
668 3775 905 3863 ὁμοιωθήσεται.
951 3788 987 3850 1ο
1002 3782 1175 3866 prophetis
1193 3787 1227 3844 et
1242 3783 1387 3861 angelis,
1403 3783 1462 3846 sed
1478 3786 1538 3864 qui
1559 3786 1704 3848 Domino

156 3923 197 3933 -
212 3878 259 3948 Ἢ
274 3886 310 3949 τὸ
325 3883 371 3960 τίς
385 3883 626 3966 {compotistis
642 3881 774 3966 εἴρηται,
791 3881 906 3947 τασσό-
951 3908 1019 3955 non
1035 3889 1302 3970 aequiparantur,
1319 3888 1454 3950 etiamsi
1469 3889 1562 3951 omni
1578 3905 1641 3969 ope
1657 3889 1708 3952 ni·

155 4007 250 4073 μενον
264 3987 317 4052 έπί
331 3997 387 4052 τοῦ
402 3987 545 4053 σπανίου.
951 3999 1105 4059 terentur
1120 3992 1163 4055 ed
1174 3993 1414 4072 aequnlitetem.
1428 3993 1540 4070 igitur
1552 4009 1619 4056 non
1632 4009 1702 4056 mo·

951 4099 994 4163 do
1008 4099 1125 4161 nullus
1141 4097 1343 4176 angelorum
1359 4097 1503 4160 Domino
1516 4099 1703 4179 aequiparo-

951 4209 1020 4282 tur,
1033 4202 1091 4267 sed
1105 4219 1214 4282 neque
1227 4199 1492 4264 similitudinem
1503 4203 1655 4281 attingit.
1666 4238 1705 4248 -

952 4311 1014 4374 Vel
1029 4307 1115 4371 illud
1126 4307 1201 4388 quis
1217 4305 1451 4383 interrogandi
1462 4323 1556 4369 more
1567 4305 1704 4387 dicitur,

953 4418 1110 4496 respectu
1126 4412 1253 4476 adrem
1267 4429 1389 4474 rorem.

201 4509 283 4576 Είτα
297 4507 449 4596 ἐχόμενος
461 4518 519 4594 τής
527 4508 732 4596 συγκρίσεως,
746 4507 842 4597 λέγει·
853 4509 909 4578 Ἐν
996 4518 1136 4597 Deinde,
1156 4517 1273 4579 habite
1294 4517 1556 4596 comparatione,
1579 4518 1644 4580 ait:
1668 4518 1705 4581 io

158 4617 257 4704 βουλῇ
280 4625 341 4682 τῶν
360 4615 468 4702 όιγίων.
492 4615 620 4702 Βουλήν
642 4618 702 4703 τήν
721 4619 909 4704 συναγωγήν
953 4623 1088 4691 ιωιυίἰίο
1101 4626 1295 4690 solutorum.
1319 4620 1508 4683 concilium
1524 4623 1624 4682 vocet
1641 4622 1710 4684 col·

159 4720 259 4808 λέγει·
274 4723 333 4806 τήν
348 4721 508 4806 συλλογήν
527 4718 695 4785 αἰνίττεται
710 4722 775 4802 οὖν,
792 4722 840 4785 ότι
856 4740 908 4806 με·
953 4731 1081 4792 lectum
1099 4728 1235 4790 coetum.
1260 4725 1333 4798 Qus
1355 4723 1515 4786 concione
1531 4723 1708 4802 significat

159 4829 199 4892 τόι
213 4825 338 4891 πόντων
354 4834 415 4891 τῶν
430 4826 527 4912 ἁγίων
543 4824 736 4911 φαινομένων
749 4825 910 4911 ὑπεραίρει
955 4847 1033 4894 eum
1049 4845 1151 4908 super
1166 4842 1283 4889 omnes
1299 4829 1433 4887 sanctos
1449 4826 1616 4903 gloriosos
1631 4828 1706 4905 glo-

160 4939 199 5016 τῇ
214 4929 300 5015 δόξῃ,
316 4930 358 5008 ὡς
373 4933 429 4994 καί
443 4927 574 5014 φούερός
589 4930 668 4994 εἰναι
679 4937 723 5014 τῷ
735 4929 842 5014 κύκλῳ
854 4931 910 4994 ab·
955 4935 1006 4997 ria
1040 4931 1252 5007 antecellere,
1288 4932 1322 4991 et
1351 4926 1601 4992 formidandum
1634 4948 1708 4996 esse

162 5045 227 5118 τοῦ,
244 5036 299 5100 καὶ
315 5032 447 5120 φοόερός
461 5036 529 5100 ἐστι
541 5042 607 5110 τοῖς
622 5042 684 5098 τῶν
706 5032 841 5099 ἐντολῶν
856 5035 910 5100 ab
955 5037 1086 5102 cunctis
1103 5036 1139 5098 in
1155 5034 1311 5112 circuitu,
1324 5036 1358 5095 et
1373 5032 1560 5096 terribilem
1577 5035 1630 5098 his
1647 5039 1708 5118 qui

164 5149 219 5204 τοῦ
248 5138 474 5222 παρακούουσι.
513 5135 630 5239 Καλῶς
660 5137 696 5202 δέ
725 5137 910 5226 ἀποστροφῇ
955 5144 1070 5206 minus
1100 5139 1262 5204 obediunt
1292 5137 1460 5204 mandatis
1496 5141 1578 5204 suis.
1617 5143 1709 5206 Bene
