4036 6090
289 415 352 478 174
970 415 1180 480 ORIGENES

172 555 174 562 ·
287 538 357 604 άντί
371 548 427 605 τοῦ
442 538 560 606 ἄνωθεν
575 539 630 603 καί
653 535 709 602 ἀπ’
722 535 836 625 ἀρχῆς,
855 535 897 615 ὡς
912 535 968 602 καί
977 558 984 574 ·
1001 535 1037 602 ά·
1081 541 1115 601 te
1130 543 1165 600 et
1178 538 1221 601 ab
1234 538 1341 617 initio,
1355 541 1395 602 ut
1407 536 1470 601 ibi:
1490 538 1566 600 «Ex
1578 539 1661 600 tune
1673 537 1724 600 ira
1735 540 1826 615 tua;»

287 645 329 707 πθ
351 642 424 709 τότε
445 640 468 727 ἡ
491 640 572 728 όργή
595 662 663 726 σου,
687 641 755 708 ἀντὶ
780 651 855 706 τοῦ·
878 639 911 720 ἐξ
934 640 1037 725 ἀρχῆς
1081 658 1142 704 seu
1153 658 1213 723 pro
1221 641 1285 705 hac
1298 641 1443 723 periodo:
1457 641 1499 704 ab
1512 641 1610 704 initio
1621 642 1831 720 praecognita

287 746 488 834 προέγνωστό
503 767 554 811 σοι
568 748 609 810 τὰ
630 754 688 830 τῆς
703 742 851 829 τιμωρίας
873 751 929 808 τοῦ
945 743 1037 808 πολε·
1080 746 1162 806 sunt
1176 745 1318 808 consilia
1333 745 1457 825 quibus
1473 743 1579 807 hostis
1596 741 1827 807 formidandus

289 848 370 936 μίσυ.
393 851 474 917 Είτα
496 851 564 915 ἐπεί
587 850 682 932 είπεν,
706 850 754 913 ὅτι
769 848 802 927 ἐξ
825 849 928 934 ἀρχῆς
952 847 1038 934 βασι·
1081 851 1142 912 est.
1158 848 1286 911 Deinde
1302 852 1481 929 postquam
1492 848 1595 911 dixit:
1612 849 1663 910 Tu
1676 847 1719 910 ab
1731 848 1829 910 initio

288 954 400 1038 λεύεις,
425 952 568 1040 ἐπήγαγε
600 951 743 1039 βεόαιῶν,
767 953 814 1016 ότι
840 952 903 1016 άπὸ
925 953 1037 1027 αἰῶνος
1079 967 1215 1030 regnas,
1239 952 1353 1033 pergit
1374 949 1619 1015 confirmando:
1642 951 1794 1032 quonium
1807 967 1830 1014 o

289 1061 328 1123 σὺ
344 1060 381 1124 εί.
397 1057 445 1124 Οὐ
460 1069 523 1142 νῦν,
540 1061 627 1144 φησί,
643 1060 703 1145 τὴν
721 1065 779 1143 τῆς
795 1055 957 1144 βασιλείας
972 1054 1038 1122 ἐδέ-
1080 1055 1194 1120 aarum
1208 1059 1245 1120 to
1266 1073 1308 1139 ετ,
1324 1057 1397 1119 Nou
1416 1053 1606 1134 jamnum,
1623 1057 1681 1134 ait,
1697 1056 1830 1134 regiam

232 1221 233 1226 ,
287 1161 330 1241 ξω
344 1160 550 1248 χειροτονίαν,
573 1161 645 1227 ἀλλ’
658 1161 756 1228 άίδιον
771 1163 855 1247 ἔχεις
877 1162 936 1247 την
952 1159 1038 1247 βασι·
1081 1161 1241 1241 accepisti
1257 1177 1421 1224 manuum
1438 1158 1699 1241 impositionem,
1715 1157 1774 1221 sed
1789 1177 1831 1222 ω-

288 1264 387 1332 λείαν.
414 1260 460 1332 Ἢ
486 1265 609 1354 ἕτοιμος
638 1267 656 1331 ό
685 1264 799 1352 θρόνος
826 1286 893 1348 σου,
920 1266 972 1330 διὰ
1000 1266 1037 1329 τό
1082 1267 1218 1326 ternum
1234 1267 1273 1327 tu
1289 1281 1435 1342 regnum
1458 1261 1618 1344 possides.
1637 1295 1676 1308 -
1693 1265 1756 1327 Vel
1770 1277 1833 1343 pa·

287 1372 511 1458 προσρισθηναι
534 1371 596 1437 άπὸ
621 1370 803 1457 καταόολης
832 1370 953 1456 κόσμου
979 1372 1038 1456 την
1081 1372 1157 1432 roto
1178 1366 1267 1434 sedes
1289 1373 1356 1448 ίτιο,
1375 1368 1417 1431 ob
1439 1367 1700 1448 praeordinatam
1720 1383 1834 1430 acon-

287 1485 343 1541 τοῦ
373 1475 564 1561 ἀνθρωπείου
587 1475 698 1562 γένους
725 1472 883 1560 σωτηρίαν
906 1474 958 1540 διὰ
980 1482 1037 1558 τῆς
1081 1473 1259 1536 stitutione
1274 1473 1393 1536 mundi
1407 1473 1551 1536 salutem
1572 1471 1713 1534 humani
1730 1487 1834 1548 gene·

287 1579 462 1665 παρουσίας
477 1582 584 1646 αὐτοῦ.
608 1579 727 1666 Θρόνος
741 1581 803 1666 γὰρ
820 1580 879 1664 τὴν
901 1578 1039 1646 άνάστα-
1082 1577 1130 1640 ris
1156 1594 1216 1657 per
1238 1577 1421 1640 adventum
1448 1576 1532 1657 eJ'us.
1556 1577 1711 1640 Thronus
1739 1577 1833 1639 enim

290 1704 338 1750 σιν
353 1683 508 1770 σημαίνει,
524 1686 583 1770 τὴν
595 1683 723 1770 ἑτοίμην
735 1685 825 1762 είςτὸ
839 1681 954 1768 κρίνειν
965 1685 1038 1761 τοὺς
1082 1682 1364 1748 resurrectionem
1386 1679 1569 1760 signifieat,
1587 1697 1662 1761 quoe
1683 1679 1725 1742 ad
1744 1677 1836 1758 judi·

290 1787 504 1873 ἀδικήσαντας
517 1787 603 1874 ἡμᾶς
615 1786 776 1875 δαίμονας.
793 1786 839 1852 Τὸ
850 1784 896 1853 δέ·
911 1786 973 1851 άπὸ
988 1785 1039 1852 τό
1083 1784 1230 1847 candum
1244 1784 1413 1848 daemones
1425 1783 1522 1848 nobis
1537 1789 1698 1848 vexantes
1715 1787 1835 1864 parata

289 1913 335 1975 τε,
352 1873 513 1977 ἀορίστως,
530 1894 598 1959 ἀντὶ
620 1902 676 1958 τοῦ
692 1890 757 1958 άεί·
776 1893 835 1980 τὴν
856 1892 918 1978 γάρ
941 1893 1040 1976 ὕπαρ-
1083 1892 1143 1952 est.
1160 1888 1248 1951 Illud
1264 1891 1379 1951 autem
1395 1905 1434 1952 εσ
1449 1891 1524 1953 tolie
1540 1892 1591 1951 est
1605 1887 1703 1951 modo
1716 1887 1834 1951 indefi-

287 1995 333 2075 ξεν
349 1996 449 2063 άίδιον
464 1995 627 2082 κέκτηται.
1083 1992 1156 2055 nito
1171 2009 1232 2073 pro
1258 2008 1400 2073 semper.
1419 1994 1574 2056 Existere
1589 1995 1680 2056 enim
1696 1994 1731 2056 iu
1748 2010 1833 2056 sem·

1085 2097 1257 2176 piternum
1273 2100 1475 2160 consecutus
1490 2100 1552 2160 est.

332 2215 364 2259 v.
389 2196 419 2258 3.
435 2192 580 2278 Ἐπῆραν
605 2192 635 2258 οἱ
660 2194 806 2279 ποταμοί,
828 2193 937 2278 Κύρνε,
963 2193 1041 2278 ἐπη-
1128 2216 1159 2261 ν.
1188 2200 1217 2262 3.
1252 2199 1472 2264 Εἰσοσοσστιιιί
1485 2199 1649 2283 flumina,
1675 2197 1830 2277 Domine,

288 2318 347 2384 ραν
367 2296 397 2361 οἱ
418 2299 555 2382 ποταμοί
577 2298 683 2382 φωνάς
705 2298 818 2380 αὐτῶν,
843 2295 906 2362 ἀπὸ
928 2305 1039 2383 φωνῶν
1084 2305 1289 2370 σῑεσοσεαακί
1299 2303 1446 2388 flumina
1466 2321 1571 2369 aorem
1592 2319 1696 2383 πίσσα,
1712 2318 1734 2366 ο
1751 2302 1834 2368 ποετ·-

289 2401 412 2467 ὑδάτων
425 2400 563 2467 πολλῶν.
1084 2407 1142 2474 θον
1158 2424 1319 2490 epicorum
1333 2407 1522 2472 multorom.

333 2504 502 2590 Ποταμοὺς
528 2505 564 2568 δὲ
590 2502 686 2568 καλεῖ
704 2506 759 2570 καί
781 2505 821 2570 τά
843 2503 1041 2589 στρατόπεδα
1128 2512 1286 2575 Flumina
1301 2517 1415 2575 autem
1437 2515 1536 2574 vocat
1558 2513 1661 2575 etiam
1683 2511 1831 2574 hostium

288 2615 350 2674 τῶν
364 2607 495 2694 ἐχθρῶν,
510 2607 563 2674 διά
577 2610 614 2673 τό
630 2608 766 2694 σφοδρόν
781 2616 838 2695 της
853 2610 970 2695 θργης·
987 2609 1039 2674 διά
1084 2619 1205 2696 cestra,
1222 2616 1264 2679 ob
1279 2615 1403 2678 furoris
1426 2617 1601 2696 impetum.
1626 2615 1753 2678 Idcirco
1768 2615 1834 2677 ait:

208 2733 212 2740 ·
288 2721 380 2778 τουτο
395 2711 457 2796 γάρ
480 2711 565 2778 εἶπεν
588 2710 651 2777 ἀπὸ
671 2710 792 2778 ὑδάτων
814 2711 951 2794 πολλῶν,
969 2711 1039 2778 ἀντί
1084 2719 1420 2802 commemorarem
1435 2719 1624 2798 αιαίιατνιτκ,
1647 2736 1686 2780 ac
1701 2719 1731 2782 si
1746 2718 1834 2781 dice-

288 2825 359 2880 τοῦ·
375 2814 487 2880 πολλοὶ
509 2817 604 2894 ὄντες·
626 2815 794 2901 Ποταμοὺς
816 2818 878 2903 γὰρ
900 2814 1039 2892 ἐκείνους
1084 2829 1137 2888 ret
1159 2841 1215 2888 eos
1238 2825 1423 2906 permultos
1446 2841 1529 2887 esse.
1554 2825 1644 2886 uum
1664 2824 1754 2885 enim
1777 2838 1833 2885 eos

289 2919 394 3003 εἰπὼν,
417 2928 456 3004 τῇ
474 2918 666 3006 τροπολογίᾳ
687 2919 858 3005 ἐπέμεινεν.
1074 2927 1221 3011 flumine
1237 2933 1343 3007 vocat,
1360 2929 1553 3009 tropologia
1567 2927 1686 2990 utitur.

331 3044 364 3090 v.
381 3026 411 3089 4.
428 3023 574 3110 Ἀροῦσιν
590 3024 619 3090 οί
641 3027 777 3112 ποταμοί
799 3023 967 3112 ἑπιτρίψεις
984 3027 1039 3092 αθ-
1128 3048 1160 3093 ν.
1177 3032 1442 3097 astacenus
1452 3031 1598 3115 flumine
1615 3030 1752 3096 aciatos
1763 3030 1835 3114 ρία-

293 3136 366 3194 τῶν.
1084 3139 1155 3201 σίνε
1169 3153 1253 3202 atos.
1816 3177 1818 3180 ·

335 3230 502 3318 Ποταμοὺς
519 3231 554 3324 δὲ
574 3230 662 3317 [νόει]
686 3234 758 3310 τοὺς
780 3232 882 3318 ἱεροὺς
904 3233 1039 3300 άποστό·
1128 3239 1405 3304 Fiwmtneautem
1418 3241 1834 3320 intelligesaerosaposto-

293 3333 366 3413 λους
378 3338 516 3415 καὶτοὺς
531 3335 767 3423 εὐαγγελιστάς,
781 3335 878 3423 cirta
889 3347 944 3402 τοῦ
956 3337 1039 3406 Θεοῦ
1084 3346 1134 3408 los
1166 3348 1200 3407 et
1230 3345 1474 3425 evangelistas,
1505 3347 1564 3426 qui
1594 3343 1830 3426 spiritualibus

287 3436 462 3523 ἐκκλησίαν
480 3449 545 3517 τοῖς
568 3450 787 3526 πνευματικοῖς
809 3442 1038 3528 κατηύφραναν
1084 3449 1231 3531 lymphis
1252 3449 1438 3512 Ecclesiam
1465 3449 1526 3512 Dei
1552 3449 1761 3511 latissimam
1788 3445 1834 3511 ei-

289 3540 424 3627 νάμασι·
439 3545 525 3608 οίιτοι
535 3542 638 3610 τοίνυν
654 3542 683 3608 οί
698 3546 833 3630 ποταμοί
849 3546 972 3629 ἐπῆραν
983 3544 1038 3608 αὐ·
1083 3552 1245 3616 fecerunt.
1277 3553 1372 3615 Talia
1401 3569 1500 3633 porro
1531 3551 1675 3616 flumina
1701 3553 1833 3615 elevare

294 3655 356 3712 τῶν
377 3649 436 3733 την
459 3648 577 3733 φωνὴν,
593 3649 634 3711 τὰ
655 3647 724 3713 θεῖα
746 3649 954 3734 κηρόττοντες
968 3647 1039 3734 δόγ-
1083 3659 1194 3721 solent
1214 3672 1331 3718 vocem
1350 3673 1458 3736 suam,
1477 3655 1558 3718 dum
1577 3655 1694 3719 divina
1712 3655 1831 3737 pradi-

291 3770 385 3835 ματοι,
405 3752 461 3815 καί
475 3753 532 3830 τὰς
546 3749 665 3830 οἰκείας
681 3750 808 3837 πορείας
824 3751 1037 3838 πορευόμενοι.
1083 3765 1163 3823 cant
1176 3759 1347 3838 dogmata,
1356 3758 1438 3822 dum
1446 3777 1509 3822 sua
1516 3777 1575 3840 per
1592 3760 1715 3824 itinera
1723 3760 1835 3823 deam-

289 3852 480 3939 Ἐπιτρίψεις
495 3857 557 3940 γάρ
569 3855 626 3933 τάς
641 3853 763 3941 τρίόους
775 3856 878 3922 αίντιῑιν
892 3856 1037 3921 ἐκάλεσε.
1083 3863 1214 3927 bulant.
1238 3863 1391 3926 concitos
1408 3863 1500 3925 enim
1519 3863 1642 3926 fluctus
1658 3869 1758 3928 vocat
1780 3879 1834 3927 eo·

291 3955 459 4023 lauriaci
470 3959 499 4024 οί
514 3967 631 4044 πρῶτοι
645 3958 860 4037 πιστευθέντες
870 3961 906 4025 τό
922 3957 1039 4046 κήρυγ-
1084 3985 1163 4030 rum
1178 3968 1325 4046 semitas,
1342 3966 1406 4029 hoc
1425 3969 1485 4046 est,
1501 3968 1561 4047 qui
1580 3968 1708 4048 priores
1726 3967 1832 4032 credi-

291 4061 470 4148 μσ,,ὲπειδη
486 4062 608 4147 πέφυκε
623 4072 684 4129 τῶν
699 4061 820 4128 ὑδάτων
830 4060 856 4156 Ιη
873 4063 962 4147 φύσις
977 4063 1039 4149 τρί-
1084 4072 1208 4136 derunt
1223 4071 1464 4153 praedicationi,
1480 4072 1722 4152 posterioribus
1743 4073 1835 4135 viam

288 4162 352 4230 ὕειν
373 4167 432 4250 την
454 4165 662 4252 ὑποκειμένην
684 4168 815 4252 γῆνκαὶ
838 4167 967 4252 etesiae
989 4170 1038 4252 ἐρ·
1083 4181 1286 4242 straverunt.
1300 4178 1349 4238 Ea
1364 4192 1471 4256 quum
1487 4177 1533 4238 sit
1552 4192 1719 4257 aquarum
1734 4180 1833 4239 natu-

290 4268 451 4354 γάζεσθαι,
469 4269 596 4349 εἰκότως
618 4269 720 4356 τρίψιν
739 4272 888 4358 ποταμῶν
910 4275 969 4360 την
984 4295 1038 4338 πο-
1085 4301 1132 4361 ra,
1149 4285 1189 4344 ut
1203 4281 1315 4343 sulcos
1339 4280 1374 4342 in
1391 4279 1495 4342 humo
1518 4280 1677 4359 viamque
1701 4279 1834 4343 itineris

293 4372 379 4458 ρείαν
393 4373 538 4438 ἐκάλεσε.
1083 4386 1247 4467 aperiant,
1263 4399 1414 4461 congrue
1427 4384 1492 4446 iter
1503 4384 1637 4446 vocavit
1648 4382 1829 4448 fluminum

1083 4489 1232 4553 concitos
1248 4485 1383 4550 fluctus.

332 4601 364 4646 v.
382 4584 412 4664 4,
430 4585 459 4647 5.
484 4580 673 4668 Θαυμαστὸς
696 4584 730 4650 ἐν
752 4585 886 4670 ὑψηλοῖς
908 4585 1035 4673 Κύριος,
1127 4610 1159 4655 ν.
1176 4593 1206 4671 4,
1223 4593 1253 4654 5.
1270 4589 1577 4654 Miroliiisiaoitis
1587 4589 1755 4656 Dominus.
1774 4591 1831 4654 Te·

286 4685 328 4749 τθι
351 4685 506 4772 μαρτύριά
521 4707 578 4751 σου
594 4687 812 4773 ἐπιστώθησαν
828 4690 957 4776 σφόδρα.
983 4691 1037 4777 Τῷ
1082 4696 1235 4761 alimonio
1250 4699 1306 4758 teto
1322 4693 1490 4760 credibilia
1506 4693 1605 4774 suctu
1623 4697 1701 4760 mat
1722 4694 1831 4759 nimis.

286 4787 364 4873 οίκιρ
386 4811 444 4854 σου
466 4788 579 4874 πρέπει
604 4790 756 4879 άγίασμα,
779 4792 888 4879 Κύριε,
911 4796 956 4873 είς
978 4816 1037 4881 μα·
1083 4800 1220 4864 Domum
1235 4798 1492 4877 tetam,Domioe,
1506 4797 1592 4864 decet
1605 4798 1834 4865 εακείίίιιιίοίτι

286 4891 429 4976 κρότητα
442 4891 579 4978 ἡμερῶν.
1083 4903 1315 4986 turpitudinem
1328 4902 1464 4967 άίσνιιοι.

323 5041 352 5080 v.
366 5024 392 5094 θ,
404 5023 472 5080 Vat.
486 5025 511 5080 5.
1083 5032 1166 5090 codd.
1180 5033 1324 5090 scholium
1333 5031 1438 5106 incipit
1447 5034 1497 5088 οὐκ
1506 5035 1535 5088 ἐν
1545 5035 1600 5098 τοίς
1609 5031 1688 5104 quod
1697 5031 1833 5090 emenda·

322 5127 351 5168 v.
362 5110 418 5166 45.
431 5110 499 5169 Vat.
516 5113 587 5171 5.11.
606 5113 672 5171 (ior.
686 5132 727 5188 τι,
740 5115 783 5173 16.
796 5117 846 5174 Ρε.
859 5135 946 5191 xum,
957 5120 983 5178 8.
1002 5119 1039 5178 In
1084 5119 1189 5181 vimus.
