4036 6090
835 473 878 534 IN
903 473 1087 534 PSALMOS
1689 475 1732 536 85

236 631 266 676 v.
292 611 400 676 34-36.
422 610 475 695 Τῷ
492 607 693 694 ἐπιῦεόηκότι
712 610 763 675 ἐπί
779 611 831 674 τὸν
847 612 938 695 οὐρα·
1026 632 1057 676 v.
1075 604 1131 676 34:
1143 611 1334 676 Ανοααίοκίί
1352 630 1450 694 νυμον
1466 615 1577 678 eclam
1599 615 1671 679 cali
1692 615 1736 680 od

192 718 245 781 νόν
267 725 323 781 τοῦ
344 715 477 799 οὐρανοῦ
499 716 583 779 κατά
606 714 806 797 ἀνατολάς...
835 718 890 780 καὶ
915 715 936 800 ἡ
986 718 1176 782 ostentent...
1193 718 1237 781 Εί
1251 718 1359 782 cirtae
1374 718 1446 798 ejas
1460 719 1497 781 ia
1510 719 1654 784 κκόόόνιε.

190 820 319 905 δύναμις
335 821 431 885 αὐτοῦ
446 820 480 910 ἐν
494 817 648 904 νεφέλαις.
781 875 788 888 ,
1029 825 1114 884 Puto
1130 827 1244 885 autem
1258 821 1301 884 ab
1317 839 1356 884 eo
1372 823 1480 886 nubes
1495 823 1561 886 dici
1580 825 1732 901 angelos.
1807 873 1811 878 .

237 923 335 1010 Οἶμαι
349 925 385 989 δὲ
400 924 494 988 αὐτόν
517 921 650 1008 νεφέλας
672 921 775 1008 λέγειν
799 933 870 1000 τοῦς
887 924 942 1008 άγ-
987 926 1054 1007 Ipsi
1071 927 1162 989 enim
1178 929 1259 988 sunt
1275 926 1336 1006 qui
1358 926 1500 990 edocent
1521 944 1591 991 nos.
1615 929 1732 992 Vtrtus

190 1028 312 1115 γέλους,
334 1028 422 1094 αὐτοὶ
444 1025 505 1112 γάρ
529 1027 606 1092 εἰσιν
629 1027 658 1092 οἱ
680 1027 884 1106 διδάσκοντες
906 1028 943 1113 ἡ.
986 1033 1100 1093 autem
1116 1031 1178 1094 Dei
1201 1029 1356 1094 Christus
1379 1035 1439 1094 est.
1463 1066 1500 1076 —
1521 1031 1564 1096 Ia
1583 1031 1730 1110 aetna,
1820 1051 1822 1056 ·

190 1141 268 1218 μᾶς·
284 1131 413 1217 δύναμις
426 1132 462 1195 δὲ
478 1140 534 1196 τοῦ
550 1130 633 1198 Θεοῦ
655 1131 672 1196 ό
695 1130 831 1216 Χριστός
845 1132 937 1197 ἐστιν.
987 1133 1112 1213 quibus
1141 1133 1337 1215 praecipitur
1363 1151 1405 1196 ne
1432 1135 1554 1214 pluant
1579 1135 1733 1216 imbrem,

190 1275 230 1286 -
247 1235 304 1303 Ἐν
319 1245 387 1314 ταῖς
403 1234 558 1320 νεφέλαις,
575 1236 625 1313 αίς
640 1234 811 1302 ἐντελεῖται
824 1246 880 1301 τοῦ
896 1239 939 1323 μὴ
984 1237 1109 1318 quibus
1135 1239 1250 1318 posuit
1271 1256 1388 1302 arcum
1411 1256 1523 1302 suum.
1547 1242 1587 1303 ln
1609 1240 1730 1304 iisdem

190 1338 314 1426 βρέχειν
329 1339 419 1406 ὑετόν
430 1340 465 1406 ἐν
480 1339 526 1416 οίς
540 1338 659 1406 τέθεικε
678 1339 768 1419 τόξον
783 1341 891 1424 αὐτοῦ,
907 1342 940 1407 ἐν
984 1359 1064 1405 vero
1079 1343 1252 1422 rapiemur
1268 1343 1303 1405 in
1319 1359 1498 1408 occursum
1512 1344 1657 1408 Domini.

190 1444 320 1521 ταύταις
346 1443 381 1508 δὲ
411 1441 663 1528 άπαργησόμεθα
690 1444 735 1520 είς
765 1443 942 1528 ἀπάντησιν

189 1555 246 1612 τοῦ
267 1546 398 1632 Κυρίου.
945 1547 949 1556 ’

224 1739 252 1778 v.
265 1721 355 1778 34-36.
369 1723 436 1780 Vat.
450 1723 475 1792 5,
489 1724 531 1778 14.

670 1939 674 1948 ·
758 1887 925 1964 Psalmus
950 1885 1150 1965 LXVIII.

233 2099 265 2142 v.
281 2081 312 2161 2,
330 2082 361 2144 3.
377 2077 488 2144 Σῦσόν
511 2099 559 2164 με,
576 2079 593 2143 ό
616 2077 706 2161 Θεὸς,
728 2080 776 2143 ότι
798 2077 942 2145 εἰσέλθω·
1030 2102 1061 2145 ν.
1078 2085 1110 2163 2,
1126 2086 1156 2146 3.
1172 2083 1307 2148 Salutat
1317 2083 1445 2165 mesco,
1461 2085 1559 2162 Dece,
1578 2083 1730 2165 quoniam

188 2205 248 2250 σαν
260 2185 361 2249 ῦδατα
372 2185 431 2261 ἕως
438 2184 544 2268 ψυχῆς
557 2203 627 2268 μου,
636 2181 794 2268 ἐνεπάγην
807 2184 850 2260 είς
863 2179 942 2266 ὕλην
984 2187 1193 2251 ιάίνοοννααί
1216 2201 1309 2267 αραα
1328 2203 1429 2269 aeque
1450 2188 1596 2252 ακίυνανι
1615 2206 1727 2267 mom,

188 2287 293 2374 βυθοῦ,
305 2290 360 2352 καί
372 2288 430 2352 οὐκ
442 2287 525 2352 ἐστιν
537 2286 722 2364 ὑπόστασις·
735 2286 835 2371 ἦλθον
846 2287 890 2364 είς
902 2288 943 2350 τά
985 2291 1110 2374 inflans
1123 2309 1195 2355 stem
1210 2292 1247 2354 ι’νι
1261 2291 1339 2355 limo
1348 2290 1518 2372 preas‘uttdt',
1545 2296 1577 2356 et
1597 2310 1660 2356 ουκ
1681 2299 1731 2358 est
1825 2309 1827 2315 ’

190 2391 272 2479 βάθη
289 2399 346 2476 της
361 2390 535 2475 θαλάσσης.
561 2395 628 2459 Vct.
646 2393 720 2473 665,
739 2393 767 2454 1.
985 2395 1166 2461 rubricatio
1171 2420 1184 2475 ;
1198 2397 1273 2459 ocni
1287 2397 1325 2460 ι’νι
1339 2397 1530 2462 altitudime
1543 2399 1656 2462 νιονίο.

234 2492 356 2562 Ὗδατα
377 2495 464 2581 λέγει
493 2499 565 2572 τοὺς
591 2495 760 2581 λογισμοὺς
786 2498 842 2559 καί
868 2498 942 2574 τοὺς
1051 2505 1166 2582 Aquas
1180 2507 1279 2565 vocat
1300 2502 1504 2566 tentati0nes
1526 2507 1561 2565 et
1582 2504 1731 2566 vexatio·

189 2603 383 2686 πειρασμοὺς
405 2603 478 2678 τοὺς
493 2598 733 2685 εἰσερχομένους
748 2600 792 2678 εἰς
812 2602 870 2684 την
887 2601 943 2685 ψυ·
986 2622 1057 2684 nes,
1083 2623 1159 2686 quae
1186 2607 1336 2669 animam
1358 2606 1621 2686 aggrediuntur.
1653 2611 1731 2672 llaec

188 2703 261 2792 χήν.
279 2705 389 2771 Ταῦτα
403 2706 466 2790 γάρ
481 2703 502 2789 ἡ
519 2703 699 2789 άνθριοπεία
711 2703 875 2772 ἐπεπόνθει
886 2706 942 2792 pd-
985 2711 1076 2772 enim
1089 2710 1160 2790 pati
1172 2695 1258 2774 solet
1265 2711 1471 2790 humanitas„
1484 2729 1545 2792 per
1555 2717 1731 2792 peccatum

187 2832 244 2893 σις,
261 2808 489 2895 κατενεχθεῖσα
508 2811 560 2875 διά
575 2817 632 2893 της
655 2809 810 2896 άμοιρτίας
825 2811 869 2888 εἰς
884 2812 938 2876 τόν
985 2815 1021 2876 in
1035 2819 1178 2877 mortem
1191 2816 1355 2896 involuta,
1371 2818 1405 2878 et
1420 2817 1456 2879 in
1472 2817 1584 2897 ipsum
1604 2817 1727 2880 inferni

189 2914 335 2995 θάνατον,
351 2915 406 2978 καὶ
422 2914 466 2990 εἰς
483 2915 579 2979 αὺτὸν
594 2923 649 2979 τοῦ
665 2914 743 2999 ᾅδου
758 2917 813 2979 τὸν
824 2922 940 3000 χῦρον,
985 2919 1107 2996 locum,
1122 2935 1224 2998 quem
1237 2918 1358 2982 limum
1371 2921 1489 2998 altum,
1501 2920 1731 2984 altitudinem·

188 3019 387 3104 donatillae
411 3017 504 3105 βυθοῦ
519 3021 575 3084 καί
598 3018 692 3105 βάθος
710 3017 886 3103 ’θαλάσσης
906 3019 941 3083 ἐν
984 3036 1050 3099 que
1066 3022 1170 3084 maris
1186 3022 1222 3084 in
1237 3022 1291 3086 his
1306 3023 1484 3088 versiculis
1500 3030 1606 3087 vocat.

187 3134 253 3204 τοῖς
268 3137 421 3211 παροῦσιν
436 3125 594 3210 ὀνομάζει.
819 3206 821 3213 Ι

228 3251 260 3294 ν.
279 3233 329 3294 13.
346 3229 430 3295 Κατ’
444 3229 521 3314 ἐμοῦ
536 3227 732 3315 ἠδολέσχουν
748 3227 777 3292 οἱ
798 3226 937 3314 καθήμε-
1028 3248 1059 3293 v.
1090 3232 1140 3294 13.
1170 3229 1348 3296 Adversum
1370 3251 1419 3298 cta
1442 3233 1651 3317 loquebantur
1673 3234 1732 3316 qui

185 3335 281 3400 νοιέν
297 3334 393 3418 πόλγ.
981 3334 1296 3416 εεόιόανιίίκρονία.

230 3437 301 3504 Ἀεὶ
314 3439 377 3523 γάρ
399 3435 604 3522 καθεζόμενοι
619 3437 653 3504 ἐν
668 3445 738 3515 ταῖς
752 3437 865 3514 πύλαις
880 3445 936 3500 τοῦ
1050 3442 1188 3520 Semper
1204 3441 1294 3503 enim
1311 3441 1523 3506 considentes
1540 3444 1575 3505 in
1599 3443 1730 3507 foribus

184 3543 279 3628 ἱεροῦ,
299 3542 448 3608 Ἰουδαῖοι
463 3541 591 3626 ἔλεγον·
607 3540 663 3619 Τάς
678 3543 717 3607 ἂν
729 3542 778 3626 εἴη
791 3542 808 3607 ό
821 3541 937 3625 άνθριο-
980 3545 1108 3624 templi,
1131 3546 1152 3606 J
1155 3543 1242 3608 udaei
1258 3545 1410 3607 aiebant:
1430 3547 1538 3620 «Quis
1555 3550 1607 3609 est
1624 3547 1725 3610 homo

184 3657 385 3732 ποςτοῦτος;
805 3661 808 3668 ’
985 3648 1097 3710 istel»

228 3773 259 3817 v.
291 3754 342 3833 14,
373 3755 422 3817 15.
449 3751 534 3838 Ἐγὼ
561 3751 596 3816 δὲ
622 3761 662 3837 τῇ
685 3760 849 3837 προσευχῇ
878 3771 936 3837 μου
1025 3751 1418 3833 ν.14,15.Εροοονοι“π
1440 3754 1584 3817 oratione
1605 3769 1675 3817 ntea
1690 3752 1733 3817 cd

218 3901 267 3957 Ps.
287 3915 398 3970 nxmrl,
410 3919 437 3970 v,
450 3901 476 3956 β.
490 3901 557 3958 Vet.
571 3901 613 3956 16.
633 3899 749 3957 Dividit
765 3898 843 3954 huno
854 3899 937 3954 Psal-
981 3901 1043 3968 ἐγὼ,
1057 3899 1322 3966 sustentantione
1340 3901 1404 3964 όπερ
1423 3899 1507 3952 αὐτῶν
1525 3901 1669 3966 γεύσασθαι
1686 3903 1731 3953 θα-

181 4005 247 4043 νννινε
260 3987 403 4058 Origenes
416 4005 482 4043 cum
491 3987 613 4058 vulgato
626 3986 658 4042 in
667 3986 796 4060 psalmos
806 3985 937 4041 Athana·
980 3988 1070 4052 νοίτου,
1082 3986 1230 4052 ἀναιρεθείη
1240 3987 1258 4053 ἡ
1267 3986 1351 4037 πάλαι
1361 3985 1423 4038 κατ’
1438 3987 1523 4038 αὐτῶν
1540 3987 1671 4053 γενομόνη
1692 3988 1735 4038 brt

181 4074 235 4144 sio,
249 4074 297 4129 cui
308 4073 394 4147 plara
405 4090 443 4129 ex
453 4073 563 4128 uostris
574 4072 644 4128 date
654 4077 731 4128 sunt.
742 4071 800 4128 Sed
809 4071 938 4128 iomasse
980 4075 1027 4127 τόν
1040 4074 1154 4126 θάνατον
1167 4073 1286 4139 αίοχῦνη.
1300 4069 1454 4140 “Quanda
1466 4069 1571 4142 inquit,
1583 4072 1615 4126 in
1627 4088 1674 4126 me
1686 4088 1733 4126 su·
1811 4106 1814 4120 .

185 4165 282 4215 totum
297 4160 387 4215 altine
404 4159 599 4232 repetundum
617 4164 671 4216 est.
689 4159 791 4231 Neque
809 4160 887 4216 anim
899 4160 938 4215 A·
981 4157 1061 4231 scopi
1073 4161 1193 4229 gustare
1205 4172 1259 4229 pro
1277 4155 1337 4211 illis
1349 4162 1482 4229 mortem,
1496 4156 1648 4214 aboleatur
1661 4156 1735 4228 ipsis

184 4247 323 4302 tharasio
335 4246 419 4304 brevi
431 4252 462 4302 at
474 4246 703 4316 concisamque
713 4245 938 4321 Origaniphilo-
981 4243 1066 4300 illata
1078 4243 1149 4298 olim
1160 4260 1214 4317 per
1225 4247 1351 4299 mortem
1363 4241 1518 4312 infamia„

186 4333 292 4404 logico,
305 4333 358 4389 sad
367 4333 466 4406 potius
475 4332 685 4388 Alexandrinis
695 4331 859 4388 senioribus
869 4351 938 4405 qua·
1018 4349 1046 4388 ν.
1057 4331 1150 4401 13,1l,
1159 4331 1201 4385 15.
1210 4328 1304 4387 Vatia.
1316 4330 1357 4399 12,
1366 4329 1408 4384 14.
1418 4330 1527 4386 Nostra
1536 4329 1646 4403 partim
1655 4329 1733 4404 apud

183 4417 252 4476 drat
272 4419 408 4476 archaice
429 4419 568 4476 fecundia
589 4418 799 4489 commentarii
822 4421 939 4491 qualem
981 4419 1135 4490 vulgatum
1147 4415 1343 4472 Athanasium
1359 4416 1457 4471 mines
1469 4420 1548 4470 recte
1566 4415 1735 4472 referuntur

185 4507 367 4581 repperimus
379 4506 417 4562 ad
429 4507 574 4580 psalmum
590 4522 712 4566 xxxvrr.
731 4505 814 4562 Idam
831 4507 939 4580 quippe
982 4504 1020 4560 ed
1037 4522 1065 4562 v.
1085 4505 1127 4573 16,
1147 4503 1188 4570 17,
1207 4519 1244 4558 ex
1263 4519 1320 4573 quo
1338 4507 1437 4557 temen
1459 4501 1593 4574 quaedam
1614 4509 1733 4577 recepta

183 4596 216 4648 τὸ
238 4597 313 4661 ῦφος,
332 4593 434 4650 eadem
452 4593 588 4666 apposita
606 4591 705 4648 casim
720 4591 831 4664 juncta,
849 4594 939 4649 immo
982 4595 1059 4646 sunt.
1071 4619 1104 4630 —
1114 4587 1157 4644 cf.
1168 4586 1258 4644 Hebr.
1270 4605 1298 4657 τ,
1308 4588 1334 4656 7,
1344 4603 1378 4642 ac
1390 4592 1461 4642 nota
1469 4586 1566 4643 locum
1574 4585 1661 4642 Pauli
1674 4604 1734 4642 non

183 4678 286 4735 eadam
302 4680 355 4735 illa
371 4679 577 4753 prosopopoeia
594 4677 705 4734 Christi
724 4679 865 4752 patientis
882 4680 938 4736 Pa·
981 4677 1086 4734 referri
1104 4675 1142 4731 ad
1159 4675 1316 4730 clamorem
1333 4673 1445 4729 Christi
1463 4672 1495 4728 in
1512 4689 1606 4742 cruce,
1625 4672 1678 4728 sed
1696 4673 1735 4730 ad

184 4770 261 4842 trem
271 4765 457 4837 alloquentis,
470 4769 504 4820 nt
516 4764 587 4820 inv.
597 4766 622 4821 6.
636 4764 715 4838 apud
724 4765 938 4821 Athanasium:
982 4765 1119 4837 agoniam
1140 4763 1172 4818 in
1192 4761 1288 4831 horto,
1309 4761 1379 4816 Luc.
1402 4776 1481 4829 xxii,
1505 4759 1597 4814 4244.
1620 4791 1653 4800 —
1676 4759 1735 4816 Ubi

183 4854 283 4920 Γόγονε
299 4855 361 4921 γὰρ,
378 4854 451 4906 κατὰ
467 4855 514 4906 τὸν
532 4855 602 4920 ίιρὸν
622 4855 781 4918 ἀπόστολον,
794 4855 810 4906 ό
822 4857 870 4906 τοῦ
887 4853 939 4906 Ko-
982 4855 1108 4906 οελέοισοιι
1127 4853 1174 4902 τόν
1196 4851 1327 4913 Σατανᾶν,
1345 4851 1375 4902 et
1386 4846 1419 4901 in
1437 4845 1503 4916 flue,
1516 4845 1673 4919 respicitur
1691 4845 1730 4901 ad

186 4941 244 5006 ρ’ίου
262 4941 382 5006 σταυρὸς,
402 4939 539 5004 Ἰουδαίοις
558 4941 604 5008 μὲν
623 4941 783 5006 σκάνδαλον,
801 4941 887 5006 όθνοις
909 4942 938 4992 nl
982 4935 1190 4995 Valentiniana
1200 4932 1321 5004 somnia,
1341 4949 1407 5003 qnae
1424 4937 1496 4987 tunc
1508 4931 1649 5005 temporis
1661 4948 1733 4987 nou·

186 5029 279 5093 μυρία.
292 5028 327 5079 Σῦ
346 5027 434 5092 σῦκά
451 5027 549 5092 Ποίτερ,
567 5031 652 5093 φησίν,
670 5028 753 5093 ίγνονς
770 5027 818 5094 τὴν
832 5028 874 5078 ted
891 5031 938 5079 τοῦ
982 5023 1052 5079 dum
1064 5023 1253 5088 evanuerant,
1265 5018 1354 5074 immo
1364 5017 1526 5076 sariebant
1538 5017 1593 5073 sub
1607 5017 1735 5074 Seniori-

191 5115 304 5178 σταυροῦ
317 5115 479 5180 οἰκονομίαν.
498 5115 513 5144 “
524 5111 569 5165 Tu
580 5111 681 5181 igitur,
694 5128 711 5165 o
725 5111 822 5180 Pater,
835 5109 939 5182 inquit,
982 5111 1038 5167 bus
1056 5105 1273 5174 Alexandrinis,
1292 5123 1345 5161 nec
1362 5105 1429 5174 nisi,
1453 5104 1576 5162 florente
1595 5104 1732 5176 Origene,

184 5197 264 5254 nosti
283 5197 473 5255 economiem
490 5197 621 5268 crucia„
640 5197 680 5252 Et
697 5197 729 5253 in
747 5215 774 5255 v.
787 5197 805 5251 ‘l
813 5215 819 5251 :
834 5199 939 5266 Ἐπειοη
984 5194 1200 5252 deridebantur.
