<?xml version="1.0" encoding="UTF-8"?>
<!DOCTYPE html PUBLIC "-//W3C//DTD XHTML 1.0 Transitional//EN"
    "http://www.w3.org/TR/xhtml1/DTD/xhtml1-transitional.dtd">
<html xmlns="http://www.w3.org/1999/xhtml" xml:lang="en" lang="en">
 <head>
  <title>
</title>
<meta http-equiv="Content-Type" content="text/html;charset=utf-8" />
  <meta name='ocr-system' content='tesseract 3.04.00' />
  <meta name='ocr-capabilities' content='ocr_page ocr_carea ocr_par ocr_line ocrx_word'/>
</head>
<body>
  <div class='ocr_page' id='page_1' title='image "./analectasacrasp00pitrgoog_0151.png"; bbox 0 0 4036 6090; ppageno 0'>
   <div class='ocr_carea' id='block_1_1' title="bbox 970 430 1180 494">
    <p class='ocr_par' dir='ltr' id='par_1_1' title="bbox 970 430 1180 494">
     <span class='ocr_line' id='line_1_1' title="bbox 970 430 1180 494; baseline 0.005 -1"><span class='ocrx_word' id='word_1_1' title='bbox 970 430 1180 494; x_wconf 83' lang='lat' dir='ltr'>ORIGENES</span> 
     </span>
    </p>
   </div>
   <div class='ocr_carea' id='block_1_2' title="bbox 876 710 1265 791">
    <p class='ocr_par' dir='ltr' id='par_1_2' title="bbox 876 710 1265 791">
     <span class='ocr_line' id='line_1_2' title="bbox 876 710 1265 791; baseline 0 -3"><span class='ocrx_word' id='word_1_2' title='bbox 876 711 1045 789; x_wconf 79' lang='lat' dir='ltr'><strong>Psalmus</strong></span> <span class='ocrx_word' id='word_1_3' title='bbox 1070 710 1265 791; x_wconf 83' lang='lat' dir='ltr'><strong><em>LXXXI.</em></strong></span> 
     </span>
    </p>
   </div>
   <div class='ocr_carea' id='block_1_3' title="bbox 295 942 1846 4997">
    <p class='ocr_par' dir='ltr' id='par_1_3' title="bbox 342 942 1507 1032">
     <span class='ocr_line' id='line_1_3' title="bbox 342 942 1507 1032; baseline -0.001 -19"><span class='ocrx_word' id='word_1_4' title='bbox 342 945 480 1032; x_wconf 85' lang='grc' dir='ltr'>Ψαλμδς</span> <span class='ocrx_word' id='word_1_5' title='bbox 494 945 539 1030; x_wconf 79' lang='grc' dir='ltr'>τῷ</span> <span class='ocrx_word' id='word_1_6' title='bbox 554 942 672 1029; x_wconf 79' lang='grc' dir='ltr'>Ἀσάφ.</span> <span class='ocrx_word' id='word_1_7' title='bbox 1136 945 1291 1011; x_wconf 66' lang='lat' dir='ltr'>Psalmis</span> <span class='ocrx_word' id='word_1_8' title='bbox 1305 947 1372 1028; x_wconf 80' lang='lat' dir='ltr'>ipsi</span> <span class='ocrx_word' id='word_1_9' title='bbox 1387 947 1507 1030; x_wconf 81' lang='grc' dir='ltr'>Αεσρίι.</span> 
     </span>
    </p>

    <p class='ocr_par' dir='ltr' id='par_1_4' title="bbox 298 1043 1842 1242">
     <span class='ocr_line' id='line_1_4' title="bbox 343 1043 1842 1136; baseline 0.003 -20"><span class='ocrx_word' id='word_1_10' title='bbox 343 1073 374 1116; x_wconf 85' lang='lat' dir='ltr'>v.</span> <span class='ocrx_word' id='word_1_11' title='bbox 395 1054 422 1116; x_wconf 89' lang='lat'>1.</span> <span class='ocrx_word' id='word_1_12' title='bbox 446 1048 484 1115; x_wconf 90' lang='grc' dir='ltr'>Ὁ</span> <span class='ocrx_word' id='word_1_13' title='bbox 507 1049 588 1126; x_wconf 82' lang='grc' dir='ltr'><strong>Θεὸς</strong></span> <span class='ocrx_word' id='word_1_14' title='bbox 607 1049 683 1132; x_wconf 79' lang='grc' dir='ltr'>ἔστη</span> <span class='ocrx_word' id='word_1_15' title='bbox 707 1046 741 1113; x_wconf 83' lang='grc' dir='ltr'>ἐν</span> <span class='ocrx_word' id='word_1_16' title='bbox 761 1056 929 1132; x_wconf 71' lang='grc' dir='ltr'>συναγωγῇ</span> <span class='ocrx_word' id='word_1_17' title='bbox 951 1046 1046 1128; x_wconf 84' lang='grc' dir='ltr'>θεῶν,</span> <span class='ocrx_word' id='word_1_18' title='bbox 1136 1043 1167 1111; x_wconf 76' lang='lat' dir='ltr'>i.</span> <span class='ocrx_word' id='word_1_19' title='bbox 1188 1051 1215 1113; x_wconf 93' lang='lat' dir='ltr'>l.</span> <span class='ocrx_word' id='word_1_20' title='bbox 1231 1052 1320 1116; x_wconf 76' lang='lat' dir='ltr'><strong>Deus</strong></span> <span class='ocrx_word' id='word_1_21' title='bbox 1333 1053 1424 1117; x_wconf 75' lang='lat' dir='ltr'><strong>stetit</strong></span> <span class='ocrx_word' id='word_1_22' title='bbox 1449 1053 1487 1117; x_wconf 84' lang='grc' dir='ltr'>ιἰι</span> <span class='ocrx_word' id='word_1_23' title='bbox 1507 1067 1671 1136; x_wconf 61' lang='lat' dir='ltr'>synagoga</span> <span class='ocrx_word' id='word_1_24' title='bbox 1691 1052 1842 1134; x_wconf 81' lang='grc' dir='ltr'>ἀσοινιῶ,·</span> 
     </span>
     <span class='ocr_line' id='line_1_5' title="bbox 298 1151 1666 1242; baseline -0.002 -20"><span class='ocrx_word' id='word_1_25' title='bbox 298 1156 332 1222; x_wconf 85' lang='grc' dir='ltr'>ἐν</span> <span class='ocrx_word' id='word_1_26' title='bbox 348 1153 433 1242; x_wconf 79' lang='grc' dir='ltr'>μέσῳ</span> <span class='ocrx_word' id='word_1_27' title='bbox 449 1154 484 1218; x_wconf 83' lang='grc' dir='ltr'>δὲ</span> <span class='ocrx_word' id='word_1_28' title='bbox 498 1153 595 1231; x_wconf 82' lang='grc' dir='ltr'>θεοὺς</span> <span class='ocrx_word' id='word_1_29' title='bbox 611 1152 770 1236; x_wconf 82' lang='grc' dir='ltr'>διακρινεῖ.</span> <span class='ocrx_word' id='word_1_30' title='bbox 788 1155 863 1226; x_wconf 71' lang='grc' dir='ltr'>γαί.</span> <span class='ocrx_word' id='word_1_31' title='bbox 879 1151 954 1231; x_wconf 85' lang='grc'>677,</span> <span class='ocrx_word' id='word_1_32' title='bbox 974 1151 1002 1213; x_wconf 91' lang='lat'>1.</span> <span class='ocrx_word' id='word_1_33' title='bbox 1090 1153 1129 1216; x_wconf 80' lang='grc' dir='ltr'>ιιι</span> <span class='ocrx_word' id='word_1_34' title='bbox 1140 1152 1364 1220; x_wconf 66' lang='lat' dir='ltr'><strong>medietatem</strong></span> <span class='ocrx_word' id='word_1_35' title='bbox 1379 1155 1452 1222; x_wconf 77' lang='lat' dir='ltr'><strong>deos</strong></span> <span class='ocrx_word' id='word_1_36' title='bbox 1466 1155 1666 1238; x_wconf 57' lang='lat' dir='ltr'>dijudicabit.</span> 
     </span>
    </p>

    <p class='ocr_par' dir='ltr' id='par_1_5' title="bbox 295 1253 1846 4160">
     <span class='ocr_line' id='line_1_6' title="bbox 341 1253 1845 1345; baseline -0.001 -19"><span class='ocrx_word' id='word_1_37' title='bbox 341 1258 529 1345; x_wconf 81' lang='grc' dir='ltr'>Ὠριγένους,</span> <span class='ocrx_word' id='word_1_38' title='bbox 552 1256 731 1324; x_wconf 88' lang='grc' dir='ltr'>Βασιλείου.</span> <span class='ocrx_word' id='word_1_39' title='bbox 748 1255 882 1341; x_wconf 76' lang='grc' dir='ltr'>Εἴρηται</span> <span class='ocrx_word' id='word_1_40' title='bbox 896 1263 972 1340; x_wconf 86' lang='grc' dir='ltr'>γοῦν</span> <span class='ocrx_word' id='word_1_41' title='bbox 992 1253 1047 1318; x_wconf 84' lang='grc' dir='ltr'>ἀλ·</span> <span class='ocrx_word' id='word_1_42' title='bbox 1138 1259 1310 1338; x_wconf 82' lang='lat' dir='ltr'><strong>Omumus,</strong></span> <span class='ocrx_word' id='word_1_43' title='bbox 1333 1261 1470 1324; x_wconf 74' lang='lat' dir='ltr'><strong>Brsmu.</strong></span> <span class='ocrx_word' id='word_1_44' title='bbox 1496 1260 1608 1340; x_wconf 83' lang='lat' dir='ltr'><strong>Igitur</strong></span> <span class='ocrx_word' id='word_1_45' title='bbox 1630 1262 1758 1326; x_wconf 88' lang='lat' dir='ltr'><strong>dietum</strong></span> <span class='ocrx_word' id='word_1_46' title='bbox 1785 1264 1845 1326; x_wconf 86' lang='lat' dir='ltr'>ali-</span> 
     </span>
     <span class='ocr_line' id='line_1_7' title="bbox 297 1357 1845 1452; baseline -0.001 -22"><span class='ocrx_word' id='word_1_47' title='bbox 297 1366 400 1452; x_wconf 85' lang='grc' dir='ltr'>λαχοῠ</span> <span class='ocrx_word' id='word_1_48' title='bbox 416 1365 464 1429; x_wconf 88' lang='grc' dir='ltr'>ότι</span> <span class='ocrx_word' id='word_1_49' title='bbox 478 1371 578 1448; x_wconf 90' lang='grc' dir='ltr'>κρινεῖ</span> <span class='ocrx_word' id='word_1_50' title='bbox 591 1361 750 1446; x_wconf 86' lang='grc' dir='ltr'>ἀνάμεσον</span> <span class='ocrx_word' id='word_1_51' title='bbox 773 1369 834 1425; x_wconf 87' lang='grc' dir='ltr'>τῶν</span> <span class='ocrx_word' id='word_1_52' title='bbox 849 1358 955 1426; x_wconf 81' lang='grc' dir='ltr'><strong>ἐθνῶν.</strong></span> <span class='ocrx_word' id='word_1_53' title='bbox 972 1357 1047 1436; x_wconf 85' lang='grc' dir='ltr'><strong>Τοῖς</strong></span> <span class='ocrx_word' id='word_1_54' title='bbox 1092 1361 1170 1425; x_wconf 84' lang='lat' dir='ltr'><strong>cubi</strong></span> <span class='ocrx_word' id='word_1_55' title='bbox 1182 1361 1576 1430; x_wconf 68' lang='grc' dir='ltr'>οοιεάιαίιόαίιίιίαιιισόιό</span> <span class='ocrx_word' id='word_1_56' title='bbox 1583 1367 1845 1448; x_wconf 78' lang='grc' dir='ltr'>ροιιίίιιιιι.Νυιιι-</span> 
     </span>
     <span class='ocr_line' id='line_1_8' title="bbox 295 1463 1844 1557; baseline -0.001 -22"><span class='ocrx_word' id='word_1_57' title='bbox 295 1473 358 1557; x_wconf 81' lang='grc' dir='ltr'>γάρ</span> <span class='ocrx_word' id='word_1_58' title='bbox 374 1468 474 1556; x_wconf 81' lang='grc' dir='ltr'>ἁγίοις</span> <span class='ocrx_word' id='word_1_59' title='bbox 489 1468 525 1532; x_wconf 84' lang='grc' dir='ltr'>οὐ</span> <span class='ocrx_word' id='word_1_60' title='bbox 540 1469 575 1531; x_wconf 88' lang='grc' dir='ltr'>τό</span> <span class='ocrx_word' id='word_1_61' title='bbox 590 1463 760 1551; x_wconf 88' lang='grc' dir='ltr'>κρίνεσθαι,</span> <span class='ocrx_word' id='word_1_62' title='bbox 784 1464 869 1529; x_wconf 85' lang='grc' dir='ltr'>ἀλλὰ</span> <span class='ocrx_word' id='word_1_63' title='bbox 887 1465 923 1528; x_wconf 89' lang='grc' dir='ltr'>τό</span> <span class='ocrx_word' id='word_1_64' title='bbox 939 1463 1047 1547; x_wconf 68' lang='grc' dir='ltr'>μεῖζον</span> <span class='ocrx_word' id='word_1_65' title='bbox 1092 1484 1158 1548; x_wconf 88' lang='lat' dir='ltr'><strong>que</strong></span> <span class='ocrx_word' id='word_1_66' title='bbox 1173 1468 1301 1531; x_wconf 84' lang='lat' dir='ltr'><strong>sanetis</strong></span> <span class='ocrx_word' id='word_1_67' title='bbox 1317 1469 1400 1533; x_wconf 89' lang='lat' dir='ltr'><strong>viris</strong></span> <span class='ocrx_word' id='word_1_68' title='bbox 1416 1487 1484 1532; x_wconf 87' lang='lat' dir='ltr'>non</span> <span class='ocrx_word' id='word_1_69' title='bbox 1507 1472 1668 1552; x_wconf 79' lang='lat' dir='ltr'><strong>competit</strong></span> <span class='ocrx_word' id='word_1_70' title='bbox 1685 1470 1844 1550; x_wconf 81' lang='lat' dir='ltr'><strong>judicari,</strong></span> 
     </span>
     <span class='ocr_line' id='line_1_9' title="bbox 296 1567 1843 1657; baseline -0.002 -18"><span class='ocrx_word' id='word_1_71' title='bbox 296 1577 333 1639; x_wconf 88' lang='grc' dir='ltr'>τό</span> <span class='ocrx_word' id='word_1_72' title='bbox 348 1571 569 1657; x_wconf 87' lang='grc' dir='ltr'>διακρίνεσθαι.</span> <span class='ocrx_word' id='word_1_73' title='bbox 592 1568 749 1654; x_wconf 88' lang='grc' dir='ltr'>Διακρίνει</span> <span class='ocrx_word' id='word_1_74' title='bbox 763 1570 825 1654; x_wconf 85' lang='grc' dir='ltr'>γάρ</span> <span class='ocrx_word' id='word_1_75' title='bbox 849 1568 971 1650; x_wconf 81' lang='grc' dir='ltr'>αὐτοὺς,</span> <span class='ocrx_word' id='word_1_76' title='bbox 988 1567 1047 1631; x_wconf 79' lang='lat' dir='ltr'><strong>‹ire-</strong></span> <span class='ocrx_word' id='word_1_77' title='bbox 1081 1570 1149 1634; x_wconf 79' lang='lat' dir='ltr'><strong>sed</strong></span> <span class='ocrx_word' id='word_1_78' title='bbox 1162 1572 1387 1650; x_wconf 78' lang='lat' dir='ltr'><strong>multomagis</strong></span> <span class='ocrx_word' id='word_1_79' title='bbox 1405 1573 1561 1638; x_wconf 81' lang='lat' dir='ltr'><strong>discerni.</strong></span> <span class='ocrx_word' id='word_1_80' title='bbox 1570 1575 1740 1638; x_wconf 83' lang='lat' dir='ltr'><strong>Discernit</strong></span> <span class='ocrx_word' id='word_1_81' title='bbox 1752 1576 1843 1638; x_wconf 91' lang='lat' dir='ltr'><strong>euim</strong></span> 
     </span>
     <span class='ocr_line' id='line_1_10' title="bbox 298 1670 1845 1762; baseline 0 -20"><span class='ocrx_word' id='word_1_82' title='bbox 298 1698 356 1761; x_wconf 90' lang='grc' dir='ltr'>περ</span> <span class='ocrx_word' id='word_1_83' title='bbox 381 1674 527 1762; x_wconf 87' lang='grc' dir='ltr'>βασιλεὺς</span> <span class='ocrx_word' id='word_1_84' title='bbox 542 1674 576 1739; x_wconf 85' lang='grc' dir='ltr'>ἐν</span> <span class='ocrx_word' id='word_1_85' title='bbox 597 1670 704 1759; x_wconf 76' lang='grc' dir='ltr'>ἡμέρᾳ</span> <span class='ocrx_word' id='word_1_86' title='bbox 725 1673 830 1758; x_wconf 87' lang='grc' dir='ltr'>ίλαρᾷ,</span> <span class='ocrx_word' id='word_1_87' title='bbox 854 1673 988 1737; x_wconf 75' lang='grc' dir='ltr'>ἕκαστον</span> <span class='ocrx_word' id='word_1_88' title='bbox 1011 1671 1047 1737; x_wconf 88' lang='grc' dir='ltr'>ἀ·</span> <span class='ocrx_word' id='word_1_89' title='bbox 1091 1691 1157 1754; x_wconf 77' lang='grc' dir='ltr'>σου,</span> <span class='ocrx_word' id='word_1_90' title='bbox 1176 1679 1215 1738; x_wconf 89' lang='grc' dir='ltr'>ιιι</span> <span class='ocrx_word' id='word_1_91' title='bbox 1230 1693 1290 1738; x_wconf 78' lang='lat' dir='ltr'><strong>rex</strong></span> <span class='ocrx_word' id='word_1_92' title='bbox 1305 1677 1341 1740; x_wconf 90' lang='lat' dir='ltr'>in</span> <span class='ocrx_word' id='word_1_93' title='bbox 1356 1679 1499 1741; x_wconf 84' lang='lat' dir='ltr'>solemni</span> <span class='ocrx_word' id='word_1_94' title='bbox 1515 1683 1549 1740; x_wconf 88' lang='lat' dir='ltr'><strong>et</strong></span> <span class='ocrx_word' id='word_1_95' title='bbox 1564 1677 1676 1742; x_wconf 82' lang='lat' dir='ltr'><strong>fausta</strong></span> <span class='ocrx_word' id='word_1_96' title='bbox 1691 1679 1756 1758; x_wconf 91' lang='lat' dir='ltr'><strong>die,</strong></span> <span class='ocrx_word' id='word_1_97' title='bbox 1774 1680 1845 1742; x_wconf 86' lang='lat' dir='ltr'><strong>eui-</strong></span> 
     </span>
     <span class='ocr_line' id='line_1_11' title="bbox 299 1774 1845 1870; baseline 0.002 -27"><span class='ocrx_word' id='word_1_98' title='bbox 299 1777 480 1864; x_wconf 86' lang='grc' dir='ltr'>μειόόμενος</span> <span class='ocrx_word' id='word_1_99' title='bbox 504 1787 565 1843; x_wconf 92' lang='grc' dir='ltr'>τῶν</span> <span class='ocrx_word' id='word_1_100' title='bbox 588 1777 772 1863; x_wconf 80' lang='grc' dir='ltr'>ἀξιωμάτων</span> <span class='ocrx_word' id='word_1_101' title='bbox 788 1785 888 1862; x_wconf 82' lang='grc' dir='ltr'>τιμῆς.</span> <span class='ocrx_word' id='word_1_102' title='bbox 913 1774 966 1852; x_wconf 88' lang='grc' dir='ltr'>Τίς</span> <span class='ocrx_word' id='word_1_103' title='bbox 991 1777 1048 1862; x_wconf 83' lang='grc' dir='ltr'>μὲν</span> <span class='ocrx_word' id='word_1_104' title='bbox 1091 1795 1157 1860; x_wconf 88' lang='lat' dir='ltr'><strong>que</strong></span> <span class='ocrx_word' id='word_1_105' title='bbox 1173 1780 1389 1860; x_wconf 89' lang='lat' dir='ltr'><strong>distribuens,</strong></span> <span class='ocrx_word' id='word_1_106' title='bbox 1405 1788 1506 1870; x_wconf 79' lang='lat' dir='ltr'><strong>prout</strong></span> <span class='ocrx_word' id='word_1_107' title='bbox 1522 1783 1620 1861; x_wconf 85' lang='lat' dir='ltr'>digni</span> <span class='ocrx_word' id='word_1_108' title='bbox 1634 1787 1724 1863; x_wconf 84' lang='lat' dir='ltr'><strong>sunt,</strong></span> <span class='ocrx_word' id='word_1_109' title='bbox 1742 1782 1845 1846; x_wconf 68' lang='lat' dir='ltr'><strong>hone</strong></span> 
     </span>
     <span class='ocr_line' id='line_1_12' title="bbox 296 1878 1846 1968; baseline 0.002 -22"><span class='ocrx_word' id='word_1_110' title='bbox 296 1882 382 1962; x_wconf 81' lang='grc' dir='ltr'>ἀξιος</span> <span class='ocrx_word' id='word_1_111' title='bbox 405 1882 580 1968; x_wconf 68' lang='grc' dir='ltr'>ἀναστῆναι</span> <span class='ocrx_word' id='word_1_112' title='bbox 601 1883 661 1967; x_wconf 79' lang='grc' dir='ltr'>τὴν</span> <span class='ocrx_word' id='word_1_113' title='bbox 677 1881 849 1946; x_wconf 85' lang='grc' dir='ltr'>ἀνάστασιν</span> <span class='ocrx_word' id='word_1_114' title='bbox 872 1883 931 1966; x_wconf 78' lang='grc' dir='ltr'>ιην</span> <span class='ocrx_word' id='word_1_115' title='bbox 952 1879 994 1958; x_wconf 82' lang='grc' dir='ltr'>ῶς</span> <span class='ocrx_word' id='word_1_116' title='bbox 1008 1878 1046 1964; x_wconf 78' lang='grc' dir='ltr'>ἡ·</span> <span class='ocrx_word' id='word_1_117' title='bbox 1091 1903 1172 1948; x_wconf 92' lang='lat' dir='ltr'><strong>rem.</strong></span> <span class='ocrx_word' id='word_1_118' title='bbox 1202 1887 1283 1962; x_wconf 85' lang='lat' dir='ltr'><strong>Quis</strong></span> <span class='ocrx_word' id='word_1_119' title='bbox 1309 1903 1389 1949; x_wconf 84' lang='lat' dir='ltr'><strong>vero</strong></span> <span class='ocrx_word' id='word_1_120' title='bbox 1417 1886 1544 1966; x_wconf 85' lang='lat' dir='ltr'><strong>diguus</strong></span> <span class='ocrx_word' id='word_1_121' title='bbox 1575 1889 1639 1950; x_wconf 89' lang='lat' dir='ltr'><strong>erit</strong></span> <span class='ocrx_word' id='word_1_122' title='bbox 1670 1887 1706 1950; x_wconf 93' lang='lat' dir='ltr'>iu</span> <span class='ocrx_word' id='word_1_123' title='bbox 1736 1903 1846 1950; x_wconf 87' lang='lat' dir='ltr'><strong>resur-</strong></span> 
     </span>
     <span class='ocr_line' id='line_1_13' title="bbox 297 1983 1845 2072; baseline 0.001 -20"><span class='ocrx_word' id='word_1_124' title='bbox 297 1987 383 2072; x_wconf 74' lang='lat' dir='ltr'><strong>tt0u3</strong></span> <span class='ocrx_word' id='word_1_125' title='bbox 400 1987 445 2064; x_wconf 91' lang='grc' dir='ltr'>τίς</span> <span class='ocrx_word' id='word_1_126' title='bbox 465 1987 500 2051; x_wconf 85' lang='grc' dir='ltr'>δὲ</span> <span class='ocrx_word' id='word_1_127' title='bbox 523 1987 582 2072; x_wconf 76' lang='grc' dir='ltr'>τὴν</span> <span class='ocrx_word' id='word_1_128' title='bbox 605 1985 647 2062; x_wconf 86' lang='grc' dir='ltr'>ῶς</span> <span class='ocrx_word' id='word_1_129' title='bbox 671 1983 826 2070; x_wconf 76' lang='grc' dir='ltr'>σελήνηςς</span> <span class='ocrx_word' id='word_1_130' title='bbox 849 1986 904 2049; x_wconf 87' lang='grc' dir='ltr'>καί</span> <span class='ocrx_word' id='word_1_131' title='bbox 926 1984 972 2061; x_wconf 89' lang='grc' dir='ltr'>τίς</span> <span class='ocrx_word' id='word_1_132' title='bbox 988 1985 1046 2068; x_wconf 69' lang='grc' dir='ltr'>τὴν</span> <span class='ocrx_word' id='word_1_133' title='bbox 1091 1990 1240 2053; x_wconf 84' lang='lat' dir='ltr'><strong>rectione</strong></span> <span class='ocrx_word' id='word_1_134' title='bbox 1256 2007 1424 2070; x_wconf 80' lang='lat' dir='ltr'><strong>exurgere</strong></span> <span class='ocrx_word' id='word_1_135' title='bbox 1442 1996 1482 2054; x_wconf 85' lang='lat' dir='ltr'>ut</span> <span class='ocrx_word' id='word_1_136' title='bbox 1502 1993 1576 2055; x_wconf 74' lang='lat' dir='ltr'><strong>sol?</strong></span> <span class='ocrx_word' id='word_1_137' title='bbox 1598 1993 1678 2067; x_wconf 87' lang='lat' dir='ltr'><strong>Quis</strong></span> <span class='ocrx_word' id='word_1_138' title='bbox 1701 2009 1845 2070; x_wconf 76' lang='lat' dir='ltr'><strong>exurge-</strong></span> 
     </span>
     <span class='ocr_line' id='line_1_14' title="bbox 296 2087 1844 2176; baseline 0.001 -20"><span class='ocrx_word' id='word_1_139' title='bbox 296 2091 339 2170; x_wconf 82' lang='grc' dir='ltr'>ὡς</span> <span class='ocrx_word' id='word_1_140' title='bbox 362 2089 521 2175; x_wconf 75' lang='grc' dir='ltr'>ἀστέρωνς</span> <span class='ocrx_word' id='word_1_141' title='bbox 553 2088 711 2174; x_wconf 76' lang='grc' dir='ltr'>Στησεται</span> <span class='ocrx_word' id='word_1_142' title='bbox 734 2090 788 2153; x_wconf 79' lang='grc' dir='ltr'>οὖν</span> <span class='ocrx_word' id='word_1_143' title='bbox 818 2087 852 2152; x_wconf 77' lang='grc' dir='ltr'>ἰν</span> <span class='ocrx_word' id='word_1_144' title='bbox 877 2098 1044 2174; x_wconf 75' lang='grc' dir='ltr'>συναγωγῇ</span> <span class='ocrx_word' id='word_1_145' title='bbox 1091 2110 1127 2155; x_wconf 89' lang='lat' dir='ltr'><strong>re</strong></span> <span class='ocrx_word' id='word_1_146' title='bbox 1143 2097 1182 2157; x_wconf 88' lang='lat' dir='ltr'>ut</span> <span class='ocrx_word' id='word_1_147' title='bbox 1197 2094 1303 2156; x_wconf 78' lang='lat' dir='ltr'><strong>luna?</strong></span> <span class='ocrx_word' id='word_1_148' title='bbox 1319 2096 1395 2176; x_wconf 87' lang='lat' dir='ltr'><strong>quis</strong></span> <span class='ocrx_word' id='word_1_149' title='bbox 1411 2101 1630 2174; x_wconf 82' lang='lat' dir='ltr'><strong>exurgerent</strong></span> <span class='ocrx_word' id='word_1_150' title='bbox 1644 2098 1758 2160; x_wconf 77' lang='lat' dir='ltr'><strong>astra?</strong></span> <span class='ocrx_word' id='word_1_151' title='bbox 1773 2098 1844 2158; x_wconf 82' lang='lat' dir='ltr'><strong>Sta·</strong></span> 
     </span>
     <span class='ocr_line' id='line_1_15' title="bbox 295 2192 1846 2283; baseline 0.003 -23"><span class='ocrx_word' id='word_1_152' title='bbox 295 2195 391 2276; x_wconf 87' lang='grc' dir='ltr'>θεῶν,</span> <span class='ocrx_word' id='word_1_153' title='bbox 414 2196 473 2258; x_wconf 81' lang='grc' dir='ltr'>οῶκ</span> <span class='ocrx_word' id='word_1_154' title='bbox 496 2192 676 2279; x_wconf 81' lang='grc' dir='ltr'>ἀνθρώπων,</span> <span class='ocrx_word' id='word_1_155' title='bbox 699 2195 772 2279; x_wconf 78' lang='grc' dir='ltr'>ἤτοι</span> <span class='ocrx_word' id='word_1_156' title='bbox 794 2192 865 2258; x_wconf 90' lang='grc' dir='ltr'>κατ’</span> <span class='ocrx_word' id='word_1_157' title='bbox 881 2192 1045 2278; x_wconf 89' lang='grc' dir='ltr'>άνθρωπον</span> <span class='ocrx_word' id='word_1_158' title='bbox 1090 2199 1142 2261; x_wconf 91' lang='lat' dir='ltr'>bit</span> <span class='ocrx_word' id='word_1_159' title='bbox 1158 2199 1318 2277; x_wconf 83' lang='lat' dir='ltr'><strong>igituriu</strong></span> <span class='ocrx_word' id='word_1_160' title='bbox 1336 2217 1516 2283; x_wconf 83' lang='lat' dir='ltr'><strong>synagoga</strong></span> <span class='ocrx_word' id='word_1_161' title='bbox 1532 2201 1682 2282; x_wconf 90' lang='lat' dir='ltr'><strong>deorum,</strong></span> <span class='ocrx_word' id='word_1_162' title='bbox 1702 2220 1769 2265; x_wconf 89' lang='lat' dir='ltr'>non</span> <span class='ocrx_word' id='word_1_163' title='bbox 1788 2202 1846 2264; x_wconf 72' lang='lat' dir='ltr'>hu</span> 
     </span>
     <span class='ocr_line' id='line_1_16' title="bbox 295 2295 1845 2385; baseline 0.003 -21"><span class='ocrx_word' id='word_1_164' title='bbox 295 2299 556 2384; x_wconf 81' lang='grc' dir='ltr'>περιπατούντων,</span> <span class='ocrx_word' id='word_1_165' title='bbox 576 2301 630 2363; x_wconf 80' lang='grc' dir='ltr'>καί</span> <span class='ocrx_word' id='word_1_166' title='bbox 646 2298 804 2383; x_wconf 87' lang='grc' dir='ltr'>διακρινεῖ.</span> <span class='ocrx_word' id='word_1_167' title='bbox 829 2295 883 2374; x_wconf 85' lang='grc' dir='ltr'>Τίς</span> <span class='ocrx_word' id='word_1_168' title='bbox 900 2299 957 2382; x_wconf 80' lang='grc' dir='ltr'>μὲν</span> <span class='ocrx_word' id='word_1_169' title='bbox 975 2297 1044 2361; x_wconf 76' lang='grc' dir='ltr'>τοὺ·</span> <span class='ocrx_word' id='word_1_170' title='bbox 1091 2304 1234 2381; x_wconf 89' lang='lat' dir='ltr'><strong>minum,</strong></span> <span class='ocrx_word' id='word_1_171' title='bbox 1251 2304 1323 2367; x_wconf 87' lang='lat' dir='ltr'><strong>sive</strong></span> <span class='ocrx_word' id='word_1_172' title='bbox 1343 2308 1383 2367; x_wconf 94' lang='lat' dir='ltr'>ut</span> <span class='ocrx_word' id='word_1_173' title='bbox 1404 2305 1505 2367; x_wconf 88' lang='lat' dir='ltr'><strong>homo</strong></span> <span class='ocrx_word' id='word_1_174' title='bbox 1527 2306 1788 2385; x_wconf 81' lang='lat' dir='ltr'><strong>ambulantium,</strong></span> <span class='ocrx_word' id='word_1_175' title='bbox 1812 2310 1845 2368; x_wconf 89' lang='lat' dir='ltr'><strong>et</strong></span> 
     </span>
     <span class='ocr_line' id='line_1_17' title="bbox 296 2400 1844 2488; baseline 0.003 -20"><span class='ocrx_word' id='word_1_176' title='bbox 296 2425 358 2468; x_wconf 90' lang='grc' dir='ltr'>των</span> <span class='ocrx_word' id='word_1_177' title='bbox 373 2413 434 2468; x_wconf 87' lang='grc' dir='ltr'>τῶν</span> <span class='ocrx_word' id='word_1_178' title='bbox 457 2402 535 2468; x_wconf 89' lang='grc' dir='ltr'>θεῶν</span> <span class='ocrx_word' id='word_1_179' title='bbox 552 2402 705 2488; x_wconf 88' lang='grc' dir='ltr'>ἀνόλογον</span> <span class='ocrx_word' id='word_1_180' title='bbox 726 2400 818 2485; x_wconf 75' lang='grc' dir='ltr'>ἡλίου</span> <span class='ocrx_word' id='word_1_181' title='bbox 841 2401 934 2481; x_wconf 80' lang='grc' dir='ltr'>δόξαν</span> <span class='ocrx_word' id='word_1_182' title='bbox 958 2403 1045 2486; x_wconf 77' lang='grc' dir='ltr'>ἔχεις</span> <span class='ocrx_word' id='word_1_183' title='bbox 1087 2404 1265 2485; x_wconf 81' lang='lat' dir='ltr'><strong>judicabit.</strong></span> <span class='ocrx_word' id='word_1_184' title='bbox 1283 2409 1364 2482; x_wconf 87' lang='lat' dir='ltr'><strong>Quis</strong></span> <span class='ocrx_word' id='word_1_185' title='bbox 1379 2425 1460 2471; x_wconf 88' lang='lat' dir='ltr'><strong>vero</strong></span> <span class='ocrx_word' id='word_1_186' title='bbox 1475 2409 1536 2473; x_wconf 88' lang='lat' dir='ltr'>hos</span> <span class='ocrx_word' id='word_1_187' title='bbox 1560 2411 1648 2472; x_wconf 87' lang='lat' dir='ltr'><strong>inter</strong></span> <span class='ocrx_word' id='word_1_188' title='bbox 1670 2409 1749 2473; x_wconf 88' lang='lat' dir='ltr'><strong>deos</strong></span> <span class='ocrx_word' id='word_1_189' title='bbox 1772 2411 1844 2488; x_wconf 87' lang='lat' dir='ltr'><strong>glo·</strong></span> 
     </span>
     <span class='ocr_line' id='line_1_18' title="bbox 296 2504 1844 2594; baseline 0.003 -21"><span class='ocrx_word' id='word_1_190' title='bbox 296 2509 342 2588; x_wconf 87' lang='grc' dir='ltr'>τίς</span> <span class='ocrx_word' id='word_1_191' title='bbox 357 2509 391 2573; x_wconf 90' lang='grc' dir='ltr'>δε</span> <span class='ocrx_word' id='word_1_192' title='bbox 406 2507 560 2593; x_wconf 79' lang='grc' dir='ltr'>σελήνης;</span> <span class='ocrx_word' id='word_1_193' title='bbox 584 2506 629 2585; x_wconf 89' lang='grc' dir='ltr'>τίς</span> <span class='ocrx_word' id='word_1_194' title='bbox 644 2507 673 2571; x_wconf 83' lang='grc' dir='ltr'>δ’</span> <span class='ocrx_word' id='word_1_195' title='bbox 684 2506 842 2592; x_wconf 74' lang='grc' dir='ltr'>ἀστέρωνς</span> <span class='ocrx_word' id='word_1_196' title='bbox 857 2504 887 2571; x_wconf 90' lang='grc' dir='ltr'>τί</span> <span class='ocrx_word' id='word_1_197' title='bbox 909 2507 944 2572; x_wconf 81' lang='grc' dir='ltr'>δὲ</span> <span class='ocrx_word' id='word_1_198' title='bbox 965 2513 1049 2570; x_wconf 86' lang='grc' dir='ltr'>ποιεῖ</span> <span class='ocrx_word' id='word_1_199' title='bbox 1092 2509 1189 2588; x_wconf 87' lang='lat' dir='ltr'><strong>rium,</strong></span> <span class='ocrx_word' id='word_1_200' title='bbox 1202 2511 1313 2590; x_wconf 84' lang='lat' dir='ltr'><strong>qualis</strong></span> <span class='ocrx_word' id='word_1_201' title='bbox 1325 2512 1406 2574; x_wconf 87' lang='lat' dir='ltr'><strong>solis</strong></span> <span class='ocrx_word' id='word_1_202' title='bbox 1419 2517 1479 2592; x_wconf 88' lang='lat' dir='ltr'><strong>est,</strong></span> <span class='ocrx_word' id='word_1_203' title='bbox 1496 2512 1620 2577; x_wconf 79' lang='lat' dir='ltr'><strong>hebet?</strong></span> <span class='ocrx_word' id='word_1_204' title='bbox 1636 2515 1716 2589; x_wconf 86' lang='lat' dir='ltr'><strong>Quis</strong></span> <span class='ocrx_word' id='word_1_205' title='bbox 1733 2516 1844 2594; x_wconf 82' lang='lat' dir='ltr'><strong>qualis</strong></span> 
     </span>
     <span class='ocr_line' id='line_1_19' title="bbox 295 2609 1844 2700; baseline 0.001 -22"><span class='ocrx_word' id='word_1_206' title='bbox 295 2612 380 2700; x_wconf 83' lang='grc' dir='ltr'>ἡμᾶς</span> <span class='ocrx_word' id='word_1_207' title='bbox 407 2612 588 2698; x_wconf 80' lang='grc' dir='ltr'>ἀνθρώπους</span> <span class='ocrx_word' id='word_1_208' title='bbox 614 2611 768 2691; x_wconf 83' lang='grc' dir='ltr'>πεσόντας</span> <span class='ocrx_word' id='word_1_209' title='bbox 795 2611 859 2676; x_wconf 85' lang='grc' dir='ltr'>ἀπὸ</span> <span class='ocrx_word' id='word_1_210' title='bbox 892 2619 950 2695; x_wconf 76' lang='grc' dir='ltr'>τῆς</span> <span class='ocrx_word' id='word_1_211' title='bbox 975 2609 1048 2675; x_wconf 84' lang='grc' dir='ltr'>θεό</span> <span class='ocrx_word' id='word_1_212' title='bbox 1092 2615 1143 2674; x_wconf 89' lang='lat' dir='ltr'><strong>est</strong></span> <span class='ocrx_word' id='word_1_213' title='bbox 1169 2613 1283 2676; x_wconf 77' lang='lat' dir='ltr'><strong>luuae?</strong></span> <span class='ocrx_word' id='word_1_214' title='bbox 1311 2615 1402 2694; x_wconf 87' lang='lat' dir='ltr'><strong>Quis,</strong></span> <span class='ocrx_word' id='word_1_215' title='bbox 1426 2618 1536 2696; x_wconf 80' lang='lat' dir='ltr'><strong>qualis</strong></span> <span class='ocrx_word' id='word_1_216' title='bbox 1559 2617 1732 2680; x_wconf 81' lang='lat' dir='ltr'><strong>siderum?</strong></span> <span class='ocrx_word' id='word_1_217' title='bbox 1757 2617 1844 2693; x_wconf 87' lang='lat' dir='ltr'>Quid</span> 
     </span>
     <span class='ocr_line' id='line_1_20' title="bbox 295 2713 1844 2803; baseline 0.003 -21"><span class='ocrx_word' id='word_1_218' title='bbox 295 2738 407 2802; x_wconf 88' lang='grc' dir='ltr'>τητος;</span> <span class='ocrx_word' id='word_1_219' title='bbox 430 2715 552 2783; x_wconf 88' lang='grc' dir='ltr'>Ἀκουε</span> <span class='ocrx_word' id='word_1_220' title='bbox 575 2716 703 2783; x_wconf 89' lang='grc' dir='ltr'>Πάυλυυ</span> <span class='ocrx_word' id='word_1_221' title='bbox 726 2719 796 2803; x_wconf 88' lang='grc' dir='ltr'>περὶ</span> <span class='ocrx_word' id='word_1_222' title='bbox 819 2725 880 2781; x_wconf 92' lang='grc' dir='ltr'>τῶν</span> <span class='ocrx_word' id='word_1_223' title='bbox 905 2713 1048 2801; x_wconf 81' lang='grc' dir='ltr'>μικροτί-</span> <span class='ocrx_word' id='word_1_224' title='bbox 1092 2733 1171 2778; x_wconf 81' lang='lat' dir='ltr'><strong>vero</strong></span> <span class='ocrx_word' id='word_1_225' title='bbox 1187 2715 1269 2791; x_wconf 82' lang='lat' dir='ltr'><strong>fucit</strong></span> <span class='ocrx_word' id='word_1_226' title='bbox 1291 2735 1352 2782; x_wconf 86' lang='lat' dir='ltr'>nos</span> <span class='ocrx_word' id='word_1_227' title='bbox 1367 2719 1521 2784; x_wconf 87' lang='lat' dir='ltr'><strong>homines</strong></span> <span class='ocrx_word' id='word_1_228' title='bbox 1539 2739 1559 2784; x_wconf 80' lang='lat' dir='ltr'><strong>a</strong></span> <span class='ocrx_word' id='word_1_229' title='bbox 1574 2721 1698 2786; x_wconf 81' lang='lat' dir='ltr'>deitate</span> <span class='ocrx_word' id='word_1_230' title='bbox 1714 2722 1844 2787; x_wconf 81' lang='lat' dir='ltr'><strong>excide-</strong></span> 
     </span>
     <span class='ocr_line' id='line_1_21' title="bbox 297 2815 1844 2908; baseline 0.001 -21"><span class='ocrx_word' id='word_1_231' title='bbox 297 2844 358 2908; x_wconf 94' lang='grc' dir='ltr'>ρων</span> <span class='ocrx_word' id='word_1_232' title='bbox 378 2821 526 2908; x_wconf 77' lang='grc' dir='ltr'>λέγοντος</span> <span class='ocrx_word' id='word_1_233' title='bbox 541 2821 792 2907; x_wconf 79' lang='grc' dir='ltr'>ἁμαρτημάτων·</span> <span class='ocrx_word' id='word_1_234' title='bbox 815 2815 919 2885; x_wconf 87' lang='grc' dir='ltr'>Ὅπου</span> <span class='ocrx_word' id='word_1_235' title='bbox 943 2820 999 2906; x_wconf 82' lang='grc' dir='ltr'>μὲν</span> <span class='ocrx_word' id='word_1_236' title='bbox 1015 2819 1049 2884; x_wconf 79' lang='grc' dir='ltr'>ἐν</span> <span class='ocrx_word' id='word_1_237' title='bbox 1092 2821 1159 2883; x_wconf 74' lang='lat' dir='ltr'><strong>re?</strong></span> <span class='ocrx_word' id='word_1_238' title='bbox 1185 2821 1273 2885; x_wconf 84' lang='lat' dir='ltr'><strong>Audi</strong></span> <span class='ocrx_word' id='word_1_239' title='bbox 1299 2823 1443 2887; x_wconf 83' lang='lat' dir='ltr'><strong>Paulum</strong></span> <span class='ocrx_word' id='word_1_240' title='bbox 1470 2824 1689 2888; x_wconf 80' lang='lat' dir='ltr'><strong>disserentem</strong></span> <span class='ocrx_word' id='word_1_241' title='bbox 1720 2824 1760 2890; x_wconf 88' lang='lat' dir='ltr'><strong>de</strong></span> <span class='ocrx_word' id='word_1_242' title='bbox 1783 2827 1844 2888; x_wconf 93' lang='lat' dir='ltr'>mi-</span> 
     </span>
     <span class='ocr_line' id='line_1_22' title="bbox 296 2923 1844 3014; baseline -0.001 -21"><span class='ocrx_word' id='word_1_243' title='bbox 296 2929 368 3014; x_wconf 81' lang='grc' dir='ltr'>όμῖν</span> <span class='ocrx_word' id='word_1_244' title='bbox 394 2926 491 3014; x_wconf 79' lang='grc' dir='ltr'>ζῆλος</span> <span class='ocrx_word' id='word_1_245' title='bbox 513 2928 568 2991; x_wconf 85' lang='grc' dir='ltr'>καὶ</span> <span class='ocrx_word' id='word_1_246' title='bbox 590 2928 672 3012; x_wconf 81' lang='grc' dir='ltr'>ἔρις;</span> <span class='ocrx_word' id='word_1_247' title='bbox 696 2927 766 3012; x_wconf 85' lang='grc' dir='ltr'>οθχί</span> <span class='ocrx_word' id='word_1_248' title='bbox 790 2923 936 3010; x_wconf 78' lang='grc' dir='ltr'>σαρκικοί</span> <span class='ocrx_word' id='word_1_249' title='bbox 959 2925 1049 2994; x_wconf 75' lang='grc' dir='ltr'>ἐστεὶ</span> <span class='ocrx_word' id='word_1_250' title='bbox 1092 2924 1231 2989; x_wconf 78' lang='lat' dir='ltr'><strong>notibus</strong></span> <span class='ocrx_word' id='word_1_251' title='bbox 1245 2928 1402 3008; x_wconf 83' lang='lat' dir='ltr'><strong>peccatis.</strong></span> <span class='ocrx_word' id='word_1_252' title='bbox 1432 2950 1449 2988; x_wconf 91' lang='lat'>«</span> <span class='ocrx_word' id='word_1_253' title='bbox 1463 2929 1528 2993; x_wconf 91' lang='lat' dir='ltr'>Ubi</span> <span class='ocrx_word' id='word_1_254' title='bbox 1539 2928 1611 3009; x_wconf 75' lang='lat' dir='ltr'>Jum</span> <span class='ocrx_word' id='word_1_255' title='bbox 1627 2930 1662 2992; x_wconf 90' lang='lat' dir='ltr'>in</span> <span class='ocrx_word' id='word_1_256' title='bbox 1682 2929 1777 2993; x_wconf 87' lang='lat' dir='ltr'><strong>vobis</strong></span> <span class='ocrx_word' id='word_1_257' title='bbox 1793 2935 1844 2992; x_wconf 85' lang='lat' dir='ltr'><strong>est</strong></span> 
     </span>
     <span class='ocr_line' id='line_1_23' title="bbox 296 3027 1842 3117; baseline -0.002 -20"><span class='ocrx_word' id='word_1_258' title='bbox 296 3034 351 3097; x_wconf 86' lang='grc' dir='ltr'>καὶ</span> <span class='ocrx_word' id='word_1_259' title='bbox 365 3034 449 3097; x_wconf 78' lang='grc' dir='ltr'>κατὰ</span> <span class='ocrx_word' id='word_1_260' title='bbox 461 3031 623 3117; x_wconf 88' lang='grc' dir='ltr'>ἀνθρωπον</span> <span class='ocrx_word' id='word_1_261' title='bbox 634 3039 851 3116; x_wconf 85' lang='grc' dir='ltr'>περιπατεῖτε;</span> <span class='ocrx_word' id='word_1_262' title='bbox 867 3027 974 3094; x_wconf 84' lang='grc' dir='ltr'>Κάκεῖ</span> <span class='ocrx_word' id='word_1_263' title='bbox 986 3031 1047 3114; x_wconf 80' lang='grc' dir='ltr'>γάρ</span> <span class='ocrx_word' id='word_1_264' title='bbox 1092 3031 1185 3093; x_wconf 81' lang='lat' dir='ltr'><strong>zelus</strong></span> <span class='ocrx_word' id='word_1_265' title='bbox 1197 3035 1232 3093; x_wconf 90' lang='lat' dir='ltr'><strong>et</strong></span> <span class='ocrx_word' id='word_1_266' title='bbox 1241 3033 1435 3095; x_wconf 74' lang='lat' dir='ltr'><strong>eontentio?</strong></span> <span class='ocrx_word' id='word_1_267' title='bbox 1446 3050 1557 3096; x_wconf 87' lang='lat' dir='ltr'><strong>nonne</strong></span> <span class='ocrx_word' id='word_1_268' title='bbox 1570 3034 1722 3097; x_wconf 80' lang='lat' dir='ltr'><strong>carnales</strong></span> <span class='ocrx_word' id='word_1_269' title='bbox 1738 3035 1842 3097; x_wconf 79' lang='lat' dir='ltr'><strong>estis?</strong></span> 
     </span>
     <span class='ocr_line' id='line_1_24' title="bbox 300 3131 1842 3223; baseline 0 -21"><span class='ocrx_word' id='word_1_270' title='bbox 300 3139 467 3222; x_wconf 92' lang='grc' dir='ltr'>μονονουχί</span> <span class='ocrx_word' id='word_1_271' title='bbox 490 3138 606 3223; x_wconf 85' lang='grc' dir='ltr'>ίκραγε</span> <span class='ocrx_word' id='word_1_272' title='bbox 620 3137 675 3201; x_wconf 86' lang='grc' dir='ltr'>καὶ</span> <span class='ocrx_word' id='word_1_273' title='bbox 698 3133 800 3220; x_wconf 84' lang='grc' dir='ltr'>λέγει·</span> <span class='ocrx_word' id='word_1_274' title='bbox 815 3131 853 3198; x_wconf 89' lang='lat'>‘0</span> <span class='ocrx_word' id='word_1_275' title='bbox 871 3133 927 3219; x_wconf 83' lang='grc' dir='ltr'>μὲν</span> <span class='ocrx_word' id='word_1_276' title='bbox 943 3131 1050 3218; x_wconf 83' lang='grc' dir='ltr'>Λόγος</span> <span class='ocrx_word' id='word_1_277' title='bbox 1093 3134 1137 3196; x_wconf 82' lang='lat' dir='ltr'>Et</span> <span class='ocrx_word' id='word_1_278' title='bbox 1150 3134 1338 3198; x_wconf 86' lang='lat' dir='ltr'><strong>seeundum</strong></span> <span class='ocrx_word' id='word_1_279' title='bbox 1354 3136 1526 3200; x_wconf 88' lang='lat' dir='ltr'><strong>homiuem</strong></span> <span class='ocrx_word' id='word_1_280' title='bbox 1539 3138 1762 3202; x_wconf 72' lang='lat' dir='ltr'><strong>ambulatur»</strong></span> <span class='ocrx_word' id='word_1_281' title='bbox 1772 3140 1842 3202; x_wconf 86' lang='grc' dir='ltr'>Ηοο</span> 
     </span>
     <span class='ocr_line' id='line_1_25' title="bbox 297 3238 1843 3327; baseline -0.001 -22"><span class='ocrx_word' id='word_1_282' title='bbox 297 3241 377 3327; x_wconf 83' lang='grc' dir='ltr'>ὑμᾶς</span> <span class='ocrx_word' id='word_1_283' title='bbox 393 3239 557 3325; x_wconf 83' lang='grc' dir='ltr'>ἐκάλεσεν,</span> <span class='ocrx_word' id='word_1_284' title='bbox 580 3244 632 3307; x_wconf 88' lang='grc' dir='ltr'>ίνα</span> <span class='ocrx_word' id='word_1_285' title='bbox 653 3242 711 3327; x_wconf 70' lang='lat' dir='ltr'><strong>dte</strong></span> <span class='ocrx_word' id='word_1_286' title='bbox 733 3239 825 3304; x_wconf 84' lang='grc' dir='ltr'>θεοί·</span> <span class='ocrx_word' id='word_1_287' title='bbox 848 3240 935 3324; x_wconf 80' lang='grc' dir='ltr'>ὑμεῖς</span> <span class='ocrx_word' id='word_1_288' title='bbox 957 3238 993 3303; x_wconf 81' lang='grc' dir='ltr'>δὲ</span> <span class='ocrx_word' id='word_1_289' title='bbox 1013 3239 1050 3302; x_wconf 81' lang='grc' dir='ltr'>οὐ</span> <span class='ocrx_word' id='word_1_290' title='bbox 1092 3256 1174 3302; x_wconf 87' lang='lat' dir='ltr'><strong>saue</strong></span> <span class='ocrx_word' id='word_1_291' title='bbox 1198 3240 1245 3303; x_wconf 91' lang='lat' dir='ltr'>ibi</span> <span class='ocrx_word' id='word_1_292' title='bbox 1269 3245 1403 3303; x_wconf 84' lang='lat' dir='ltr'><strong>tentum</strong></span> <span class='ocrx_word' id='word_1_293' title='bbox 1426 3259 1493 3304; x_wconf 92' lang='lat' dir='ltr'>non</span> <span class='ocrx_word' id='word_1_294' title='bbox 1516 3243 1686 3321; x_wconf 77' lang='lat' dir='ltr'><strong>clamavit,</strong></span> <span class='ocrx_word' id='word_1_295' title='bbox 1709 3241 1843 3306; x_wconf 82' lang='lat' dir='ltr'><strong>dicens:</strong></span> 
     </span>
     <span class='ocr_line' id='line_1_26' title="bbox 297 3343 1842 3431; baseline 0 -23"><span class='ocrx_word' id='word_1_296' title='bbox 297 3343 447 3431; x_wconf 74' lang='grc' dir='ltr'>βούλεσθε</span> <span class='ocrx_word' id='word_1_297' title='bbox 470 3347 526 3422; x_wconf 78' lang='grc' dir='ltr'>τὰς</span> <span class='ocrx_word' id='word_1_298' title='bbox 548 3345 675 3430; x_wconf 84' lang='grc' dir='ltr'>πράξεις</span> <span class='ocrx_word' id='word_1_299' title='bbox 696 3355 751 3410; x_wconf 86' lang='grc' dir='ltr'>τοῦ</span> <span class='ocrx_word' id='word_1_300' title='bbox 777 3343 922 3431; x_wconf 81' lang='grc' dir='ltr'>σώματος</span> <span class='ocrx_word' id='word_1_301' title='bbox 948 3343 1048 3408; x_wconf 84' lang='grc' dir='ltr'>θανα-</span> <span class='ocrx_word' id='word_1_302' title='bbox 1092 3344 1241 3407; x_wconf 86' lang='lat' dir='ltr'><strong>Verbum</strong></span> <span class='ocrx_word' id='word_1_303' title='bbox 1257 3361 1316 3408; x_wconf 88' lang='lat' dir='ltr'>vos</span> <span class='ocrx_word' id='word_1_304' title='bbox 1331 3346 1474 3425; x_wconf 84' lang='lat' dir='ltr'><strong>vocavit,</strong></span> <span class='ocrx_word' id='word_1_305' title='bbox 1492 3350 1530 3408; x_wconf 89' lang='lat' dir='ltr'>ut</span> <span class='ocrx_word' id='word_1_306' title='bbox 1541 3345 1588 3408; x_wconf 93' lang='lat' dir='ltr'>dii</span> <span class='ocrx_word' id='word_1_307' title='bbox 1604 3345 1689 3408; x_wconf 79' lang='lat' dir='ltr'><strong>sitis,</strong></span> <span class='ocrx_word' id='word_1_308' title='bbox 1702 3348 1769 3410; x_wconf 84' lang='lat' dir='ltr'>Vos</span> <span class='ocrx_word' id='word_1_309' title='bbox 1784 3365 1842 3408; x_wconf 86' lang='lat' dir='ltr'>au·</span> 
     </span>
     <span class='ocr_line' id='line_1_27' title="bbox 296 3447 1841 3534; baseline -0.001 -22"><span class='ocrx_word' id='word_1_310' title='bbox 296 3457 379 3532; x_wconf 85' lang='grc' dir='ltr'>τοῦν,</span> <span class='ocrx_word' id='word_1_311' title='bbox 392 3451 443 3513; x_wconf 91' lang='grc' dir='ltr'>ίνα</span> <span class='ocrx_word' id='word_1_312' title='bbox 455 3448 667 3534; x_wconf 88' lang='grc' dir='ltr'>ἀποθεῶτητε.</span> <span class='ocrx_word' id='word_1_313' title='bbox 676 3447 767 3515; x_wconf 78' lang='grc' dir='ltr'>Ἀλλ’</span> <span class='ocrx_word' id='word_1_314' title='bbox 775 3447 951 3534; x_wconf 82' lang='grc' dir='ltr'>ἐρχομένην</span> <span class='ocrx_word' id='word_1_315' title='bbox 964 3447 1049 3516; x_wconf 81' lang='grc' dir='ltr'>Θεοῦ</span> <span class='ocrx_word' id='word_1_316' title='bbox 1091 3452 1160 3510; x_wconf 88' lang='lat' dir='ltr'><strong>tem</strong></span> <span class='ocrx_word' id='word_1_317' title='bbox 1177 3449 1291 3512; x_wconf 89' lang='lat' dir='ltr'><strong>nolitis</strong></span> <span class='ocrx_word' id='word_1_318' title='bbox 1307 3454 1403 3512; x_wconf 82' lang='lat' dir='ltr'><strong>ectus</strong></span> <span class='ocrx_word' id='word_1_319' title='bbox 1419 3450 1568 3530; x_wconf 87' lang='lat' dir='ltr'><strong>eorporis</strong></span> <span class='ocrx_word' id='word_1_320' title='bbox 1580 3452 1681 3514; x_wconf 90' lang='lat' dir='ltr'><strong>morti</strong></span> <span class='ocrx_word' id='word_1_321' title='bbox 1697 3451 1841 3528; x_wconf 79' lang='lat' dir='ltr'><strong>tradere,</strong></span> 
     </span>
     <span class='ocr_line' id='line_1_28' title="bbox 299 3550 1842 3638; baseline -0.002 -19"><span class='ocrx_word' id='word_1_322' title='bbox 299 3555 472 3638; x_wconf 86' lang='grc' dir='ltr'>δωρεὰνείς</span> <span class='ocrx_word' id='word_1_323' title='bbox 485 3555 565 3638; x_wconf 80' lang='grc' dir='ltr'>ὑμᾶς</span> <span class='ocrx_word' id='word_1_324' title='bbox 577 3563 727 3618; x_wconf 82' lang='grc' dir='ltr'>ποιοῦσαν</span> <span class='ocrx_word' id='word_1_325' title='bbox 739 3553 819 3638; x_wconf 81' lang='grc' dir='ltr'>ὑμᾶς</span> <span class='ocrx_word' id='word_1_326' title='bbox 830 3551 935 3634; x_wconf 85' lang='grc' dir='ltr'>θεοὺς,</span> <span class='ocrx_word' id='word_1_327' title='bbox 949 3551 1049 3637; x_wconf 82' lang='grc' dir='ltr'>ἀμαρ</span> <span class='ocrx_word' id='word_1_328' title='bbox 1092 3556 1132 3614; x_wconf 90' lang='lat' dir='ltr'>ut</span> <span class='ocrx_word' id='word_1_329' title='bbox 1146 3552 1201 3615; x_wconf 92' lang='lat' dir='ltr'>Dii</span> <span class='ocrx_word' id='word_1_330' title='bbox 1218 3550 1423 3616; x_wconf 83' lang='lat' dir='ltr'><strong>efficiemini.</strong></span> <span class='ocrx_word' id='word_1_331' title='bbox 1439 3555 1503 3618; x_wconf 83' lang='lat' dir='ltr'><strong>Sed</strong></span> <span class='ocrx_word' id='word_1_332' title='bbox 1520 3556 1712 3618; x_wconf 87' lang='lat' dir='ltr'><strong>venientem</strong></span> <span class='ocrx_word' id='word_1_333' title='bbox 1732 3555 1768 3616; x_wconf 91' lang='lat' dir='ltr'>iu</span> <span class='ocrx_word' id='word_1_334' title='bbox 1782 3571 1842 3617; x_wconf 89' lang='lat' dir='ltr'>vos</span> 
     </span>
     <span class='ocr_line' id='line_1_29' title="bbox 296 3655 1841 3741; baseline -0.001 -20"><span class='ocrx_word' id='word_1_335' title='bbox 296 3658 443 3734; x_wconf 87' lang='grc' dir='ltr'>τάναντες</span> <span class='ocrx_word' id='word_1_336' title='bbox 454 3656 638 3721; x_wconf 81' lang='grc' dir='ltr'>ἀπωθεῖσθε.</span> <span class='ocrx_word' id='word_1_337' title='bbox 651 3655 792 3741; x_wconf 77' lang='grc' dir='ltr'>Ἑβραῖοι</span> <span class='ocrx_word' id='word_1_338' title='bbox 805 3655 839 3719; x_wconf 83' lang='grc' dir='ltr'>δέ</span> <span class='ocrx_word' id='word_1_339' title='bbox 851 3677 955 3741; x_wconf 85' lang='grc' dir='ltr'>φασιν·</span> <span class='ocrx_word' id='word_1_340' title='bbox 968 3655 1044 3719; x_wconf 71' lang='lat' dir='ltr'>tut</span> <span class='ocrx_word' id='word_1_341' title='bbox 1091 3658 1239 3734; x_wconf 80' lang='lat' dir='ltr'><strong>gretiam</strong></span> <span class='ocrx_word' id='word_1_342' title='bbox 1255 3658 1327 3737; x_wconf 91' lang='lat' dir='ltr'><strong>Dei,</strong></span> <span class='ocrx_word' id='word_1_343' title='bbox 1344 3661 1384 3720; x_wconf 92' lang='lat' dir='ltr'>ut</span> <span class='ocrx_word' id='word_1_344' title='bbox 1398 3659 1484 3722; x_wconf 87' lang='lat' dir='ltr'><strong>Deos</strong></span> <span class='ocrx_word' id='word_1_345' title='bbox 1500 3659 1602 3722; x_wconf 83' lang='lat' dir='ltr'><strong>faeiat</strong></span> <span class='ocrx_word' id='word_1_346' title='bbox 1616 3676 1686 3739; x_wconf 90' lang='lat' dir='ltr'><strong>vos,</strong></span> <span class='ocrx_word' id='word_1_347' title='bbox 1703 3677 1841 3741; x_wconf 81' lang='lat' dir='ltr'><strong>peccan-</strong></span> 
     </span>
     <span class='ocr_line' id='line_1_30' title="bbox 296 3759 1839 3846; baseline -0.001 -19"><span class='ocrx_word' id='word_1_348' title='bbox 296 3761 377 3838; x_wconf 86' lang='grc' dir='ltr'>Θεδς</span> <span class='ocrx_word' id='word_1_349' title='bbox 395 3763 470 3845; x_wconf 82' lang='grc' dir='ltr'>ἔστη</span> <span class='ocrx_word' id='word_1_350' title='bbox 488 3759 584 3846; x_wconf 80' lang='grc' dir='ltr'>μέσον</span> <span class='ocrx_word' id='word_1_351' title='bbox 599 3769 660 3825; x_wconf 90' lang='grc' dir='ltr'>τῶν</span> <span class='ocrx_word' id='word_1_352' title='bbox 676 3759 847 3845; x_wconf 90' lang='grc' dir='ltr'>ἀρχόντων,</span> <span class='ocrx_word' id='word_1_353' title='bbox 871 3759 913 3837; x_wconf 86' lang='grc' dir='ltr'>ὡς</span> <span class='ocrx_word' id='word_1_354' title='bbox 935 3760 1044 3844; x_wconf 87' lang='grc' dir='ltr'>παρὼν</span> <span class='ocrx_word' id='word_1_355' title='bbox 1090 3759 1132 3822; x_wconf 89' lang='lat' dir='ltr'>do</span> <span class='ocrx_word' id='word_1_356' title='bbox 1158 3760 1352 3841; x_wconf 86' lang='lat' dir='ltr'><strong>repudiatis.</strong></span> <span class='ocrx_word' id='word_1_357' title='bbox 1384 3762 1483 3842; x_wconf 83' lang='lat' dir='ltr'><strong>Apud</strong></span> <span class='ocrx_word' id='word_1_358' title='bbox 1506 3762 1665 3826; x_wconf 83' lang='lat' dir='ltr'><strong>Hebraeos</strong></span> <span class='ocrx_word' id='word_1_359' title='bbox 1694 3763 1839 3841; x_wconf 86' lang='lat' dir='ltr'><strong>legitur:</strong></span> 
     </span>
     <span class='ocr_line' id='line_1_31' title="bbox 297 3863 1840 3951; baseline 0.001 -22"><span class='ocrx_word' id='word_1_360' title='bbox 297 3867 403 3942; x_wconf 81' lang='grc' dir='ltr'>αθτοῖς</span> <span class='ocrx_word' id='word_1_361' title='bbox 416 3865 577 3951; x_wconf 83' lang='grc' dir='ltr'>ἀοράτως·</span> <span class='ocrx_word' id='word_1_362' title='bbox 592 3865 639 3930; x_wconf 84' lang='grc' dir='ltr'>διό</span> <span class='ocrx_word' id='word_1_363' title='bbox 655 3867 710 3929; x_wconf 85' lang='grc' dir='ltr'>καί</span> <span class='ocrx_word' id='word_1_364' title='bbox 724 3865 759 3929; x_wconf 84' lang='grc' dir='ltr'>ἐν</span> <span class='ocrx_word' id='word_1_365' title='bbox 775 3863 859 3950; x_wconf 79' lang='grc' dir='ltr'>μέσῳ</span> <span class='ocrx_word' id='word_1_366' title='bbox 875 3863 1000 3929; x_wconf 82' lang='grc' dir='ltr'>πολλῶν</span> <span class='ocrx_word' id='word_1_367' title='bbox 1013 3864 1043 3928; x_wconf 83' lang='grc' dir='ltr'>ἐ·</span> <span class='ocrx_word' id='word_1_368' title='bbox 1089 3866 1331 3930; x_wconf 63' lang='lat' dir='ltr'><strong>uetustatem</strong></span> <span class='ocrx_word' id='word_1_369' title='bbox 1345 3866 1447 3931; x_wconf 79' lang='lat' dir='ltr'><strong>medio</strong></span> <span class='ocrx_word' id='word_1_370' title='bbox 1466 3867 1665 3944; x_wconf 71' lang='lat' dir='ltr'>archontum,</span> <span class='ocrx_word' id='word_1_371' title='bbox 1682 3868 1733 3929; x_wconf 88' lang='lat' dir='ltr'>uti</span> <span class='ocrx_word' id='word_1_372' title='bbox 1757 3867 1840 3948; x_wconf 88' lang='lat' dir='ltr'><strong>ipsis</strong></span> 
     </span>
     <span class='ocr_line' id='line_1_32' title="bbox 295 3967 1840 4055; baseline -0.001 -21"><span class='ocrx_word' id='word_1_373' title='bbox 295 3969 399 4055; x_wconf 79' lang='grc' dir='ltr'>λέγξει</span> <span class='ocrx_word' id='word_1_374' title='bbox 415 3972 529 4048; x_wconf 80' lang='grc' dir='ltr'>αὐτοὺς</span> <span class='ocrx_word' id='word_1_375' title='bbox 545 3971 596 4035; x_wconf 86' lang='grc' dir='ltr'>διά</span> <span class='ocrx_word' id='word_1_376' title='bbox 611 3979 672 4036; x_wconf 90' lang='grc' dir='ltr'>τῶν</span> <span class='ocrx_word' id='word_1_377' title='bbox 687 3977 867 4054; x_wconf 78' lang='grc' dir='ltr'>προφητῶν,</span> <span class='ocrx_word' id='word_1_378' title='bbox 885 3969 912 4034; x_wconf 91' lang='grc' dir='ltr'>εί</span> <span class='ocrx_word' id='word_1_379' title='bbox 927 3967 1043 4047; x_wconf 87' lang='grc' dir='ltr'>ἀδίκως</span> <span class='ocrx_word' id='word_1_380' title='bbox 1090 3974 1204 4032; x_wconf 75' lang='lat' dir='ltr'><strong>astans</strong></span> <span class='ocrx_word' id='word_1_381' title='bbox 1232 3969 1396 4033; x_wconf 87' lang='lat' dir='ltr'>invisibili</span> <span class='ocrx_word' id='word_1_382' title='bbox 1421 3969 1529 4034; x_wconf 89' lang='lat' dir='ltr'><strong>modo.</strong></span> <span class='ocrx_word' id='word_1_383' title='bbox 1554 3970 1632 4034; x_wconf 91' lang='lat' dir='ltr'><strong>Ideo</strong></span> <span class='ocrx_word' id='word_1_384' title='bbox 1663 3971 1698 4033; x_wconf 86' lang='lat' dir='ltr'>iu</span> <span class='ocrx_word' id='word_1_385' title='bbox 1728 3969 1840 4032; x_wconf 89' lang='lat' dir='ltr'><strong>medio</strong></span> 
     </span>
     <span class='ocr_line' id='line_1_33' title="bbox 296 4073 1845 4160; baseline -0.003 -22"><span class='ocrx_word' id='word_1_386' title='bbox 296 4074 431 4160; x_wconf 80' lang='grc' dir='ltr'>ἄρξουσι.</span> <span class='ocrx_word' id='word_1_387' title='bbox 1089 4074 1274 4136; x_wconf 89' lang='lat' dir='ltr'><strong>multorum</strong></span> <span class='ocrx_word' id='word_1_388' title='bbox 1298 4075 1507 4137; x_wconf 81' lang='lat' dir='ltr'><strong>contradicet</strong></span> <span class='ocrx_word' id='word_1_389' title='bbox 1529 4075 1598 4138; x_wconf 88' lang='lat' dir='ltr'><strong>iilis</strong></span> <span class='ocrx_word' id='word_1_390' title='bbox 1621 4091 1680 4155; x_wconf 88' lang='lat' dir='ltr'><strong>per</strong></span> <span class='ocrx_word' id='word_1_391' title='bbox 1701 4073 1845 4153; x_wconf 91' lang='lat' dir='ltr'><strong>prophe·</strong></span> 
     </span>
    </p>

    <p class='ocr_par' dir='ltr' id='par_1_6' title="bbox 1088 4176 1843 4360">
     <span class='ocr_line' id='line_1_34' title="bbox 1088 4176 1843 4258; baseline 0.003 -18"><span class='ocrx_word' id='word_1_392' title='bbox 1088 4181 1152 4255; x_wconf 82' lang='lat' dir='ltr'><strong>tus,</strong></span> <span class='ocrx_word' id='word_1_393' title='bbox 1179 4178 1208 4240; x_wconf 86' lang='lat' dir='ltr'>si</span> <span class='ocrx_word' id='word_1_394' title='bbox 1235 4194 1313 4240; x_wconf 88' lang='lat' dir='ltr'>cum</span> <span class='ocrx_word' id='word_1_395' title='bbox 1331 4176 1501 4258; x_wconf 84' lang='lat' dir='ltr'><strong>injustitia</strong></span> <span class='ocrx_word' id='word_1_396' title='bbox 1523 4196 1650 4242; x_wconf 84' lang='lat' dir='ltr'><strong>munus</strong></span> <span class='ocrx_word' id='word_1_397' title='bbox 1671 4178 1843 4242; x_wconf 83' lang='lat' dir='ltr'><strong>archontis</strong></span> 
     </span>
     <span class='ocr_line' id='line_1_35' title="bbox 1090 4283 1234 4360; baseline 0 -16"><span class='ocrx_word' id='word_1_398' title='bbox 1090 4283 1234 4360; x_wconf 86' lang='lat' dir='ltr'><strong>egerint.</strong></span> 
     </span>
    </p>

    <p class='ocr_par' dir='ltr' id='par_1_7' title="bbox 298 4383 1837 4580">
     <span class='ocr_line' id='line_1_36' title="bbox 341 4383 1837 4475; baseline -0.001 -24"><span class='ocrx_word' id='word_1_399' title='bbox 341 4407 371 4452; x_wconf 92' lang='lat' dir='ltr'>v.</span> <span class='ocrx_word' id='word_1_400' title='bbox 386 4391 416 4452; x_wconf 84' lang='lat'>2.</span> <span class='ocrx_word' id='word_1_401' title='bbox 428 4383 513 4466; x_wconf 86' lang='grc' dir='ltr'>Ἕως</span> <span class='ocrx_word' id='word_1_402' title='bbox 528 4388 606 4454; x_wconf 86' lang='grc' dir='ltr'>πότε</span> <span class='ocrx_word' id='word_1_403' title='bbox 620 4389 742 4475; x_wconf 88' lang='grc' dir='ltr'>κρίνετε</span> <span class='ocrx_word' id='word_1_404' title='bbox 758 4388 891 4470; x_wconf 86' lang='grc' dir='ltr'>ἀδικίαν,</span> <span class='ocrx_word' id='word_1_405' title='bbox 903 4390 958 4455; x_wconf 83' lang='grc' dir='ltr'>καὶ</span> <span class='ocrx_word' id='word_1_406' title='bbox 970 4389 1044 4474; x_wconf 84' lang='grc' dir='ltr'>πρό·</span> <span class='ocrx_word' id='word_1_407' title='bbox 1133 4403 1165 4448; x_wconf 88' lang='lat' dir='ltr'>v.</span> <span class='ocrx_word' id='word_1_408' title='bbox 1192 4387 1223 4450; x_wconf 84' lang='lat'>2.</span> <span class='ocrx_word' id='word_1_409' title='bbox 1256 4387 1421 4467; x_wconf 75' lang='grc' dir='ltr'>όῶριιοριιο</span> <span class='ocrx_word' id='word_1_410' title='bbox 1436 4385 1599 4466; x_wconf 70' lang='lat' dir='ltr'><strong>judicatis</strong></span> <span class='ocrx_word' id='word_1_411' title='bbox 1620 4387 1837 4469; x_wconf 78' lang='lat' dir='ltr'><strong>iniquitatem,</strong></span> 
     </span>
     <span class='ocr_line' id='line_1_37' title="bbox 298 4489 1624 4580; baseline -0.003 -22"><span class='ocrx_word' id='word_1_412' title='bbox 298 4513 390 4558; x_wconf 91' lang='grc' dir='ltr'>σωπα</span> <span class='ocrx_word' id='word_1_413' title='bbox 405 4492 600 4578; x_wconf 89' lang='grc' dir='ltr'>άμαρτωλῶν</span> <span class='ocrx_word' id='word_1_414' title='bbox 615 4493 809 4580; x_wconf 84' lang='grc' dir='ltr'>λαμθόινετε;</span> <span class='ocrx_word' id='word_1_415' title='bbox 1089 4489 1238 4572; x_wconf 80' lang='lat' dir='ltr'><strong>etfacies</strong></span> <span class='ocrx_word' id='word_1_416' title='bbox 1246 4494 1451 4572; x_wconf 65' lang='lat' dir='ltr'><strong>peccatorum</strong></span> <span class='ocrx_word' id='word_1_417' title='bbox 1465 4491 1624 4557; x_wconf 67' lang='lat' dir='ltr'><strong>semitis?</strong></span> 
     </span>
    </p>

    <p class='ocr_par' dir='ltr' id='par_1_8' title="bbox 297 4593 1842 4997">
     <span class='ocr_line' id='line_1_38' title="bbox 341 4593 1838 4683; baseline -0.005 -19"><span class='ocrx_word' id='word_1_418' title='bbox 341 4597 501 4682; x_wconf 89' lang='grc' dir='ltr'>Πρόσωπα</span> <span class='ocrx_word' id='word_1_419' title='bbox 532 4597 726 4683; x_wconf 93' lang='grc' dir='ltr'>άμαρτωλῶν</span> <span class='ocrx_word' id='word_1_420' title='bbox 756 4599 832 4663; x_wconf 86' lang='grc' dir='ltr'>εἰσιν</span> <span class='ocrx_word' id='word_1_421' title='bbox 862 4594 895 4660; x_wconf 83' lang='grc' dir='ltr'>αἱ</span> <span class='ocrx_word' id='word_1_422' title='bbox 925 4593 1044 4676; x_wconf 91' lang='grc' dir='ltr'>κακίαι,</span> <span class='ocrx_word' id='word_1_423' title='bbox 1135 4597 1244 4660; x_wconf 74' lang='lat' dir='ltr'><strong>Larsa</strong></span> <span class='ocrx_word' id='word_1_424' title='bbox 1259 4601 1473 4677; x_wconf 81' lang='lat' dir='ltr'><strong>peccatorum</strong></span> <span class='ocrx_word' id='word_1_425' title='bbox 1490 4601 1572 4660; x_wconf 87' lang='lat' dir='ltr'><strong>sunt</strong></span> <span class='ocrx_word' id='word_1_426' title='bbox 1594 4595 1740 4674; x_wconf 64' lang='lat' dir='ltr'><strong>malitiae,</strong></span> <span class='ocrx_word' id='word_1_427' title='bbox 1757 4611 1838 4676; x_wconf 83' lang='lat' dir='ltr'><strong>que-</strong></span> 
     </span>
     <span class='ocr_line' id='line_1_39' title="bbox 298 4699 1841 4789; baseline -0.005 -19"><span class='ocrx_word' id='word_1_428' title='bbox 298 4704 370 4770; x_wconf 87' lang='grc' dir='ltr'>καθ’</span> <span class='ocrx_word' id='word_1_429' title='bbox 382 4704 420 4780; x_wconf 86' lang='grc' dir='ltr'>ἀς</span> <span class='ocrx_word' id='word_1_430' title='bbox 443 4712 634 4789; x_wconf 83' lang='grc' dir='ltr'>μορφοῠνται</span> <span class='ocrx_word' id='word_1_431' title='bbox 654 4701 682 4766; x_wconf 90' lang='grc' dir='ltr'>οί</span> <span class='ocrx_word' id='word_1_432' title='bbox 705 4701 817 4766; x_wconf 82' lang='grc' dir='ltr'>ἄδικοι.</span> <span class='ocrx_word' id='word_1_433' title='bbox 841 4699 965 4787; x_wconf 89' lang='grc' dir='ltr'>Κρίνων</span> <span class='ocrx_word' id='word_1_434' title='bbox 980 4699 1045 4764; x_wconf 88' lang='grc' dir='ltr'>ἀδι-</span> <span class='ocrx_word' id='word_1_435' title='bbox 1091 4718 1167 4764; x_wconf 90' lang='lat' dir='ltr'>rum</span> <span class='ocrx_word' id='word_1_436' title='bbox 1191 4700 1315 4764; x_wconf 74' lang='lat' dir='ltr'><strong>formas</strong></span> <span class='ocrx_word' id='word_1_437' title='bbox 1338 4702 1486 4766; x_wconf 87' lang='lat' dir='ltr'><strong>induunt</strong></span> <span class='ocrx_word' id='word_1_438' title='bbox 1509 4703 1628 4783; x_wconf 91' lang='lat' dir='ltr'><strong>iniqui.</strong></span> <span class='ocrx_word' id='word_1_439' title='bbox 1648 4701 1768 4775; x_wconf 88' lang='lat' dir='ltr'><strong>-Qui</strong></span> <span class='ocrx_word' id='word_1_440' title='bbox 1786 4700 1841 4780; x_wconf 91' lang='lat' dir='ltr'>ju·</span> 
     </span>
     <span class='ocr_line' id='line_1_40' title="bbox 297 4803 1842 4892; baseline -0.005 -18"><span class='ocrx_word' id='word_1_441' title='bbox 297 4807 390 4891; x_wconf 89' lang='grc' dir='ltr'>κίαν,</span> <span class='ocrx_word' id='word_1_442' title='bbox 413 4808 522 4892; x_wconf 70' lang='grc' dir='ltr'>κριτὴς</span> <span class='ocrx_word' id='word_1_443' title='bbox 545 4804 686 4883; x_wconf 88' lang='grc' dir='ltr'>ἀδικίας·</span> <span class='ocrx_word' id='word_1_444' title='bbox 709 4805 782 4870; x_wconf 87' lang='grc' dir='ltr'>κατ’</span> <span class='ocrx_word' id='word_1_445' title='bbox 799 4805 1048 4891; x_wconf 84' lang='grc' dir='ltr'>ἐπακολούθημα</span> <span class='ocrx_word' id='word_1_446' title='bbox 1092 4805 1183 4868; x_wconf 82' lang='lat' dir='ltr'><strong>dieat</strong></span> <span class='ocrx_word' id='word_1_447' title='bbox 1205 4804 1331 4884; x_wconf 87' lang='lat' dir='ltr'><strong>injuste</strong></span> <span class='ocrx_word' id='word_1_448' title='bbox 1355 4809 1406 4868; x_wconf 82' lang='lat' dir='ltr'><strong>est</strong></span> <span class='ocrx_word' id='word_1_449' title='bbox 1423 4803 1532 4885; x_wconf 80' lang='lat' dir='ltr'><strong>judex</strong></span> <span class='ocrx_word' id='word_1_450' title='bbox 1553 4805 1755 4885; x_wconf 80' lang='lat' dir='ltr'><strong>iniquitatis.</strong></span> <span class='ocrx_word' id='word_1_451' title='bbox 1779 4806 1842 4868; x_wconf 90' lang='lat' dir='ltr'><strong>Per</strong></span> 
     </span>
     <span class='ocr_line' id='line_1_41' title="bbox 298 4907 1841 4997; baseline -0.004 -20"><span class='ocrx_word' id='word_1_452' title='bbox 298 4915 344 4995; x_wconf 81' lang='grc' dir='ltr'>δὲ,</span> <span class='ocrx_word' id='word_1_453' title='bbox 352 4910 553 4997; x_wconf 86' lang='grc' dir='ltr'>λαμθάνομεν</span> <span class='ocrx_word' id='word_1_454' title='bbox 562 4910 728 4995; x_wconf 87' lang='grc' dir='ltr'>πρόσωπον</span> <span class='ocrx_word' id='word_1_455' title='bbox 737 4910 942 4997; x_wconf 89' lang='grc' dir='ltr'>άμαρτωλῶν,</span> <span class='ocrx_word' id='word_1_456' title='bbox 952 4911 1047 4976; x_wconf 86' lang='grc' dir='ltr'>πλου-</span> <span class='ocrx_word' id='word_1_457' title='bbox 1093 4911 1370 4991; x_wconf 87' lang='lat' dir='ltr'><strong>eonsequentium</strong></span> <span class='ocrx_word' id='word_1_458' title='bbox 1386 4917 1500 4976; x_wconf 83' lang='lat' dir='ltr'><strong>autem</strong></span> <span class='ocrx_word' id='word_1_459' title='bbox 1517 4910 1721 4974; x_wconf 79' lang='lat' dir='ltr'><strong>assumimus</strong></span> <span class='ocrx_word' id='word_1_460' title='bbox 1738 4907 1841 4972; x_wconf 82' lang='lat' dir='ltr'><strong>facies</strong></span> 
     </span>
    </p>
   </div>
   <div class='ocr_carea' id='block_1_4' title="bbox 299 5056 1405 5216">
    <p class='ocr_par' dir='ltr' id='par_1_9' title="bbox 299 5056 1405 5216">
     <span class='ocr_line' id='line_1_42' title="bbox 334 5056 1405 5200; baseline -0.004 -83"><span class='ocrx_word' id='word_1_461' title='bbox 334 5059 383 5200; x_wconf 61' lang='grc' dir='ltr'>Ρέ.</span> <span class='ocrx_word' id='word_1_462' title='bbox 397 5076 505 5120; x_wconf 81' lang='grc' dir='ltr'>ιιικιιι.</span> <span class='ocrx_word' id='word_1_463' title='bbox 517 5077 545 5118; x_wconf 82' lang='grc' dir='ltr'>ι.</span> <span class='ocrx_word' id='word_1_464' title='bbox 561 5062 585 5115; x_wconf 93' lang='grc'>1.</span> <span class='ocrx_word' id='word_1_465' title='bbox 598 5059 736 5116; x_wconf 72' lang='lat' dir='ltr'><strong>imment.</strong></span> <span class='ocrx_word' id='word_1_466' title='bbox 749 5060 828 5118; x_wconf 86' lang='lat' dir='ltr'><strong>Plut.</strong></span> <span class='ocrx_word' id='word_1_467' title='bbox 843 5079 870 5132; x_wconf 87' lang='grc' dir='ltr'>ν,</span> <span class='ocrx_word' id='word_1_468' title='bbox 884 5061 927 5116; x_wconf 77' lang='lat' dir='ltr'><strong>m</strong></span> <span class='ocrx_word' id='word_1_469' title='bbox 941 5077 964 5118; x_wconf 90' lang='grc' dir='ltr'>ιι</span> <span class='ocrx_word' id='word_1_470' title='bbox 982 5060 1047 5117; x_wconf 83' lang='lat' dir='ltr'><strong>Cor.</strong></span> <span class='ocrx_word' id='word_1_471' title='bbox 1127 5075 1154 5113; x_wconf 86' lang='lat' dir='ltr'>v.</span> <span class='ocrx_word' id='word_1_472' title='bbox 1168 5057 1193 5110; x_wconf 78' lang='lat'>2.</span> <span class='ocrx_word' id='word_1_473' title='bbox 1207 5057 1274 5114; x_wconf 77' lang='lat' dir='ltr'><strong>Vnt.</strong></span> <span class='ocrx_word' id='word_1_474' title='bbox 1286 5056 1313 5126; x_wconf 83' lang='lat'>4,</span> <span class='ocrx_word' id='word_1_475' title='bbox 1324 5059 1349 5128; x_wconf 80' lang='lat'>5,</span> <span class='ocrx_word' id='word_1_476' title='bbox 1364 5059 1405 5113; x_wconf 81' lang='lat'>14.</span> 
     </span>
     <span class='ocr_line' id='line_1_43' title="bbox 299 5159 382 5216; baseline -0.012 -14"><span class='ocrx_word' id='word_1_477' title='bbox 299 5159 344 5216; x_wconf 89' lang='grc' dir='ltr'>ιιι,</span> <span class='ocrx_word' id='word_1_478' title='bbox 376 5185 382 5201; x_wconf 88' lang='grc'><strong>.</strong></span> 
     </span>
    </p>
   </div>
   <div class='ocr_carea' id='block_1_5' title="bbox 0 0 2022 6084">
    <p class='ocr_par' dir='ltr' id='par_1_10' title="bbox 0 0 2022 6084">
     <span class='ocr_line' id='line_1_44' title="bbox 0 0 2022 6084; baseline 0 0"><span class='ocrx_word' id='word_1_479' title='bbox 0 0 2022 6084; x_wconf 95' lang='lat' dir='ltr'> </span> 
     </span>
    </p>
   </div>
  </div>
 </body>
</html>
