4008 6094
941 407 1150 474 ORIGENES

861 650 1030 727 Psalmoa
1054 647 1231 728 XLVII.

325 910 355 954 v.
380 893 411 956 3.
434 889 575 976 Εὐρίζυν
598 891 812 980 άγαλλιάρατι
838 891 945 978 πάσης
969 903 1027 979 τῆς
1115 915 1146 960 ν.
1171 901 1201 962 3.
1224 897 1396 964 latidum
1421 898 1633 964 exsultatione
1660 895 1820 962 universe

282 1003 365 1079 γῆς·
396 995 454 1078 όρη
487 995 568 1062 Σιὼν
601 999 643 1062 τὰ
676 996 798 1082 πλευρά
826 1005 883 1062 τοῦ
918 997 1025 1083 poppo.
1072 1005 1186 1081 teore,·
1200 1019 1291 1066 κιονκι
1305 1003 1393 1080 Sion,
1413 1003 1517 1068 latero
1532 1001 1714 1085 Aquilonia.

288 1099 447 1179 laruae,
467 1101 495 1163 1.

323 1199 512 1286 ΟΧριστός,
533 1202 663 1290 sopenna
684 1203 899 1291 ἀγαλλιάματι
921 1204 1027 1288 πάσῳς
1117 1209 1244 1288 Nempe
1260 1209 1414 1273 christus
1432 1209 1602 1273 radicatus
1620 1209 1762 1290 pulchre
1785 1209 1820 1270 iu

278 1315 336 1390 τῆς
351 1315 421 1391 γῆς.
437 1304 517 1385 Ρίζα
532 1308 567 1372 δέ
583 1309 680 1372 αὐτοῦ
696 1309 713 1372 ό
729 1307 809 1386 Θεὸς
824 1307 938 1394 Λόγος,
957 1308 974 1373 ό
993 1308 1027 1373 ἐν
1071 1309 1449 1377 explanatiuncula
1460 1317 1575 1404 lerroq.
1588 1313 1818 1376 Rodixautem

280 1411 375 1496 αὐτῷ.
390 1449 430 1458 -
443 1409 602 1496 Πρότερον
614 1413 670 1496 μὲν
681 1411 721 1496 ἠν
734 1412 750 1475 ό
763 1410 890 1489 Παυλος
905 1412 1027 1496 πλευρὰ
1070 1415 1196 1480 Christi
1219 1417 1311 1480 Deus
1337 1418 1486 1480 Verbum
1513 1422 1573 1496 est,
1598 1418 1658 1498 qui
1682 1417 1718 1480 in
1742 1417 1815 1496 ipso

280 1521 337 1578 τοῦ
353 1511 460 1600 βοββᾶ,
477 1513 579 1600 άῳόό
595 1515 749 1600 ἐξεκαύθη
767 1516 872 1582 πάντα
886 1518 1026 1582 τὰκακόι
1070 1523 1129 1581 est.
1146 1520 1298 1584 Primum
1322 1520 1459 1601 quidem
1483 1521 1610 1584 Paulus
1633 1522 1706 1582 erat
1728 1519 1818 1583 lotos

283 1618 334 1683 ἐπί
360 1627 417 1703 τῆς
439 1629 518 1705 γῆς·
541 1623 605 1686 νυνί
629 1621 664 1686 δέ
686 1618 816 1705 γέγονεν
844 1620 917 1705 όρος
940 1620 1031 1700 Σιὼν,
1074 1621 1257 1703 Aquilonia,
1277 1641 1380 1705 aquo
1396 1626 1501 1716 latere
1517 1623 1821 1708 conflagratasunt

283 1724 360 1809 ἔχον
375 1724 408 1789 ἐν
424 1723 526 1810 ἑαυτῷ
548 1723 708 1790 λαλοῦντα
729 1727 783 1790 τόν
806 1723 953 1808 Χριστόν,
976 1726 1031 1789 τόν
1076 1726 1189 1789 omnia
1205 1723 1418 1791 malaterrae.
1434 1729 1532 1791 Nunc
1547 1745 1627 1791 vero
1643 1729 1752 1792 factus
1768 1731 1821 1790 est

285 1827 418 1894 ἐλθόντα
440 1830 478 1894 ἐκ
505 1828 595 1910 Σιὼν,
622 1831 678 1893 καί
700 1826 947 1913 ἀποστρέψαντα
968 1826 1032 1892 ἀπὸ
1076 1847 1167 1895 molto
1189 1831 1279 1910 Sion,
1305 1830 1433 1895 habens
1458 1833 1493 1895 in
1523 1833 1702 1911 semetipso
1730 1831 1823 1894 Chri·

285 1931 441 2015 άοεόείας,
459 1932 522 1997 ἀπό
538 1931 664 1998 Ἰακώό.
681 1971 722 1982 -
738 1931 779 1998 ‘H
803 1932 1033 2020 μέν-Ἰερουσα-
1077 1940 1168 1998 stum
1185 1938 1389 2016 loquentem,
1405 1953 1485 1998 eum
1497 1937 1558 2016 qui
1576 1956 1592 1994 «
1603 1952 1645 1996 ex
1659 1935 1739 1997 Sion
1762 1951 1818 1996 ve-

286 2036 353 2123 λὴμ
369 2039 402 2104 ἐν
424 2047 469 2122 τῷ
484 2037 564 2121 νότῳ
583 2046 696 2119 κεῖται,
719 2037 812 2102 τόδὲ
835 2035 909 2122 ἔθνη
933 2037 1032 2121 ἐντῷ
1080 2039 1173 2118 nit,»
1201 2043 1235 2102 et
1257 2039 1427 2101 convertit
1447 2056 1484 2102 se
1499 2039 1541 2101 ab
1564 2038 1747 2119 impietate,
1773 2059 1790 2096 κ
1803 2053 1825 2098 a

286 2137 405 2229 βορβᾷ·’
422 2143 530 2227 ἐπειδὴ
546 2144 601 2206 καί
624 2141 707 2227 μέγα
729 2140 879 2227 ἐφρόνουν
902 2141 931 2206 oi
953 2140 1033 2206 Ἰου-
1078 2144 1203 2224 populo
1225 2143 1376 2206 Jacob.»
1406 2144 1598 2206 Jerusalem
1622 2140 1759 2223 quidem
1782 2141 1824 2204 ad

284 2245 375 2326 δαῖον,
393 2244 434 2323 ὡς
451 2245 539 2331 μόνοι
554 2247 613 2331 τὴν
628 2245 710 2311 Σιὼν
731 2247 899 2326 οἰκοῦντες,
916 2242 1033 2310 δείκνυ
1076 2245 1252 2308 meridiem
1262 2246 1328 2308 sita
1340 2249 1401 2326 est,
1414 2250 1534 2325 gentes
1550 2245 1709 2308 autemin
1717 2246 1824 2325 Aqui·

283 2369 331 2414 σιν
347 2349 364 2414 ό
380 2349 473 2435 λόγος
489 2349 530 2427 ὣς
545 2351 587 2415 τά
600 2351 659 2436 όρη
673 2350 791 2434 ταύτης
806 2351 889 2415 ἐστιν
903 2347 1033 2434 έδραίυ-
1076 2349 1164 2410 lone.
1181 2349 1346 2423 Quoniam
1363 2354 1478 2412 autem
1499 2349 1683 2428 magnifice
1698 2350 1821 2412 sentie-

285 2474 330 2538 pc
344 2461 401 2539 τῆς
427 2453 527 2520 Σιών·
554 2456 590 2519 τό
616 2454 726 2540 κλῆμά
752 2455 818 2519 ἐστι
840 2463 896 2518 τοῦ
925 2452 1032 2540 βορβᾶ,
1077 2452 1161 2515 bant
1184 2453 1318 2533 ludaei,
1342 2458 1458 2534 utpote
1480 2454 1543 2516 soli
1573 2458 1722 2516 montem
1744 2454 1824 2516 Sion

211 2603 215 2610 ,
287 2557 365 2643 ὅπερ
376 2558 486 2646 κλῆμα
496 2559 549 2624 διά
558 2568 620 2625 τῶν
631 2558 773 2643 πλευρῶν
785 2557 1032 2642 δηλοῦται·ἀντί
1078 2557 1284 2636 incolentes,
1315 2559 1489 2638 Scriptura
1516 2556 1664 2621 ostendit
1692 2563 1823 2620 montes

285 2663 348 2748 γὰρ
373 2673 429 2727 τοῦ
452 2664 550 2729 είτεῐν
571 2665 608 2727 τό
629 2661 741 2748 κλῆμα
761 2672 818 2726 τοῦ
842 2659 949 2748 βορρᾷ,
972 2663 1031 2745 τὴν
1077 2679 1149 2725 esse
1165 2661 1360 2725 firmitatem
1377 2662 1497 2726 Sionis.
1514 2662 1693 2725 Inclinatio
1712 2664 1763 2724 est
1786 2661 1821 2722 iu

285 2765 579 2852 πλευράνείρηκεν·
600 2765 745 2848 δείκνυσι,
768 2765 930 2832 τουτέστιν
949 2764 1030 2832 Σιών
1075 2766 1252 2845 Aquilone,
1277 2766 1336 2844 qui
1352 2759 1462 2828 clivus
1476 2783 1537 2846 per
1556 2765 1644 2830 lotos
1663 2761 1820 2844 exprimi-

205 2921 207 2925 .
264 2873 351 2936 Δἐστι
366 2872 407 2938 τά
419 2871 505 2956 ἔθνη,
520 2873 561 2937 τά
576 2871 817 2958 παραδεξόμενα
838 2873 874 2936 τό
898 2869 1029 2956 εόαγγέ-
1074 2873 1141 2932 tur.
1159 2867 1358 2948 ostendunt,
1376 2869 1478 2932 idest
1496 2869 1670 2950 pertinent
1683 2867 1727 2931 ad
1742 2868 1821 2930 Sion

283 2974 360 3041 λιον.
1074 2978 1205 3053 gantae,
1221 2990 1297 3054 quae
1313 2973 1477 3054 recipient
1492 2972 1722 3050 evangelium.

326 3101 361 3145 v.
374 3083 403 3146 8.
417 3079 633 3167 Ἐνπνεόματι
646 3077 735 3166 βιαίῳ
747 3079 922 3166 συντρίψας
933 3079 1031 3143 πλοῖα
1124 3095 1155 3140 ν.
1172 3078 1202 3141 8.
1219 3079 1262 3141 Ιιι
1276 3078 1398 3158 spirito
1412 3075 1589 3141 uehementi
1606 3080 1747 3142 cauea
1768 3091 1825 3140 νιο-

281 3184 410 3270 Θάροις.
1080 3199 1135 3246 οαν
1152 3181 1300 3245 Plautio.

287 3311 288 3315 ¹
326 3288 454 3369 Πλοίοις
476 3289 605 3374 Θάροις,
621 3289 714 3355 οἱονεί
736 3285 960 3373 πολυστόμοις,
975 3305 1030 3349 πο-
1118 3285 1269 3350 Navibus
1285 3285 1433 3366 TharsiS,
1450 3290 1567 3367 utpote
1582 3287 1737 3350 inclusae
1756 3303 1819 3348 nu-

283 3393 439 3480 λυῳόρους
461 3397 535 3472 τοὺς
551 3391 690 3479 βασιλεῖς
712 3391 912 3480 παρεικάζει·
934 3389 1031 3454 πλοῖα
1074 3390 1226 3468 merosis,
1243 3405 1343 3467 reges
1358 3390 1468 3452 multa
1482 3407 1626 3453 munera
1644 3389 1823 3454 afferentes

282 3500 318 3565 δὲ
333 3495 486 3585 συντρίβει
503 3497 591 3586 βιαίῳ
614 3498 766 3584 πνεύματι
789 3499 818 3564 δί
840 3499 877 3562 οὔ
894 3494 1030 3580 συνέτρι-
1077 3494 1253 3558 assimilat.
1280 3495 1390 3557 Navae
1417 3498 1532 3556 autem
1555 3494 1742 3572 confringit
1757 3495 1824 3573 spi-

283 3606 342 3691 ψεν
361 3605 479 3688 νοητάς
501 3626 586 3683 τινας
610 3603 765 3689 δυνάμεις,
785 3604 815 3669 δί
838 3605 875 3668 οὔ
890 3604 964 3679 τοὺς
979 3602 1032 3686 έχ-
1080 3599 1150 3660 ritu
1173 3597 1376 3678 vehementi,
1393 3615 1461 3680 quo
1483 3597 1645 3660 contrivit
1666 3599 1824 3678 spiritua-

186 3725 189 3730 ·
282 3709 375 3794 θροὺς
389 3707 569 3794 ἀποτρέπει.
1078 3704 1128 3766 les
1143 3705 1337 3783 potestateS,
1353 3719 1420 3784 quo
1436 3703 1592 3766 inimicos
1607 3700 1739 3762 evertit.

317 3869 367 3924 Pa.
381 3885 477 3928 πονιτ.
490 3886 518 3927 v.
531 3867 557 3923 3.
570 3867 638 3926 Vat.
650 3867 676 3940 5,
690 3867 733 3924 14.
746 3867 832 3924 Rom.
846 3884 888 3937 x1,
900 3867 944 3924 26.

853 4111 1023 4190 Psalmos
1053 4111 1255 4192 XLVIII.

326 4383 359 4426 v.
380 4365 408 4426 1.
426 4361 481 4438 Εἰς
495 4363 532 4426 τό
553 4358 643 4437 τέλος
658 4367 723 4437 τοῖς
743 4357 820 4436 υίοῐς
841 4357 928 4442 Κορὲ
951 4357 1031 4442 ψαλ-
1123 4381 1154 4424 v.
1174 4364 1202 4426 1.
1218 4362 1483 4445 lotstoeou,stliio
1502 4362 1577 4426 Coae
1585 4359 1745 4442 paulatus.

286 4464 539 4636 MIiIItartutssg}
552 4467 606 4632 Ξόιί
630 4567 674 4643 είς
696 4567 755 4651 τὴν
779 4561 915 4628 ἑκάστου
940 4561 1031 4653 altat
1121 4572 1235 4633 Potest
1258 4571 1433 4652 inscriptio
1451 4570 1569 4634 referri
1584 4570 1627 4632 ad
1649 4569 1826 4632 victoriam

284 4683 346 4740 τῶν
371 4674 406 4740 έν
431 4681 475 4758 τῷ
497 4669 702 4758 ἀγωνίζεσθαι
722 4666 888 4736 Ινικώντων
914 4665 1031 4752 ἀναψέ-
1076 4675 1307 4756 quorumlibet
1322 4677 1357 4739 in
1380 4675 1563 4742 exantlatis
1586 4673 1829 4738 certaminibus

287 4777 396 4863 ρεσθαι
411 4774 620 4861 ἡέπιγραῳή.
1079 4780 1301 4843 vincentium.

320 4987 349 5026 v.
370 4970 385 5025 1
404 4969 471 5026 Vat.
483 4969 525 5025 13.
544 4967 675 5024 Paucula
693 4965 838 5036 dedimus,
857 4963 980 5020 indiculi
991 4961 1035 5017 in-
1078 4954 1286 5028 prolegomena
1304 4953 1441 5026 origenis
1459 4955 1491 5012 iu
1508 4956 1644 5030 psalmos,
1662 4952 1742 5008 idem
1758 4967 1829 5007 vero

287 5063 358 5125 star,
381 5054 523 5112 monituri
550 5055 661 5112 ibidem
682 5052 804 5124 Origeni
823 5051 914 5106 tribui
939 5055 1035 5106 totum
1079 5041 1246 5115 corruptius
1268 5040 1359 5099 inseri
1377 5042 1408 5099 in
1426 5058 1492 5116 opp.
1511 5040 1615 5114 Basilii
1638 5045 1659 5094 t.
1685 5041 1701 5094 1
1719 5056 1747 5110 p.
1770 5037 1830 5106 176,

286 5141 360 5202 illud
369 5143 543 5218 proemium
553 5142 585 5199 tie
594 5141 661 5214 fine,
672 5139 751 5215 quod
761 5137 879 5198 edidere
887 5135 946 5193 BB.
957 5135 1035 5192 inter
1080 5128 1140 5184 tlt.
