4044 6104
865 487 1070 553 EUSBBIUS
1694 497 1758 559 ³95

213 628 248 692 δέ
264 627 425 712 ἄνθρωπος
441 638 496 693 τοῦ
511 626 604 711 Θεοῦ,
619 629 648 696 εί
662 630 717 693 καί
732 629 766 693 έν
778 637 821 714 τῷ
832 627 962 712 παρόντι
1005 633 1121 693 autem
1143 632 1196 696 vir
1211 634 1283 713 Dei,
1300 639 1534 716 quantumque
1554 639 1586 700 ln
1608 638 1670 702 lrae
1688 640 1759 701 vita

213 731 269 818 βίῳ
292 731 525 816 τεταπείνωται,
549 733 721 820 πτωχιύων
742 742 785 818 τῷ
808 730 961 816 πνεύματι
1008 731 1218 814 humilietur,
1234 753 1363 818 pauper
1374 754 1480 819 quum
1504 741 1626 821 spiritu
1641 745 1695 823 sit,
1724 751 1758 806 et

211 838 267 901 καί
282 835 562 922 καταπατούμενος
577 838 637 902 ὑπὸ
649 835 783 922 ἀσεβῶν,
800 834 841 913 ύις
856 836 961 900 δοκεῖν
1007 841 1173 915 quantum
1200 842 1418 905 conculcetur
1440 843 1482 905 ab
1506 845 1629 925 impiis,
1646 849 1685 908 ut
1707 847 1757 908 vi-

215 959 284 1005 τινα
312 937 416 1023 λήθην
442 941 539 1004 αὐτοῦ
566 939 756 1024 πεποιῆσθαι
782 941 834 1004 τὸν
861 937 958 1019 Θεὸν,
1006 938 1126 1004 deatur
1141 943 1232 1007 Deus
1256 962 1334 1007 eum
1351 947 1496 1027 quadam
1515 948 1684 1012 oblivione
1699 968 1757 1012 ne-

212 1041 285 1106 ἀλλ’
296 1041 333 1106 ού
356 1044 488 1130 πάμπαν
516 1041 749 1128 θπούέὸληται·
770 1044 807 1108 ού
830 1043 892 1128 γὰρ
916 1041 960 1119 εἰς
1005 1044 1150 1124 gligere,
1166 1046 1225 1110 sed
1248 1064 1307 1128 per
1327 1054 1436 1112 totum
1456 1053 1596 1116 minime
1611 1052 1756 1132 rejectus

209 1147 246 1209 τδ
261 1143 352 1224 τέλος
367 1145 592 1232 tralaticium
606 1149 624 1211 δ
645 1147 790 1231 πτωχός·
811 1144 832 1229 t
849 1149 911 1232 γθιρ
927 1146 959 1210 t·
1006 1151 1068 1210 est.
1083 1149 1185 1214 Haud
1198 1152 1284 1216 επιεικ
1295 1155 1441 1235 inficiam
1463 1153 1579 1220 oblivio
1593 1158 1658 1220 επεε
1672 1174 1756 1238 ρευ-

211 1253 334 1336 πομονῆ
350 1251 405 1315 καί
419 1250 459 1334 ῆν
475 1249 668 1316 ἐνδείκνυται
683 1252 760 1335 πρὸς
776 1252 829 1315 τὸν
845 1249 959 1334 παρδν-
997 1253 1107 1330 ρεπεν·
1123 1255 1287 1334 pacientia
1310 1258 1401 1320 enim
1425 1263 1459 1320 et
1482 1277 1583 1340 quam
1603 1261 1645 1324 ad
1669 1261 1757 1325 hanc

213 1373 255 1417 τα
265 1356 376 1439 καιρὸν
386 1353 556 1440 καρτερίαν
568 1355 627 1420 οὐκ
639 1358 783 1441 ἄκαρπον
795 1353 856 1434 έξει
864 1357 899 1419 τδ
911 1353 959 1419 τέ·
1004 1357 1110 1418 vitam
1135 1361 1279 1438 exeruit,
1303 1363 1540 1440 aequanimitaa
1561 1363 1664 1428 finem
1688 1382 1755 1428 non

212 1458 277 1536 λος.
1003 1459 1077 1522 sine
1093 1459 1207 1525 fructu
1222 1469 1457 1544 consequetur.

254 1585 286 1629 ν.
314 1567 367 1648 20,
392 1568 444 1630 21.
468 1563 651 1650 Ἀνάστηθι,
675 1564 789 1649 Κύριε,
815 1565 858 1651 μὴ
882 1585 958 1648 κρα·
1047 1582 1079 1626 ν.
1095 1565 1150 1643 20,
1165 1566 1218 1629 21.
1234 1567 1375 1650 Εωαπρε,
1392 1570 1537 1633 Domine.
1553 1587 1618 1634 που
1632 1570 1758 1654 consor-

208 1668 362 1734 ταιούοθω
385 1670 557 1756 ἅνθρωπος,
581 1667 779 1754 κριτήθωσαν
793 1667 867 1752 έθνη
885 1667 958 1733 tve-
1003 1667 1203 1746 περιπίπτω.
1220 1670 1415 1736 Ιιιιίεπειιίαπ
1424 1674 1757 1756 ρεπιίεεεποοτνρεείυ

206 1772 278 1840 πιόν
304 1794 371 1840 σου.
399 1773 623 1858 Κατάστησον,
650 1773 758 1858 Κύριε,
786 1770 958 1858 νομοθέτην
1002 1777 1065 1836 tito.
1086 1773 1259 1854 dorestatae,
1277 1778 1421 1856 Domine,
1443 1793 1542 1858 caper
1559 1796 1611 1843 εοε
1626 1779 1757 1862 lecisla-

207 1879 258 1944 ἐπ’
275 1881 399 1961 αὐτοὺς,
426 1878 596 1964 γνώτωσαν
621 1878 696 1961 έθνη
724 1878 772 1942 δτι
801 1875 959 1962 ἄνθρωποί
1004 1880 1113 1956 torem,
1131 1882 1169 1940 υί
1184 1880 1292 1944 sciant
1314 1887 1425 1963 ρεπείεε
1447 1883 1598 1963 quoniam
1611 1882 1755 1948 homines

209 1984 296 2048 εἰσιν.
1000 1985 1087 2044 meat.

251 2086 402 2176 Διεγείρει
416 2090 471 2154 τὸν
486 2089 578 2171 Θεὸν,
595 2086 636 2165 ὡς
648 2094 706 2170 τῆς
721 2084 841 2171 ἀνοχῆς
857 2084 955 2149 αὐτοῦ
1050 2085 1158 2148 Deum
1176 2087 1415 2168 expergefacit,
1432 2095 1471 2150 ut
1493 2090 1552 2169 qui
1576 2090 1755 2152 tolerantia

205 2195 261 2258 καί
276 2203 330 2258 τοῦ
349 2193 486 2260 πλούτου
508 2202 566 2280 τῆς
581 2191 799 2280 χρηστότητος
821 2193 877 2255 καί
898 2197 957 2274 τῆς
1002 2188 1243 2253 euaetdivitiis
1256 2191 1676 2274 clementiaeetpatientiae,
1689 2196 1755 2258 Da-

207 2293 422 2382 μακροθυμίας
446 2294 606 2382 ἀναδολῆν
622 2295 678 2381 μὲν
696 2294 887 2379 ἐμποιούσης
903 2293 958 2356 ae
1004 2291 1074 2354 vidi
1091 2292 1227 2373 quidem
1241 2311 1470 2357 erumnarum
1483 2296 1753 2377 diuturnitatem,

205 2394 956 2485 τῷ,ἑπιτριύῆνδέτοῖςίισεθέσινἀνθρώποιςἘ-
1002 2397 1116 2477 impiis
1142 2413 1223 2460 vero
1250 2398 1446 2463 hominibus
1473 2401 1619 2465 vexandi
1642 2419 1753 2465 moras

203 2503 296 2588 πειδῆ
319 2501 421 2570 τοίνυν
437 2504 454 2569 ὁ
470 2503 578 2589 παρὼν
600 2503 695 2591 λόγος
710 2501 829 2590 ηὔξατο
848 2501 956 2588 κριθῆ-
1000 2501 1139 2564 tribuat.
1153 2503 1335 2584 Postquam
1351 2509 1467 2568 autem
1483 2507 1629 2588 inempta
1644 2509 1751 2571 oratio

203 2627 255 2672 ναι
270 2606 429 2672 πάντατὰ
444 2605 519 2692 έθνη
535 2605 675 2673 ἐναντίον
697 2615 754 2672 τοῦ
770 2605 864 2688 Θεοῦ,
880 2603 956 2690 σρδ-
1001 2605 1137 2685 rogavit
1152 2607 1240 2670 utin
1258 2613 1439 2690 conspectu
1455 2610 1517 2674 Dei
1537 2629 1653 2676 omnes
1668 2629 1752 2692 gen·

203 2710 263 2795 δρα
278 2710 459 2788 ἀκολούθως
473 2715 533 2796 πρὸ
548 2719 606 2795 τῆς
631 2710 808 2798 μελλούσης
822 2708 955 2796 κρίσεως
1001 2713 1052 2774 tes
1059 2710 1267 2791 judicentur,
1275 2730 1354 2775 cum
1362 2715 1750 2796 aptissimaconsequen·

203 2815 288 2896 ἀξιοῖ
299 2815 472 2902 νομοθέτην
485 2826 551 2894 τοῖς
566 2816 669 2882 ἔθνεσι
691 2815 821 2902 δοθῆναι
836 2817 892 2880 καί
906 2812 956 2879 νύ-
1000 2813 1050 2875 tia
1062 2811 1273 2894 depreeatur,
1285 2820 1323 2878 ut
1334 2817 1511 2895 legislator
1518 2818 1680 2895 gentibus
1689 2821 1750 2882 im·
1822 2869 1823 2872 ι

203 2941 261 3006 μον
276 2921 383 3000 αὐτοῖς
399 2920 627 3007 παραδοθῆναι,
643 2921 685 3000 ὡς
707 2922 746 2987 δν
767 2921 820 2986 διθι
835 2930 892 2984 τοῦ
906 2918 956 2985 νύ·
1001 2922 1157 2997 ponatur,
1174 2920 1268 2982 etlex
1284 2919 1414 2983 feratur
1426 2922 1505 3002 illis,
1523 2925 1562 2984 ut
1573 2922 1705 2986 discant
1715 2941 1752 2986 se

204 3045 263 3110 μου
286 3034 399 3112 γνῦσιν
422 3023 611 3090 ἀναλάδοιεν
626 3025 674 3090 ὅτι
694 3022 852 3109 ἄνθρωποί
867 3024 954 3106 εἰσιν,
1002 3020 1165 3101 homines,
1194 3039 1260 3084 non
1276 3023 1377 3087 bruta
1405 3027 1567 3089 animalia
1586 3044 1668 3106 esse,
1692 3032 1753 3090 aut

204 3128 277 3194 ἀλλ’
285 3131 321 3210 οὐ
334 3129 433 3215 θῆρες
445 3131 558 3217 ἄγριοι,
572 3132 643 3196 οὔτε
656 3129 773 3215 έρπετδι
785 3132 841 3193 καί
851 3129 956 3215 ἄλογα
1002 3126 1137 3206 reptilia
1152 3131 1212 3190 aut
1226 3128 1362 3208 stupida
1373 3127 1540 3210 jumenta,
1557 3132 1681 3212 quibus
1697 3133 1752 3195 lex

203 3233 317 3319 κτίίίίίν
333 3237 379 3313 Οἷς
401 3236 438 3300 ῠῦ
454 3235 603 3320 πρόσεστι
617 3237 729 3322 νόμος·
751 3236 831 3321 μδνη
848 3234 953 3322 γαρῆ
1001 3245 1069 3292 non
1095 3233 1264 3312 competit.
1281 3234 1365 3295 Nam
1377 3236 1449 3297 sola
1474 3236 1651 3299 hominum
1675 3254 1752 3300 con-

202 3348 264 3404 τῶν
279 3339 451 3425 ἀνθρώπων
466 3342 558 3427 φύσις
572 3341 669 3426 νόμου
689 3340 819 3425 δεκτικὴ
836 3340 954 3427 τυγχά-
1002 3334 1085 3397 ditio
1101 3340 1153 3399 est
1167 3335 1255 3414 legis
1272 3355 1389 3419 capax,
1402 3345 1568 3419 quantum
1584 3359 1666 3405 sane
1677 3360 1752 3423 par·

204 3467 259 3528 νει,
283 3445 339 3512 dre
362 3445 401 3531 δη
426 3446 523 3532 λόγου
547 3444 726 3532 μετέχουσα
741 3445 956 3530 διακριτικοῦ·
1001 3439 1107 3520 ticeps
1119 3441 1165 3504 eit
1190 3441 1330 3503 rationis
1346 3444 1389 3506 ad
1404 3443 1663 3508 discernendum
1681 3445 1748 3510 ido·

202 3549 251 3616 διδ
264 3571 353 3635 φησι·
366 3548 590 3635 Κατάστησον,
600 3549 708 3635 Κύριε,
720 3548 892 3636 νομοθέτην
905 3549 956 3615 ἐπ’
1003 3559 1085 3604 neae.
1101 3541 1178 3606 ldeo
1191 3545 1255 3606 ait:
1273 3545 1444 3626 Constitue,
1461 3549 1606 3626 Domine,
1621 3548 1752 3632 ίερίνίυ-

204 3652 328 3732 αὐτούς.
352 3648 436 3738 Ὅρα
451 3663 528 3741 γοῦν
550 3655 719 3738 ἐπιστῆσαι
740 3653 873 3738 πότερον
901 3656 954 3719 τὸν
1002 3650 1100 3709 toran
1112 3664 1210 3728 caper
1226 3665 1287 3713 eoa.
1303 3649 1387 3712 Vide
1403 3667 1501 3730 porro
1517 3657 1551 3715 et
1566 3653 1650 3714 scito
1667 3671 1749 3716 num

204 3756 362 3836 Μωυσέως
377 3759 470 3844 νόμον
487 3757 634 3844 βούλεται
647 3768 712 3836 τοῖς
728 3757 847 3824 έθνεσιν
862 3756 954 3844 δυθῆ.
1002 3751 1086 3814 velit
1101 3753 1264 3830 gentibus
1278 3753 1367 3816 tradi
1380 3755 1492 3833 legem
1509 3757 1698 3838 Mosaicam,
1711 3777 1751 3821 ac

202 3882 263 3945 ναι,
273 3865 328 3927 καί
338 3860 475 3948 Μωῦσῆν
491 3861 598 3939 αὐτοῖς
609 3860 781 3948 νομοθέτην
792 3871 952 3948 καταστῆ-
1001 3855 1114 3919 Mosen
1143 3855 1211 3920 illis
1227 3858 1390 3921 constitui
1418 3861 1664 3940 legislatorem,
1689 3863 1747 3942 qui

202 3987 253 4032 νας
276 3967 329 4033 τὸν
345 3966 446 4032 πάλαι
460 3967 494 4046 ἐξ
515 3966 685 4053 ἀνθρώπων
696 3967 953 4054 meduntam
1002 3958 1131 4023 dudum
1148 3977 1165 4022 e
1181 3961 1269 4024 vivis
1286 3968 1491 4042 excesserat3
1516 3981 1560 4027 an
1575 3981 1655 4028 vero
1679 3966 1748 4029 illia

202 4068 348 4148 θεσπίζει
364 4069 417 4134 διὰ
431 4069 549 4136 τούτων
564 4068 737 4156 νομοθέτην
761 4070 866 4157 ἕτερόν
882 4093 953 4138 τινα
1000 4064 1208 4128 vaticinetur
1223 4066 1368 4130 alterum
1381 4069 1616 4146 legislatorem
1640 4076 1750 4134 Osten-

205 4172 415 4258 ἀναφανῆναι,
425 4177 481 4238 καί
488 4183 598 4238 τοῦτον
609 4175 651 4259 μη
661 4173 825 4252 Ἰουδαίοις
838 4175 953 4261 μόνοις,
1001 4185 1077 4232 snm
1091 4169 1144 4248 iri,
1160 4187 1307 4252 eumque
1324 4188 1391 4234 non
1407 4173 1427 4235 J
1431 4171 1535 4234 udaeis
1557 4172 1678 4253 solum,
1690 4173 1749 4236 sed

205 4276 289 4342 ἀλλὰ
303 4280 359 4342 καί
373 4287 469 4342 πᾶσιν
480 4285 545 4356 τοῖς
560 4278 678 4344 ἔθνεσιν
693 4278 788 4365 νόμον
800 4301 834 4344 τε
847 4281 954 4366 ἕτερον
1001 4274 1159 4339 omnibus
1190 4276 1325 4358 populis
1352 4274 1433 4354 fore,
1465 4277 1646 4357 legemque
1666 4277 1749 4338 alte·

205 4377 335 4463 δοθῆναι
346 4382 435 4465 παρὰ
450 4383 503 4444 τὸν
518 4382 578 4444 ὑπὸ
594 4380 732 4460 Μωσέως
748 4382 954 4472 διατεταγμέ-
1002 4398 1073 4442 ram
1087 4397 1190 4461 quam
1205 4397 1227 4443 a
1243 4383 1356 4464 Moyse
1372 4381 1486 4459 latam,
1504 4379 1649 4444 dandam
1666 4399 1747 4444 esee.

203 4502 266 4547 νον.
289 4481 329 4548 Εἰ
352 4483 407 4568 μὲν
430 4485 492 4570 γὰρ
515 4486 552 4549 et
574 4484 782 4571 εύαγγελυιδν
804 4484 955 4574 κηρυγμα
1001 4485 1036 4547 Si
1048 4485 1139 4547 enim
1151 4487 1390 4563 evangelicum
1401 4486 1658 4565 praeconiumac
1671 4485 1750 4547 novi

203 4589 259 4651 καί
273 4586 292 4650 δ
307 4595 365 4671 τῆς
380 4595 492 4672 καινῆς
507 4586 663 4674 διαθῆκης
686 4591 780 4675 νύμος
795 4593 839 4669 είς
854 4595 954 4658 ᾶπαν-
1001 4588 1136 4654 ioederis
1148 4591 1203 4652 lex
1214 4607 1274 4671 per
1286 4591 1747 4671 omnesgenteeproccsserit,

202 4692 464 4779 ταπθθελθλθθῑῑ
475 4696 516 4759 τί
527 4693 612 4779 ἔθίίίν
629 4694 769 4781 [μηκέτι]
786 4697 886 4782 ἒχρῆν
898 4697 953 4763 ἄλ-
1001 4693 1141 4756 minime
1165 4695 1323 4773 oportuit,
1336 4695 1441 4756 alium
1458 4697 1635 4774 expectare
1647 4695 1750 4771 legia·

202 4794 257 4861 λον
272 4797 343 4860 τινὰ
357 4795 538 4880 προσδοκᾶν
552 4796 725 4882 νομοθέτην
740 4797 952 4885 γενησόμενον
1000 4798 1152 4876 latorem,
1165 4796 1208 4859 ad
1223 4801 1344 4876 gentes
1359 4815 1584 4861 accessurum.
1601 4799 1652 4860 Ex
1675 4799 1749 4880 ipsa

201 4910 267 4979 τοῖς
281 4901 412 4968 έθνεσιν·
427 4902 508 4987 αύτῆ
524 4902 559 4966 δέ
570 4901 713 4990 ἐνεργείᾳ
727 4911 788 4971 νῦν
807 4905 954 4991 πραγμά-
1000 4906 1175 4980 gestarum
1189 4919 1302 4965 rerum
1319 4903 1354 4964 vi
1370 4903 1547 4981 clamatur,
1560 4903 1672 4981 legem
1689 4920 1749 4983 per

201 5025 263 5070 των
275 5005 345 5091 βοᾷ,
358 5005 412 5070 διὰ
423 5014 479 5069 τοῦ
490 5013 633 5090 σωτῆρος
647 5003 736 5091 ἡμῶν
747 5006 888 5092 Χριστοῦ
899 5011 953 5074 τὸν
999 5005 1202 5068 salvatorem
1230 5009 1382 5068 nostrum
1399 5005 1570 5070 Christum
1594 5007 1750 5086 edictam,

202 5213 207 5224 '
235 5231 262 5270 ν.
275 5213 318 5281 20,
331 5213 365 5268 21
380 5210 454 5266 Ibid.
468 5211 506 5266 Is.
520 5227 597 5281 τινι,
611 5214 625 5267 1
641 5243 673 5254 -
685 5215 712 5267 4.
