<?xml version="1.0" encoding="UTF-8"?>
<!DOCTYPE html PUBLIC "-//W3C//DTD XHTML 1.0 Transitional//EN"
    "http://www.w3.org/TR/xhtml1/DTD/xhtml1-transitional.dtd">
<html xmlns="http://www.w3.org/1999/xhtml" xml:lang="en" lang="en">
 <head>
  <title>
</title>
<meta http-equiv="Content-Type" content="text/html;charset=utf-8" />
  <meta name='ocr-system' content='tesseract 3.04.00' />
  <meta name='ocr-capabilities' content='ocr_page ocr_carea ocr_par ocr_line ocrx_word'/>
</head>
<body>
  <div class='ocr_page' id='page_1' title='image "./analectasacrasp00pitrgoog_0156.png"; bbox 0 0 4036 6090; ppageno 0'>
   <div class='ocr_carea' id='block_1_1' title="bbox 822 426 1729 495">
    <p class='ocr_par' dir='ltr' id='par_1_1' title="bbox 822 426 1729 495">
     <span class='ocr_line' id='line_1_1' title="bbox 822 426 1729 495; baseline 0.008 -7"><span class='ocrx_word' id='word_1_1' title='bbox 822 427 865 489; x_wconf 90' lang='lat' dir='ltr'>IN</span> <span class='ocrx_word' id='word_1_2' title='bbox 889 426 1075 492; x_wconf 72' lang='lat' dir='ltr'>Porinos</span> <span class='ocrx_word' id='word_1_3' title='bbox 1669 432 1729 495; x_wconf 82' lang='lat'>145</span> 
     </span>
    </p>
   </div>
   <div class='ocr_carea' id='block_1_2' title="bbox 184 579 1732 1504">
    <p class='ocr_par' dir='ltr' id='par_1_2' title="bbox 184 579 1732 1400">
     <span class='ocr_line' id='line_1_2' title="bbox 186 579 1728 670; baseline 0.005 -25"><span class='ocrx_word' id='word_1_4' title='bbox 186 580 381 650; x_wconf 84' lang='grc' dir='ltr'>διαιτᾶσθαι·</span> <span class='ocrx_word' id='word_1_5' title='bbox 403 585 458 648; x_wconf 86' lang='grc' dir='ltr'>καὶ</span> <span class='ocrx_word' id='word_1_6' title='bbox 480 585 542 670; x_wconf 80' lang='grc' dir='ltr'>γάρ</span> <span class='ocrx_word' id='word_1_7' title='bbox 566 581 704 662; x_wconf 85' lang='grc' dir='ltr'>ἐκείνους</span> <span class='ocrx_word' id='word_1_8' title='bbox 726 581 889 649; x_wconf 85' lang='grc' dir='ltr'>ἐδίδασκεν</span> <span class='ocrx_word' id='word_1_9' title='bbox 911 579 933 665; x_wconf 80' lang='grc' dir='ltr'><strong>ἡ</strong></span> <span class='ocrx_word' id='word_1_10' title='bbox 979 584 1107 649; x_wconf 84' lang='lat' dir='ltr'>aedibns</span> <span class='ocrx_word' id='word_1_11' title='bbox 1123 586 1312 651; x_wconf 88' lang='lat' dir='ltr'>viventium</span> <span class='ocrx_word' id='word_1_12' title='bbox 1329 587 1364 651; x_wconf 93' lang='lat' dir='ltr'>in</span> <span class='ocrx_word' id='word_1_13' title='bbox 1384 588 1566 670; x_wconf 79' lang='lat' dir='ltr'><strong>impietate.</strong></span> <span class='ocrx_word' id='word_1_14' title='bbox 1593 591 1728 654; x_wconf 85' lang='lat' dir='ltr'><strong>Etenim</strong></span> 
     </span>
     <span class='ocr_line' id='line_1_3' title="bbox 184 685 1732 775; baseline 0.003 -24"><span class='ocrx_word' id='word_1_15' title='bbox 184 686 278 772; x_wconf 87' lang='grc' dir='ltr'>χάρις</span> <span class='ocrx_word' id='word_1_16' title='bbox 300 697 355 752; x_wconf 88' lang='grc' dir='ltr'>τοῦ</span> <span class='ocrx_word' id='word_1_17' title='bbox 377 688 553 774; x_wconf 85' lang='grc' dir='ltr'>πνεύματος</span> <span class='ocrx_word' id='word_1_18' title='bbox 577 691 619 774; x_wconf 77' lang='grc' dir='ltr'>μίγ</span> <span class='ocrx_word' id='word_1_19' title='bbox 643 685 856 772; x_wconf 76' lang='grc' dir='ltr'>παραβλέπειν</span> <span class='ocrx_word' id='word_1_20' title='bbox 878 695 934 752; x_wconf 89' lang='grc' dir='ltr'>τοῦ</span> <span class='ocrx_word' id='word_1_21' title='bbox 980 705 1040 753; x_wconf 91' lang='lat' dir='ltr'>nos</span> <span class='ocrx_word' id='word_1_22' title='bbox 1062 689 1203 770; x_wconf 85' lang='lat' dir='ltr'>spiritus</span> <span class='ocrx_word' id='word_1_23' title='bbox 1226 693 1341 768; x_wconf 82' lang='lat' dir='ltr'>gratia</span> <span class='ocrx_word' id='word_1_24' title='bbox 1364 691 1507 772; x_wconf 77' lang='lat' dir='ltr'>edocuit,</span> <span class='ocrx_word' id='word_1_25' title='bbox 1531 710 1598 757; x_wconf 94' lang='lat' dir='ltr'>non</span> <span class='ocrx_word' id='word_1_26' title='bbox 1623 694 1732 775; x_wconf 90' lang='lat' dir='ltr'>despi-</span> 
     </span>
     <span class='ocr_line' id='line_1_4' title="bbox 184 789 1730 879; baseline 0.002 -23"><span class='ocrx_word' id='word_1_27' title='bbox 184 789 275 856; x_wconf 78' lang='grc' dir='ltr'>θείου</span> <span class='ocrx_word' id='word_1_28' title='bbox 290 791 379 856; x_wconf 80' lang='grc' dir='ltr'>οἴκου</span> <span class='ocrx_word' id='word_1_29' title='bbox 391 794 450 878; x_wconf 81' lang='grc' dir='ltr'>την</span> <span class='ocrx_word' id='word_1_30' title='bbox 465 789 609 878; x_wconf 81' lang='grc' dir='ltr'>ἐρημίαν,</span> <span class='ocrx_word' id='word_1_31' title='bbox 621 792 676 856; x_wconf 91' lang='grc' dir='ltr'>καί</span> <span class='ocrx_word' id='word_1_32' title='bbox 687 789 777 877; x_wconf 77' lang='grc' dir='ltr'>ἡμεῖς</span> <span class='ocrx_word' id='word_1_33' title='bbox 790 789 934 854; x_wconf 86' lang='grc' dir='ltr'>παιδευὸ·</span> <span class='ocrx_word' id='word_1_34' title='bbox 979 809 1054 856; x_wconf 86' lang='lat' dir='ltr'>oere</span> <span class='ocrx_word' id='word_1_35' title='bbox 1070 793 1194 857; x_wconf 85' lang='lat' dir='ltr'>divinae</span> <span class='ocrx_word' id='word_1_36' title='bbox 1209 795 1329 859; x_wconf 88' lang='lat' dir='ltr'>domus</span> <span class='ocrx_word' id='word_1_37' title='bbox 1343 796 1581 876; x_wconf 85' lang='lat' dir='ltr'>solitudinem3</span> <span class='ocrx_word' id='word_1_38' title='bbox 1601 814 1730 879; x_wconf 91' lang='lat' dir='ltr'>nosque</span> 
     </span>
     <span class='ocr_line' id='line_1_5' title="bbox 186 893 1730 982; baseline 0.003 -22"><span class='ocrx_word' id='word_1_39' title='bbox 186 895 266 979; x_wconf 86' lang='grc' dir='ltr'>μεθα</span> <span class='ocrx_word' id='word_1_40' title='bbox 281 898 353 974; x_wconf 87' lang='grc' dir='ltr'>τοὺς</span> <span class='ocrx_word' id='word_1_41' title='bbox 368 905 413 982; x_wconf 82' lang='grc' dir='ltr'>τῷ</span> <span class='ocrx_word' id='word_1_42' title='bbox 428 896 499 981; x_wconf 81' lang='grc' dir='ltr'>Θεῷ</span> <span class='ocrx_word' id='word_1_43' title='bbox 515 893 746 981; x_wconf 85' lang='grc' dir='ltr'>άιριερωμένους</span> <span class='ocrx_word' id='word_1_44' title='bbox 758 895 863 972; x_wconf 82' lang='grc' dir='ltr'>οἴκους</span> <span class='ocrx_word' id='word_1_45' title='bbox 878 915 934 958; x_wconf 88' lang='grc' dir='ltr'>πο·</span> <span class='ocrx_word' id='word_1_46' title='bbox 979 897 1014 959; x_wconf 90' lang='lat' dir='ltr'>in</span> <span class='ocrx_word' id='word_1_47' title='bbox 1032 896 1066 959; x_wconf 89' lang='lat' dir='ltr'>id</span> <span class='ocrx_word' id='word_1_48' title='bbox 1081 897 1293 978; x_wconf 80' lang='lat' dir='ltr'>instruimur,</span> <span class='ocrx_word' id='word_1_49' title='bbox 1311 903 1350 961; x_wconf 93' lang='lat' dir='ltr'>ut</span> <span class='ocrx_word' id='word_1_50' title='bbox 1363 899 1483 963; x_wconf 87' lang='lat' dir='ltr'>domus</span> <span class='ocrx_word' id='word_1_51' title='bbox 1499 902 1568 964; x_wconf 91' lang='lat' dir='ltr'>Deo</span> <span class='ocrx_word' id='word_1_52' title='bbox 1581 907 1730 965; x_wconf 81' lang='lat' dir='ltr'>sacratas</span> 
     </span>
     <span class='ocr_line' id='line_1_6' title="bbox 185 997 1732 1086; baseline 0.003 -22"><span class='ocrx_word' id='word_1_53' title='bbox 185 997 250 1065; x_wconf 80' lang='grc' dir='ltr'>θεῖν</span> <span class='ocrx_word' id='word_1_54' title='bbox 265 997 324 1083; x_wconf 73' lang='lat' dir='ltr'>isi,</span> <span class='ocrx_word' id='word_1_55' title='bbox 342 998 449 1085; x_wconf 85' lang='grc' dir='ltr'>ὸμοιον</span> <span class='ocrx_word' id='word_1_56' title='bbox 473 1000 547 1066; x_wconf 83' lang='grc' dir='ltr'>ὡσεί</span> <span class='ocrx_word' id='word_1_57' title='bbox 570 999 675 1085; x_wconf 84' lang='grc' dir='ltr'>λέγοι·</span> <span class='ocrx_word' id='word_1_58' title='bbox 691 1001 746 1064; x_wconf 90' lang='grc' dir='ltr'>καί</span> <span class='ocrx_word' id='word_1_59' title='bbox 766 998 874 1085; x_wconf 88' lang='grc' dir='ltr'>μικρὸς</span> <span class='ocrx_word' id='word_1_60' title='bbox 889 1020 937 1075; x_wconf 87' lang='grc' dir='ltr'>τις</span> <span class='ocrx_word' id='word_1_61' title='bbox 979 1002 1152 1081; x_wconf 88' lang='lat' dir='ltr'>perpetuis</span> <span class='ocrx_word' id='word_1_62' title='bbox 1168 1001 1354 1066; x_wconf 87' lang='lat' dir='ltr'>habeamus</span> <span class='ocrx_word' id='word_1_63' title='bbox 1370 1003 1406 1066; x_wconf 92' lang='lat' dir='ltr'>in</span> <span class='ocrx_word' id='word_1_64' title='bbox 1423 1005 1520 1083; x_wconf 87' lang='lat' dir='ltr'>votis,</span> <span class='ocrx_word' id='word_1_65' title='bbox 1537 1005 1676 1086; x_wconf 88' lang='lat' dir='ltr'>perinde</span> <span class='ocrx_word' id='word_1_66' title='bbox 1692 1024 1732 1068; x_wconf 88' lang='lat' dir='ltr'>ao</span> 
     </span>
     <span class='ocr_line' id='line_1_7' title="bbox 186 1101 1731 1190; baseline 0.002 -21"><span class='ocrx_word' id='word_1_67' title='bbox 186 1104 242 1169; x_wconf 88' lang='grc' dir='ltr'>καί</span> <span class='ocrx_word' id='word_1_68' title='bbox 257 1105 388 1190; x_wconf 84' lang='grc' dir='ltr'>εὐτελὴς</span> <span class='ocrx_word' id='word_1_69' title='bbox 411 1105 491 1171; x_wconf 90' lang='grc' dir='ltr'>είναι</span> <span class='ocrx_word' id='word_1_70' title='bbox 514 1104 634 1190; x_wconf 87' lang='grc' dir='ltr'>μᾶλλον</span> <span class='ocrx_word' id='word_1_71' title='bbox 654 1101 825 1190; x_wconf 83' lang='grc' dir='ltr'>βουλοίμην</span> <span class='ocrx_word' id='word_1_72' title='bbox 840 1103 878 1168; x_wconf 83' lang='grc' dir='ltr'>ἂν</span> <span class='ocrx_word' id='word_1_73' title='bbox 901 1103 935 1167; x_wconf 87' lang='grc' dir='ltr'>έν</span> <span class='ocrx_word' id='word_1_74' title='bbox 979 1104 1009 1167; x_wconf 86' lang='lat' dir='ltr'>si</span> <span class='ocrx_word' id='word_1_75' title='bbox 1025 1104 1131 1167; x_wconf 87' lang='lat' dir='ltr'>diost:</span> <span class='ocrx_word' id='word_1_76' title='bbox 1148 1106 1192 1168; x_wconf 86' lang='lat' dir='ltr'>Et</span> <span class='ocrx_word' id='word_1_77' title='bbox 1206 1106 1359 1170; x_wconf 83' lang='lat' dir='ltr'>modicus</span> <span class='ocrx_word' id='word_1_78' title='bbox 1375 1112 1409 1170; x_wconf 90' lang='lat' dir='ltr'>et</span> <span class='ocrx_word' id='word_1_79' title='bbox 1423 1108 1502 1170; x_wconf 87' lang='lat' dir='ltr'>vilis</span> <span class='ocrx_word' id='word_1_80' title='bbox 1526 1126 1599 1172; x_wconf 87' lang='lat' dir='ltr'>esse</span> <span class='ocrx_word' id='word_1_81' title='bbox 1615 1111 1731 1173; x_wconf 89' lang='lat' dir='ltr'>malim</span> 
     </span>
     <span class='ocr_line' id='line_1_8' title="bbox 185 1195 1731 1296; baseline 0.001 -22"><span class='ocrx_word' id='word_1_82' title='bbox 185 1219 224 1294; x_wconf 78' lang='grc' dir='ltr'>τῇ</span> <span class='ocrx_word' id='word_1_83' title='bbox 252 1207 419 1294; x_wconf 74' lang='grc' dir='ltr'><strong>ἐκκλησίᾳ,</strong></span> <span class='ocrx_word' id='word_1_84' title='bbox 442 1211 464 1296; x_wconf 78' lang='grc' dir='ltr'><strong>ἢ</strong></span> <span class='ocrx_word' id='word_1_85' title='bbox 496 1207 594 1294; x_wconf 81' lang='grc' dir='ltr'>μέγας</span> <span class='ocrx_word' id='word_1_86' title='bbox 624 1207 658 1275; x_wconf 91' lang='grc' dir='ltr'>έν</span> <span class='ocrx_word' id='word_1_87' title='bbox 683 1217 727 1293; x_wconf 84' lang='grc' dir='ltr'>τῷ</span> <span class='ocrx_word' id='word_1_88' title='bbox 758 1205 935 1293; x_wconf 78' lang='grc' dir='ltr'>ἁμαρτωλῷ</span> <span class='ocrx_word' id='word_1_89' title='bbox 980 1225 1126 1289; x_wconf 70' lang='lat' dir='ltr'>prorsus</span> <span class='ocrx_word' id='word_1_90' title='bbox 1143 1208 1225 1272; x_wconf 91' lang='lat' dir='ltr'>dum</span> <span class='ocrx_word' id='word_1_91' title='bbox 1248 1211 1284 1274; x_wconf 95' lang='lat' dir='ltr'>in</span> <span class='ocrx_word' id='word_1_92' title='bbox 1300 1211 1443 1274; x_wconf 82' lang='lat' dir='ltr'>ecelesia</span> <span class='ocrx_word' id='word_1_93' title='bbox 1465 1211 1540 1291; x_wconf 89' lang='lat' dir='ltr'>sim,</span> <span class='ocrx_word' id='word_1_94' title='bbox 1557 1195 1661 1292; x_wconf 83' lang='lat' dir='ltr'>quam</span> <span class='ocrx_word' id='word_1_95' title='bbox 1680 1211 1731 1292; x_wconf 82' lang='lat' dir='ltr'>jn·</span> 
     </span>
     <span class='ocr_line' id='line_1_9' title="bbox 186 1312 1661 1400; baseline 0.001 -21"><span class='ocrx_word' id='word_1_96' title='bbox 186 1312 264 1400; x_wconf 81' lang='grc' dir='ltr'>λαῷ.</span> <span class='ocrx_word' id='word_1_97' title='bbox 980 1313 1065 1376; x_wconf 81' lang='lat' dir='ltr'>nturi</span> <span class='ocrx_word' id='word_1_98' title='bbox 1080 1329 1228 1391; x_wconf 79' lang='lat' dir='ltr'>magnus</span> <span class='ocrx_word' id='word_1_99' title='bbox 1244 1312 1280 1376; x_wconf 95' lang='lat' dir='ltr'>in</span> <span class='ocrx_word' id='word_1_100' title='bbox 1295 1318 1511 1395; x_wconf 81' lang='lat' dir='ltr'>peecatorum</span> <span class='ocrx_word' id='word_1_101' title='bbox 1527 1318 1661 1396; x_wconf 89' lang='lat' dir='ltr'>populo.</span> 
     </span>
    </p>

    <p class='ocr_par' dir='ltr' id='par_1_3' title="bbox 229 1415 1732 1504">
     <span class='ocr_line' id='line_1_10' title="bbox 229 1415 1732 1504; baseline 0.003 -23"><span class='ocrx_word' id='word_1_102' title='bbox 229 1437 262 1482; x_wconf 85' lang='grc' dir='ltr'>ν.</span> <span class='ocrx_word' id='word_1_103' title='bbox 280 1419 310 1500; x_wconf 88' lang='grc'>9,</span> <span class='ocrx_word' id='word_1_104' title='bbox 325 1420 375 1484; x_wconf 90' lang='grc'>10.</span> <span class='ocrx_word' id='word_1_105' title='bbox 391 1417 489 1504; x_wconf 83' lang='grc' dir='ltr'>Κύριε</span> <span class='ocrx_word' id='word_1_106' title='bbox 504 1419 522 1481; x_wconf 91' lang='grc' dir='ltr'><strong>ὸ</strong></span> <span class='ocrx_word' id='word_1_107' title='bbox 538 1416 617 1495; x_wconf 84' lang='grc' dir='ltr'><strong>Θεὸς</strong></span> <span class='ocrx_word' id='word_1_108' title='bbox 629 1426 691 1483; x_wconf 83' lang='grc' dir='ltr'>τῶν</span> <span class='ocrx_word' id='word_1_109' title='bbox 707 1415 878 1504; x_wconf 80' lang='grc' dir='ltr'>δυνάμεων,</span> <span class='ocrx_word' id='word_1_110' title='bbox 894 1417 936 1482; x_wconf 82' lang='grc' dir='ltr'>εί·</span> <span class='ocrx_word' id='word_1_111' title='bbox 1024 1435 1056 1479; x_wconf 89' lang='lat' dir='ltr'>v.</span> <span class='ocrx_word' id='word_1_112' title='bbox 1074 1419 1104 1495; x_wconf 88' lang='grc'>9,</span> <span class='ocrx_word' id='word_1_113' title='bbox 1123 1417 1172 1479; x_wconf 87' lang='grc'>10.</span> <span class='ocrx_word' id='word_1_114' title='bbox 1189 1418 1325 1482; x_wconf 76' lang='grc' dir='ltr'>Βαναίου</span> <span class='ocrx_word' id='word_1_115' title='bbox 1339 1421 1429 1484; x_wconf 73' lang='lat' dir='ltr'>Deme</span> <span class='ocrx_word' id='word_1_116' title='bbox 1446 1419 1618 1500; x_wconf 74' lang='lat' dir='ltr'>mirtulam,</span> <span class='ocrx_word' id='word_1_117' title='bbox 1637 1437 1732 1487; x_wconf 77' lang='lat' dir='ltr'>cooa-</span> 
     </span>
    </p>
   </div>
   <div class='ocr_carea' id='block_1_3' title="bbox 185 1519 1733 1921">
    <p class='ocr_par' dir='ltr' id='par_1_4' title="bbox 185 1519 1732 1816">
     <span class='ocr_line' id='line_1_11' title="bbox 186 1519 1731 1608; baseline 0.003 -23"><span class='ocrx_word' id='word_1_118' title='bbox 186 1521 345 1589; x_wconf 89' lang='grc' dir='ltr'>σάκουσον</span> <span class='ocrx_word' id='word_1_119' title='bbox 367 1531 425 1606; x_wconf 83' lang='grc' dir='ltr'>της</span> <span class='ocrx_word' id='word_1_120' title='bbox 443 1531 625 1608; x_wconf 72' lang='grc' dir='ltr'>προσευχῆς</span> <span class='ocrx_word' id='word_1_121' title='bbox 648 1543 717 1607; x_wconf 88' lang='grc' dir='ltr'>μου.</span> <span class='ocrx_word' id='word_1_122' title='bbox 729 1520 935 1606; x_wconf 83' lang='grc' dir='ltr'>Ὑπερασπισ-</span> <span class='ocrx_word' id='word_1_123' title='bbox 979 1519 1015 1585; x_wconf 85' lang='lat' dir='ltr'>di</span> <span class='ocrx_word' id='word_1_124' title='bbox 1029 1521 1204 1585; x_wconf 83' lang='lat' dir='ltr'>oratiomm</span> <span class='ocrx_word' id='word_1_125' title='bbox 1218 1537 1329 1585; x_wconf 77' lang='lat' dir='ltr'>amam.</span> <span class='ocrx_word' id='word_1_126' title='bbox 1346 1523 1511 1588; x_wconf 80' lang='lat' dir='ltr'>Protector</span> <span class='ocrx_word' id='word_1_127' title='bbox 1525 1527 1634 1589; x_wconf 73' lang='lat' dir='ltr'>meter</span> <span class='ocrx_word' id='word_1_128' title='bbox 1644 1525 1731 1606; x_wconf 82' lang='lat' dir='ltr'>arpi-</span> 
     </span>
     <span class='ocr_line' id='line_1_12' title="bbox 185 1623 1732 1712; baseline 0.001 -22"><span class='ocrx_word' id='word_1_129' title='bbox 185 1627 227 1690; x_wconf 87' lang='grc' dir='ltr'>τά</span> <span class='ocrx_word' id='word_1_130' title='bbox 240 1625 331 1712; x_wconf 82' lang='grc' dir='ltr'>ἡμῶν</span> <span class='ocrx_word' id='word_1_131' title='bbox 348 1627 405 1708; x_wconf 83' lang='grc' dir='ltr'><strong>ίὸε,</strong></span> <span class='ocrx_word' id='word_1_132' title='bbox 422 1629 439 1691; x_wconf 89' lang='grc' dir='ltr'><strong>ὸ</strong></span> <span class='ocrx_word' id='word_1_133' title='bbox 460 1625 550 1710; x_wconf 85' lang='grc' dir='ltr'><strong>Θεὸς,</strong></span> <span class='ocrx_word' id='word_1_134' title='bbox 566 1629 621 1692; x_wconf 88' lang='grc' dir='ltr'>καί</span> <span class='ocrx_word' id='word_1_135' title='bbox 639 1623 808 1710; x_wconf 81' lang='grc' dir='ltr'>έπίὸλεψον</span> <span class='ocrx_word' id='word_1_136' title='bbox 824 1626 876 1690; x_wconf 85' lang='grc' dir='ltr'>έπί</span> <span class='ocrx_word' id='word_1_137' title='bbox 897 1628 933 1690; x_wconf 93' lang='grc' dir='ltr'>τὸ</span> <span class='ocrx_word' id='word_1_138' title='bbox 980 1641 1023 1703; x_wconf 81' lang='lat' dir='ltr'>ce,</span> <span class='ocrx_word' id='word_1_139' title='bbox 1041 1625 1140 1703; x_wconf 78' lang='lat' dir='ltr'>Domo,</span> <span class='ocrx_word' id='word_1_140' title='bbox 1159 1628 1190 1689; x_wconf 80' lang='lat' dir='ltr'>ei</span> <span class='ocrx_word' id='word_1_141' title='bbox 1203 1627 1325 1707; x_wconf 74' lang='lat' dir='ltr'>respice</span> <span class='ocrx_word' id='word_1_142' title='bbox 1338 1626 1376 1690; x_wconf 81' lang='lat' dir='ltr'>in</span> <span class='ocrx_word' id='word_1_143' title='bbox 1387 1625 1516 1708; x_wconf 79' lang='lat' dir='ltr'>faciem</span> <span class='ocrx_word' id='word_1_144' title='bbox 1534 1629 1658 1694; x_wconf 75' lang='lat' dir='ltr'>dirim</span> <span class='ocrx_word' id='word_1_145' title='bbox 1672 1629 1732 1694; x_wconf 82' lang='lat' dir='ltr'>imi.</span> 
     </span>
     <span class='ocr_line' id='line_1_13' title="bbox 186 1729 1730 1816; baseline -0.001 -21"><span class='ocrx_word' id='word_1_146' title='bbox 186 1729 353 1815; x_wconf 82' lang='grc' dir='ltr'>πρόσωπον</span> <span class='ocrx_word' id='word_1_147' title='bbox 369 1741 424 1795; x_wconf 93' lang='grc' dir='ltr'>τοῦ</span> <span class='ocrx_word' id='word_1_148' title='bbox 439 1730 580 1816; x_wconf 82' lang='grc' dir='ltr'>Χριστοῦ</span> <span class='ocrx_word' id='word_1_149' title='bbox 596 1741 663 1796; x_wconf 92' lang='grc' dir='ltr'>σου.</span> <span class='ocrx_word' id='word_1_150' title='bbox 1728 1789 1730 1794; x_wconf 92' lang='grc'>.</span> 
     </span>
    </p>

    <p class='ocr_par' dir='ltr' id='par_1_5' title="bbox 228 1831 1733 1921">
     <span class='ocr_line' id='line_1_14' title="bbox 228 1831 1733 1921; baseline 0.001 -21"><span class='ocrx_word' id='word_1_151' title='bbox 228 1831 316 1900; x_wconf 86' lang='grc' dir='ltr'><strong>Ἀντί</strong></span> <span class='ocrx_word' id='word_1_152' title='bbox 332 1843 406 1899; x_wconf 88' lang='grc' dir='ltr'>τοῦ·</span> <span class='ocrx_word' id='word_1_153' title='bbox 420 1833 571 1921; x_wconf 80' lang='grc' dir='ltr'>ἐπέμενον</span> <span class='ocrx_word' id='word_1_154' title='bbox 594 1835 679 1921; x_wconf 83' lang='grc' dir='ltr'>ὑμῶν</span> <span class='ocrx_word' id='word_1_155' title='bbox 693 1832 934 1920; x_wconf 89' lang='grc' dir='ltr'>προιστάμενος,</span> <span class='ocrx_word' id='word_1_156' title='bbox 1026 1833 1064 1896; x_wconf 89' lang='lat' dir='ltr'>Id</span> <span class='ocrx_word' id='word_1_157' title='bbox 1079 1837 1139 1914; x_wconf 89' lang='lat' dir='ltr'>est,</span> <span class='ocrx_word' id='word_1_158' title='bbox 1155 1852 1334 1916; x_wconf 81' lang='lat' dir='ltr'>persevera</span> <span class='ocrx_word' id='word_1_159' title='bbox 1349 1835 1397 1899; x_wconf 86' lang='lat' dir='ltr'>ite</span> <span class='ocrx_word' id='word_1_160' title='bbox 1417 1854 1478 1900; x_wconf 92' lang='lat' dir='ltr'>nos</span> <span class='ocrx_word' id='word_1_161' title='bbox 1494 1838 1584 1901; x_wconf 88' lang='lat' dir='ltr'>tueri</span> <span class='ocrx_word' id='word_1_162' title='bbox 1607 1843 1641 1902; x_wconf 85' lang='lat' dir='ltr'>et</span> <span class='ocrx_word' id='word_1_163' title='bbox 1659 1856 1733 1919; x_wconf 89' lang='lat' dir='ltr'>pro·</span> 
     </span>
    </p>
   </div>
   <div class='ocr_carea' id='block_1_4' title="bbox 185 1935 1738 4837">
    <p class='ocr_par' dir='ltr' id='par_1_6' title="bbox 185 1935 1733 2545">
     <span class='ocr_line' id='line_1_15' title="bbox 186 1935 1731 2026; baseline 0.003 -25"><span class='ocrx_word' id='word_1_164' title='bbox 186 1935 405 2022; x_wconf 77' lang='grc' dir='ltr'>ὑπερασπίζων</span> <span class='ocrx_word' id='word_1_165' title='bbox 420 1941 475 2004; x_wconf 85' lang='grc' dir='ltr'>καί</span> <span class='ocrx_word' id='word_1_166' title='bbox 490 1938 663 2026; x_wconf 81' lang='grc' dir='ltr'>φροντίζων</span> <span class='ocrx_word' id='word_1_167' title='bbox 685 1940 740 2003; x_wconf 87' lang='grc' dir='ltr'>καί</span> <span class='ocrx_word' id='word_1_168' title='bbox 755 1945 812 2022; x_wconf 80' lang='grc' dir='ltr'>της</span> <span class='ocrx_word' id='word_1_169' title='bbox 826 1941 936 2023; x_wconf 84' lang='grc' dir='ltr'>εὸπρε-</span> <span class='ocrx_word' id='word_1_170' title='bbox 980 1940 1107 2018; x_wconf 77' lang='lat' dir='ltr'>tegere,</span> <span class='ocrx_word' id='word_1_171' title='bbox 1124 1942 1158 2002; x_wconf 89' lang='lat' dir='ltr'>et</span> <span class='ocrx_word' id='word_1_172' title='bbox 1172 1958 1263 2004; x_wconf 83' lang='lat' dir='ltr'>curae</span> <span class='ocrx_word' id='word_1_173' title='bbox 1284 1940 1409 2004; x_wconf 85' lang='lat' dir='ltr'>habere</span> <span class='ocrx_word' id='word_1_174' title='bbox 1424 1941 1527 2005; x_wconf 88' lang='lat' dir='ltr'>decus</span> <span class='ocrx_word' id='word_1_175' title='bbox 1550 1944 1650 2021; x_wconf 81' lang='lat' dir='ltr'>regni</span> <span class='ocrx_word' id='word_1_176' title='bbox 1674 1961 1731 2006; x_wconf 92' lang='lat' dir='ltr'>no·</span> 
     </span>
     <span class='ocr_line' id='line_1_16' title="bbox 185 2039 1731 2129; baseline 0.001 -22"><span class='ocrx_word' id='word_1_177' title='bbox 185 2040 277 2119; x_wconf 86' lang='grc' dir='ltr'>πείας</span> <span class='ocrx_word' id='word_1_178' title='bbox 292 2051 349 2127; x_wconf 78' lang='grc' dir='ltr'>της</span> <span class='ocrx_word' id='word_1_179' title='bbox 366 2041 526 2129; x_wconf 84' lang='grc' dir='ltr'>βασιλείοις</span> <span class='ocrx_word' id='word_1_180' title='bbox 540 2043 639 2129; x_wconf 78' lang='grc' dir='ltr'><strong>ἡμῶν.</strong></span> <span class='ocrx_word' id='word_1_181' title='bbox 654 2041 793 2128; x_wconf 91' lang='grc' dir='ltr'>Χριστὸν</span> <span class='ocrx_word' id='word_1_182' title='bbox 808 2044 869 2127; x_wconf 98' lang='lat' dir='ltr'>rip</span> <span class='ocrx_word' id='word_1_183' title='bbox 885 2039 936 2106; x_wconf 94' lang='grc' dir='ltr'>λέ-</span> <span class='ocrx_word' id='word_1_184' title='bbox 981 2043 1053 2106; x_wconf 88' lang='lat' dir='ltr'>stri.</span> <span class='ocrx_word' id='word_1_185' title='bbox 1069 2043 1240 2107; x_wconf 82' lang='lat' dir='ltr'>Christum</span> <span class='ocrx_word' id='word_1_186' title='bbox 1264 2044 1355 2108; x_wconf 89' lang='lat' dir='ltr'>enim</span> <span class='ocrx_word' id='word_1_187' title='bbox 1371 2051 1470 2108; x_wconf 84' lang='lat' dir='ltr'>vocat</span> <span class='ocrx_word' id='word_1_188' title='bbox 1491 2046 1547 2108; x_wconf 85' lang='lat' dir='ltr'>hio</span> <span class='ocrx_word' id='word_1_189' title='bbox 1571 2064 1687 2126; x_wconf 82' lang='lat' dir='ltr'>regem</span> <span class='ocrx_word' id='word_1_190' title='bbox 1710 2063 1731 2108; x_wconf 87' lang='lat' dir='ltr'>o</span> 
     </span>
     <span class='ocr_line' id='line_1_17' title="bbox 186 2145 1733 2232; baseline 0.003 -22"><span class='ocrx_word' id='word_1_191' title='bbox 186 2167 236 2232; x_wconf 86' lang='grc' dir='ltr'>γει</span> <span class='ocrx_word' id='word_1_192' title='bbox 251 2145 397 2228; x_wconf 83' lang='grc' dir='ltr'>ἐνταῦθα,</span> <span class='ocrx_word' id='word_1_193' title='bbox 420 2150 473 2213; x_wconf 92' lang='grc' dir='ltr'>τὸν</span> <span class='ocrx_word' id='word_1_194' title='bbox 489 2147 527 2212; x_wconf 92' lang='grc' dir='ltr'>έκ</span> <span class='ocrx_word' id='word_1_195' title='bbox 542 2145 730 2224; x_wconf 80' lang='grc' dir='ltr'>Βαὸυλῦνος</span> <span class='ocrx_word' id='word_1_196' title='bbox 751 2145 936 2212; x_wconf 88' lang='grc' dir='ltr'>ἐπανελθὸν-</span> <span class='ocrx_word' id='word_1_197' title='bbox 981 2147 1152 2229; x_wconf 87' lang='lat' dir='ltr'>Babylone</span> <span class='ocrx_word' id='word_1_198' title='bbox 1162 2148 1331 2228; x_wconf 83' lang='lat' dir='ltr'>reducem,</span> <span class='ocrx_word' id='word_1_199' title='bbox 1342 2150 1534 2214; x_wconf 75' lang='lat' dir='ltr'>zorobabel.</span> <span class='ocrx_word' id='word_1_200' title='bbox 1544 2153 1605 2214; x_wconf 86' lang='lat' dir='ltr'>Vel</span> <span class='ocrx_word' id='word_1_201' title='bbox 1613 2151 1733 2214; x_wconf 81' lang='lat' dir='ltr'>faeiem</span> 
     </span>
     <span class='ocr_line' id='line_1_18' title="bbox 185 2244 1733 2338; baseline 0.003 -23"><span class='ocrx_word' id='word_1_202' title='bbox 185 2272 227 2315; x_wconf 92' lang='grc' dir='ltr'>τα</span> <span class='ocrx_word' id='word_1_203' title='bbox 250 2249 384 2338; x_wconf 81' lang='grc' dir='ltr'>βασιλέα</span> <span class='ocrx_word' id='word_1_204' title='bbox 405 2255 459 2316; x_wconf 91' lang='grc' dir='ltr'>τὸν</span> <span class='ocrx_word' id='word_1_205' title='bbox 482 2249 671 2336; x_wconf 78' lang='grc' dir='ltr'>Ζοροὸαῦέλ.</span> <span class='ocrx_word' id='word_1_206' title='bbox 699 2244 745 2315; x_wconf 88' lang='grc' dir='ltr'><strong>Ἢ</strong></span> <span class='ocrx_word' id='word_1_207' title='bbox 769 2249 936 2335; x_wconf 79' lang='grc' dir='ltr'>πρόσωπον</span> <span class='ocrx_word' id='word_1_208' title='bbox 982 2253 1105 2316; x_wconf 81' lang='lat' dir='ltr'>Christi</span> <span class='ocrx_word' id='word_1_209' title='bbox 1125 2253 1274 2333; x_wconf 86' lang='lat' dir='ltr'>appellet</span> <span class='ocrx_word' id='word_1_210' title='bbox 1297 2256 1460 2335; x_wconf 90' lang='lat' dir='ltr'>populum</span> <span class='ocrx_word' id='word_1_211' title='bbox 1475 2256 1586 2318; x_wconf 88' lang='lat' dir='ltr'>salute</span> <span class='ocrx_word' id='word_1_212' title='bbox 1606 2256 1733 2319; x_wconf 82' lang='lat' dir='ltr'>incolu-</span> 
     </span>
     <span class='ocr_line' id='line_1_19' title="bbox 186 2354 1733 2442; baseline 0.001 -22"><span class='ocrx_word' id='word_1_213' title='bbox 186 2366 317 2442; x_wconf 81' lang='grc' dir='ltr'>χριστοῦ</span> <span class='ocrx_word' id='word_1_214' title='bbox 335 2355 420 2441; x_wconf 89' lang='grc' dir='ltr'>λέγει</span> <span class='ocrx_word' id='word_1_215' title='bbox 443 2358 497 2421; x_wconf 88' lang='grc' dir='ltr'>τὸν</span> <span class='ocrx_word' id='word_1_216' title='bbox 513 2354 710 2441; x_wconf 84' lang='grc' dir='ltr'>σεσωσμένον</span> <span class='ocrx_word' id='word_1_217' title='bbox 724 2354 812 2437; x_wconf 90' lang='grc' dir='ltr'>λαὸν,</span> <span class='ocrx_word' id='word_1_218' title='bbox 828 2355 864 2419; x_wconf 91' lang='grc' dir='ltr'>ὸν</span> <span class='ocrx_word' id='word_1_219' title='bbox 882 2354 937 2417; x_wconf 85' lang='grc' dir='ltr'>καί</span> <span class='ocrx_word' id='word_1_220' title='bbox 982 2373 1082 2435; x_wconf 88' lang='lat' dir='ltr'>mem,</span> <span class='ocrx_word' id='word_1_221' title='bbox 1096 2373 1197 2438; x_wconf 88' lang='lat' dir='ltr'>quem</span> <span class='ocrx_word' id='word_1_222' title='bbox 1208 2359 1335 2420; x_wconf 86' lang='lat' dir='ltr'>Paulus</span> <span class='ocrx_word' id='word_1_223' title='bbox 1347 2359 1480 2422; x_wconf 86' lang='lat' dir='ltr'>voosvit</span> <span class='ocrx_word' id='word_1_224' title='bbox 1492 2358 1617 2423; x_wconf 82' lang='lat' dir='ltr'>Christi</span> <span class='ocrx_word' id='word_1_225' title='bbox 1629 2375 1733 2422; x_wconf 88' lang='lat' dir='ltr'>mem-</span> 
     </span>
     <span class='ocr_line' id='line_1_20' title="bbox 187 2457 1239 2545; baseline -0.001 -20"><span class='ocrx_word' id='word_1_226' title='bbox 187 2458 316 2537; x_wconf 82' lang='grc' dir='ltr'>Παῦλος</span> <span class='ocrx_word' id='word_1_227' title='bbox 332 2458 412 2545; x_wconf 85' lang='grc' dir='ltr'>μέλη</span> <span class='ocrx_word' id='word_1_228' title='bbox 429 2459 568 2544; x_wconf 85' lang='grc' dir='ltr'>Χριστοῦ</span> <span class='ocrx_word' id='word_1_229' title='bbox 584 2462 639 2524; x_wconf 88' lang='grc' dir='ltr'>καί</span> <span class='ocrx_word' id='word_1_230' title='bbox 654 2469 747 2544; x_wconf 81' lang='grc' dir='ltr'>σῶμα</span> <span class='ocrx_word' id='word_1_231' title='bbox 762 2457 880 2524; x_wconf 79' lang='grc' dir='ltr'>ἐκάλει.</span> <span class='ocrx_word' id='word_1_232' title='bbox 982 2460 1044 2524; x_wconf 86' lang='lat' dir='ltr'>bra</span> <span class='ocrx_word' id='word_1_233' title='bbox 1059 2464 1093 2522; x_wconf 88' lang='lat' dir='ltr'>et</span> <span class='ocrx_word' id='word_1_234' title='bbox 1107 2476 1239 2541; x_wconf 83' lang='lat' dir='ltr'>corpus.</span> 
     </span>
    </p>

    <p class='ocr_par' dir='ltr' id='par_1_7' title="bbox 187 2559 1735 2754">
     <span class='ocr_line' id='line_1_21' title="bbox 231 2559 1731 2648; baseline 0.001 -18"><span class='ocrx_word' id='word_1_235' title='bbox 231 2585 262 2630; x_wconf 90' lang='lat' dir='ltr'>v.</span> <span class='ocrx_word' id='word_1_236' title='bbox 280 2567 331 2629; x_wconf 83' lang='lat'>12.</span> <span class='ocrx_word' id='word_1_237' title='bbox 354 2559 425 2629; x_wconf 88' lang='grc' dir='ltr'>Ὅτι</span> <span class='ocrx_word' id='word_1_238' title='bbox 450 2564 539 2630; x_wconf 90' lang='grc' dir='ltr'>έλεον</span> <span class='ocrx_word' id='word_1_239' title='bbox 566 2566 621 2628; x_wconf 84' lang='grc' dir='ltr'>καί</span> <span class='ocrx_word' id='word_1_240' title='bbox 647 2563 798 2648; x_wconf 78' lang='grc' dir='ltr'>ἀληθειαν</span> <span class='ocrx_word' id='word_1_241' title='bbox 825 2563 936 2648; x_wconf 83' lang='grc' dir='ltr'>ἀγαπᾷ</span> <span class='ocrx_word' id='word_1_242' title='bbox 1026 2580 1058 2625; x_wconf 82' lang='grc' dir='ltr'>ν.</span> <span class='ocrx_word' id='word_1_243' title='bbox 1077 2564 1127 2626; x_wconf 80' lang='lat'>12.</span> <span class='ocrx_word' id='word_1_244' title='bbox 1148 2564 1303 2639; x_wconf 70' lang='lat' dir='ltr'>damiam</span> <span class='ocrx_word' id='word_1_245' title='bbox 1324 2565 1581 2632; x_wconf 75' lang='lat' dir='ltr'>misericordiam</span> <span class='ocrx_word' id='word_1_246' title='bbox 1595 2571 1627 2632; x_wconf 83' lang='lat' dir='ltr'>ei</span> <span class='ocrx_word' id='word_1_247' title='bbox 1646 2567 1731 2631; x_wconf 81' lang='lat' dir='ltr'>oiri-</span> 
     </span>
     <span class='ocr_line' id='line_1_22' title="bbox 187 2666 1735 2754; baseline 0.001 -20"><span class='ocrx_word' id='word_1_248' title='bbox 187 2666 313 2754; x_wconf 88' lang='grc' dir='ltr'>Κύριος,</span> <span class='ocrx_word' id='word_1_249' title='bbox 330 2669 347 2744; x_wconf 89' lang='grc' dir='ltr'><strong>ὸ</strong></span> <span class='ocrx_word' id='word_1_250' title='bbox 363 2668 443 2747; x_wconf 90' lang='grc' dir='ltr'><strong>Θεὸς</strong></span> <span class='ocrx_word' id='word_1_251' title='bbox 458 2668 551 2754; x_wconf 84' lang='grc' dir='ltr'>χάριν</span> <span class='ocrx_word' id='word_1_252' title='bbox 566 2669 621 2733; x_wconf 88' lang='grc' dir='ltr'>καί</span> <span class='ocrx_word' id='word_1_253' title='bbox 636 2668 728 2748; x_wconf 84' lang='grc' dir='ltr'>δόξαν</span> <span class='ocrx_word' id='word_1_254' title='bbox 744 2666 847 2733; x_wconf 82' lang='grc' dir='ltr'>ὸίισει.</span> <span class='ocrx_word' id='word_1_255' title='bbox 983 2669 1079 2731; x_wconf 80' lang='lat' dir='ltr'>tatem</span> <span class='ocrx_word' id='word_1_256' title='bbox 1090 2666 1203 2750; x_wconf 79' lang='lat' dir='ltr'>dilipii</span> <span class='ocrx_word' id='word_1_257' title='bbox 1213 2669 1381 2749; x_wconf 78' lang='lat' dir='ltr'>Drmiam,</span> <span class='ocrx_word' id='word_1_258' title='bbox 1392 2671 1481 2735; x_wconf 67' lang='lat' dir='ltr'>Dim</span> <span class='ocrx_word' id='word_1_259' title='bbox 1492 2670 1582 2735; x_wconf 78' lang='lat' dir='ltr'>mm</span> <span class='ocrx_word' id='word_1_260' title='bbox 1588 2672 1735 2754; x_wconf 72' lang='lat' dir='ltr'>qratiam</span> 
     </span>
    </p>

    <p class='ocr_par' dir='ltr' id='par_1_8' title="bbox 983 2771 1179 2854">
     <span class='ocr_line' id='line_1_23' title="bbox 983 2771 1179 2854; baseline -0.01 -18"><span class='ocrx_word' id='word_1_261' title='bbox 983 2771 1179 2854; x_wconf 76' lang='lat' dir='ltr'>etpioriam.</span> 
     </span>
    </p>

    <p class='ocr_par' dir='ltr' id='par_1_9' title="bbox 185 2873 1737 4007">
     <span class='ocr_line' id='line_1_24' title="bbox 229 2873 1736 2962; baseline 0 -20"><span class='ocrx_word' id='word_1_262' title='bbox 229 2875 346 2942; x_wconf 86' lang='grc' dir='ltr'>Ἐλεον</span> <span class='ocrx_word' id='word_1_263' title='bbox 360 2878 415 2941; x_wconf 86' lang='grc' dir='ltr'>καὶ</span> <span class='ocrx_word' id='word_1_264' title='bbox 427 2873 587 2961; x_wconf 77' lang='grc' dir='ltr'>ἀληθειαν,</span> <span class='ocrx_word' id='word_1_265' title='bbox 604 2877 673 2944; x_wconf 92' lang='grc' dir='ltr'>άντί</span> <span class='ocrx_word' id='word_1_266' title='bbox 687 2886 762 2942; x_wconf 85' lang='grc' dir='ltr'>τοῦ·</span> <span class='ocrx_word' id='word_1_267' title='bbox 777 2873 937 2962; x_wconf 78' lang='grc' dir='ltr'>ἐλεήμονα</span> <span class='ocrx_word' id='word_1_268' title='bbox 1027 2875 1289 2941; x_wconf 76' lang='lat' dir='ltr'>Misericordiam</span> <span class='ocrx_word' id='word_1_269' title='bbox 1303 2881 1335 2942; x_wconf 80' lang='lat' dir='ltr'>ei</span> <span class='ocrx_word' id='word_1_270' title='bbox 1347 2879 1527 2959; x_wconf 71' lang='lat' dir='ltr'>irritatam,</span> <span class='ocrx_word' id='word_1_271' title='bbox 1547 2879 1581 2942; x_wconf 89' lang='lat' dir='ltr'>id</span> <span class='ocrx_word' id='word_1_272' title='bbox 1598 2883 1657 2959; x_wconf 87' lang='lat' dir='ltr'>est,</span> <span class='ocrx_word' id='word_1_273' title='bbox 1673 2880 1736 2942; x_wconf 91' lang='lat' dir='ltr'>mi·</span> 
     </span>
     <span class='ocr_line' id='line_1_25' title="bbox 185 2979 1734 3067; baseline -0.001 -20"><span class='ocrx_word' id='word_1_274' title='bbox 185 2984 241 3047; x_wconf 84' lang='grc' dir='ltr'>καί</span> <span class='ocrx_word' id='word_1_275' title='bbox 257 2981 404 3067; x_wconf 82' lang='grc' dir='ltr'>ἀληθινὸν</span> <span class='ocrx_word' id='word_1_276' title='bbox 427 2980 538 3066; x_wconf 88' lang='grc' dir='ltr'>άγαπᾷ</span> <span class='ocrx_word' id='word_1_277' title='bbox 561 2979 687 3066; x_wconf 87' lang='grc' dir='ltr'>Κύριος.</span> <span class='ocrx_word' id='word_1_278' title='bbox 711 2979 851 3065; x_wconf 82' lang='grc' dir='ltr'>Συνηθὲς</span> <span class='ocrx_word' id='word_1_279' title='bbox 874 2981 936 3064; x_wconf 93' lang='lat' dir='ltr'>rip</span> <span class='ocrx_word' id='word_1_280' title='bbox 983 2979 1185 3043; x_wconf 84' lang='lat' dir='ltr'>sericordem</span> <span class='ocrx_word' id='word_1_281' title='bbox 1203 2986 1237 3044; x_wconf 90' lang='lat' dir='ltr'>et</span> <span class='ocrx_word' id='word_1_282' title='bbox 1251 2998 1406 3046; x_wconf 81' lang='lat' dir='ltr'>veracem</span> <span class='ocrx_word' id='word_1_283' title='bbox 1422 2983 1539 3062; x_wconf 79' lang='lat' dir='ltr'>diligit</span> <span class='ocrx_word' id='word_1_284' title='bbox 1559 2985 1734 3048; x_wconf 85' lang='lat' dir='ltr'>Dominus.</span> 
     </span>
     <span class='ocr_line' id='line_1_26' title="bbox 185 3082 1737 3172; baseline 0.001 -22"><span class='ocrx_word' id='word_1_285' title='bbox 185 3097 226 3172; x_wconf 77' lang='grc' dir='ltr'>τῇ</span> <span class='ocrx_word' id='word_1_286' title='bbox 241 3095 348 3171; x_wconf 76' lang='grc' dir='ltr'>γραφη</span> <span class='ocrx_word' id='word_1_287' title='bbox 364 3087 424 3171; x_wconf 76' lang='grc' dir='ltr'>τὴν</span> <span class='ocrx_word' id='word_1_288' title='bbox 439 3085 501 3165; x_wconf 85' lang='grc' dir='ltr'>έξιν</span> <span class='ocrx_word' id='word_1_289' title='bbox 516 3085 585 3151; x_wconf 87' lang='grc' dir='ltr'>άντί</span> <span class='ocrx_word' id='word_1_290' title='bbox 607 3095 663 3151; x_wconf 86' lang='grc' dir='ltr'>τοῦ</span> <span class='ocrx_word' id='word_1_291' title='bbox 680 3083 867 3172; x_wconf 89' lang='grc' dir='ltr'>μετέχοντος</span> <span class='ocrx_word' id='word_1_292' title='bbox 886 3082 938 3150; x_wconf 78' lang='grc' dir='ltr'>λέ·</span> <span class='ocrx_word' id='word_1_293' title='bbox 984 3085 1167 3147; x_wconf 85' lang='lat' dir='ltr'>consuevit</span> <span class='ocrx_word' id='word_1_294' title='bbox 1199 3086 1290 3149; x_wconf 87' lang='lat' dir='ltr'>enim</span> <span class='ocrx_word' id='word_1_295' title='bbox 1319 3088 1493 3169; x_wconf 80' lang='lat' dir='ltr'>Scriptura</span> <span class='ocrx_word' id='word_1_296' title='bbox 1524 3088 1680 3151; x_wconf 83' lang='lat' dir='ltr'>hobitum</span> <span class='ocrx_word' id='word_1_297' title='bbox 1703 3106 1737 3151; x_wconf 84' lang='lat' dir='ltr'>a·</span> 
     </span>
     <span class='ocr_line' id='line_1_27' title="bbox 185 3187 1733 3277; baseline -0.001 -21"><span class='ocrx_word' id='word_1_298' title='bbox 185 3211 265 3277; x_wconf 89' lang='grc' dir='ltr'>γειν·</span> <span class='ocrx_word' id='word_1_299' title='bbox 281 3192 352 3276; x_wconf 77' lang='grc' dir='ltr'>οὐχί</span> <span class='ocrx_word' id='word_1_300' title='bbox 367 3190 422 3268; x_wconf 73' lang='grc' dir='ltr'>δύο</span> <span class='ocrx_word' id='word_1_301' title='bbox 438 3189 525 3276; x_wconf 91' lang='grc' dir='ltr'>λέγει</span> <span class='ocrx_word' id='word_1_302' title='bbox 540 3190 722 3277; x_wconf 87' lang='grc' dir='ltr'>πράγματα,</span> <span class='ocrx_word' id='word_1_303' title='bbox 746 3189 817 3254; x_wconf 81' lang='grc' dir='ltr'>ἀλλ’</span> <span class='ocrx_word' id='word_1_304' title='bbox 827 3190 939 3274; x_wconf 72' lang='grc' dir='ltr'>ἥδεται</span> <span class='ocrx_word' id='word_1_305' title='bbox 984 3187 1089 3265; x_wconf 79' lang='lat' dir='ltr'>gendi</span> <span class='ocrx_word' id='word_1_306' title='bbox 1112 3205 1172 3269; x_wconf 91' lang='lat' dir='ltr'>pro</span> <span class='ocrx_word' id='word_1_307' title='bbox 1187 3195 1312 3268; x_wconf 81' lang='lat' dir='ltr'>agente</span> <span class='ocrx_word' id='word_1_308' title='bbox 1327 3191 1449 3254; x_wconf 85' lang='lat' dir='ltr'>dicere.</span> <span class='ocrx_word' id='word_1_309' title='bbox 1477 3193 1550 3255; x_wconf 92' lang='lat' dir='ltr'>Non</span> <span class='ocrx_word' id='word_1_310' title='bbox 1569 3191 1653 3256; x_wconf 86' lang='lat' dir='ltr'>duas</span> <span class='ocrx_word' id='word_1_311' title='bbox 1681 3209 1733 3255; x_wconf 86' lang='lat' dir='ltr'>res</span> 
     </span>
     <span class='ocr_line' id='line_1_28' title="bbox 188 3291 1736 3381; baseline -0.001 -21"><span class='ocrx_word' id='word_1_312' title='bbox 188 3303 233 3381; x_wconf 77' lang='grc' dir='ltr'>τῷ</span> <span class='ocrx_word' id='word_1_313' title='bbox 262 3293 361 3360; x_wconf 86' lang='grc' dir='ltr'>έλεεῖν</span> <span class='ocrx_word' id='word_1_314' title='bbox 384 3295 438 3358; x_wconf 83' lang='grc' dir='ltr'>καί</span> <span class='ocrx_word' id='word_1_315' title='bbox 461 3293 626 3378; x_wconf 81' lang='grc' dir='ltr'>ἀληθεύειν</span> <span class='ocrx_word' id='word_1_316' title='bbox 649 3294 778 3380; x_wconf 85' lang='grc' dir='ltr'>άγαπᾷ·</span> <span class='ocrx_word' id='word_1_317' title='bbox 801 3295 822 3380; x_wconf 76' lang='grc' dir='ltr'><strong>ἢ</strong></span> <span class='ocrx_word' id='word_1_318' title='bbox 850 3293 938 3371; x_wconf 81' lang='grc' dir='ltr'>ἔλεος</span> <span class='ocrx_word' id='word_1_319' title='bbox 984 3291 1076 3371; x_wconf 86' lang='lat' dir='ltr'>dicit,</span> <span class='ocrx_word' id='word_1_320' title='bbox 1091 3292 1150 3356; x_wconf 89' lang='lat' dir='ltr'>sed</span> <span class='ocrx_word' id='word_1_321' title='bbox 1172 3295 1282 3374; x_wconf 86' lang='lat' dir='ltr'>plnoet</span> <span class='ocrx_word' id='word_1_322' title='bbox 1306 3297 1337 3358; x_wconf 86' lang='lat' dir='ltr'>ei</span> <span class='ocrx_word' id='word_1_323' title='bbox 1353 3295 1619 3360; x_wconf 79' lang='lat' dir='ltr'>misericordiam</span> <span class='ocrx_word' id='word_1_324' title='bbox 1643 3314 1736 3359; x_wconf 85' lang='lat' dir='ltr'>exer-</span> 
     </span>
     <span class='ocr_line' id='line_1_29' title="bbox 185 3396 1735 3484; baseline 0.001 -22"><span class='ocrx_word' id='word_1_325' title='bbox 185 3399 242 3463; x_wconf 88' lang='grc' dir='ltr'>καί</span> <span class='ocrx_word' id='word_1_326' title='bbox 264 3396 415 3482; x_wconf 82' lang='grc' dir='ltr'>άληθειαν</span> <span class='ocrx_word' id='word_1_327' title='bbox 439 3397 570 3483; x_wconf 88' lang='grc' dir='ltr'>άγαπᾷ,</span> <span class='ocrx_word' id='word_1_328' title='bbox 601 3399 639 3462; x_wconf 82' lang='grc' dir='ltr'>οὺ</span> <span class='ocrx_word' id='word_1_329' title='bbox 661 3399 718 3475; x_wconf 84' lang='grc' dir='ltr'>τὰς</span> <span class='ocrx_word' id='word_1_330' title='bbox 741 3397 780 3462; x_wconf 85' lang='grc' dir='ltr'>δι’</span> <span class='ocrx_word' id='word_1_331' title='bbox 798 3397 939 3484; x_wconf 84' lang='grc' dir='ltr'>αἱμάτων</span> <span class='ocrx_word' id='word_1_332' title='bbox 984 3397 1063 3478; x_wconf 84' lang='lat' dir='ltr'>ceri,</span> <span class='ocrx_word' id='word_1_333' title='bbox 1081 3402 1115 3460; x_wconf 87' lang='lat' dir='ltr'>et</span> <span class='ocrx_word' id='word_1_334' title='bbox 1137 3397 1203 3461; x_wconf 88' lang='lat' dir='ltr'>dici</span> <span class='ocrx_word' id='word_1_335' title='bbox 1218 3415 1338 3462; x_wconf 87' lang='lat' dir='ltr'>verum</span> <span class='ocrx_word' id='word_1_336' title='bbox 1354 3400 1457 3462; x_wconf 89' lang='lat' dir='ltr'>lubet.</span> <span class='ocrx_word' id='word_1_337' title='bbox 1475 3401 1536 3464; x_wconf 87' lang='lat' dir='ltr'>Vel</span> <span class='ocrx_word' id='word_1_338' title='bbox 1551 3401 1735 3465; x_wconf 79' lang='lat' dir='ltr'>misericor·</span> 
     </span>
     <span class='ocr_line' id='line_1_30' title="bbox 185 3500 1737 3588; baseline -0.001 -20"><span class='ocrx_word' id='word_1_339' title='bbox 185 3501 312 3585; x_wconf 77' lang='grc' dir='ltr'>θυσίας,</span> <span class='ocrx_word' id='word_1_340' title='bbox 321 3502 405 3568; x_wconf 91' lang='grc' dir='ltr'>άλλά</span> <span class='ocrx_word' id='word_1_341' title='bbox 415 3504 451 3567; x_wconf 88' lang='grc' dir='ltr'>τὸ</span> <span class='ocrx_word' id='word_1_342' title='bbox 463 3511 562 3568; x_wconf 83' lang='grc' dir='ltr'>ποιεῖν</span> <span class='ocrx_word' id='word_1_343' title='bbox 574 3502 663 3581; x_wconf 79' lang='grc' dir='ltr'>ἔλεος</span> <span class='ocrx_word' id='word_1_344' title='bbox 674 3504 729 3568; x_wconf 91' lang='grc' dir='ltr'>καί</span> <span class='ocrx_word' id='word_1_345' title='bbox 741 3502 869 3588; x_wconf 79' lang='grc' dir='ltr'>άγαπῦν</span> <span class='ocrx_word' id='word_1_346' title='bbox 880 3505 939 3588; x_wconf 77' lang='grc' dir='ltr'>την</span> <span class='ocrx_word' id='word_1_347' title='bbox 984 3500 1072 3565; x_wconf 81' lang='lat' dir='ltr'>iiam</span> <span class='ocrx_word' id='word_1_348' title='bbox 1094 3518 1132 3566; x_wconf 82' lang='lat' dir='ltr'>m</span> <span class='ocrx_word' id='word_1_349' title='bbox 1153 3502 1322 3566; x_wconf 77' lang='lat' dir='ltr'>ueritatem</span> <span class='ocrx_word' id='word_1_350' title='bbox 1337 3502 1460 3585; x_wconf 81' lang='lat' dir='ltr'>diiipii,</span> <span class='ocrx_word' id='word_1_351' title='bbox 1478 3521 1546 3567; x_wconf 94' lang='lat' dir='ltr'>non</span> <span class='ocrx_word' id='word_1_352' title='bbox 1569 3504 1737 3568; x_wconf 80' lang='lat' dir='ltr'>sacrificia</span> 
     </span>
     <span class='ocr_line' id='line_1_31' title="bbox 188 3603 1736 3693; baseline -0.002 -21"><span class='ocrx_word' id='word_1_353' title='bbox 188 3607 350 3693; x_wconf 82' lang='grc' dir='ltr'>ἀληθειαν,</span> <span class='ocrx_word' id='word_1_354' title='bbox 367 3646 408 3656; x_wconf 93' lang='lat'>-</span> <span class='ocrx_word' id='word_1_355' title='bbox 424 3607 537 3692; x_wconf 87' lang='grc' dir='ltr'>Χάριν,</span> <span class='ocrx_word' id='word_1_356' title='bbox 562 3611 649 3692; x_wconf 82' lang='grc' dir='ltr'>φησί,</span> <span class='ocrx_word' id='word_1_357' title='bbox 672 3605 764 3673; x_wconf 76' lang='grc' dir='ltr'>θείαν</span> <span class='ocrx_word' id='word_1_358' title='bbox 788 3606 817 3671; x_wconf 88' lang='grc' dir='ltr'>σί</span> <span class='ocrx_word' id='word_1_359' title='bbox 839 3616 939 3671; x_wconf 90' lang='grc' dir='ltr'>τοιοῦ-</span> <span class='ocrx_word' id='word_1_360' title='bbox 985 3607 1136 3684; x_wconf 84' lang='lat' dir='ltr'>eruenta,</span> <span class='ocrx_word' id='word_1_361' title='bbox 1151 3603 1211 3666; x_wconf 87' lang='lat' dir='ltr'>sed</span> <span class='ocrx_word' id='word_1_362' title='bbox 1226 3603 1335 3668; x_wconf 83' lang='lat' dir='ltr'>faeere</span> <span class='ocrx_word' id='word_1_363' title='bbox 1352 3607 1617 3671; x_wconf 86' lang='lat' dir='ltr'>misericordiam</span> <span class='ocrx_word' id='word_1_364' title='bbox 1634 3613 1668 3670; x_wconf 88' lang='lat' dir='ltr'>et</span> <span class='ocrx_word' id='word_1_365' title='bbox 1687 3607 1736 3670; x_wconf 90' lang='lat' dir='ltr'>di·</span> 
     </span>
     <span class='ocr_line' id='line_1_32' title="bbox 188 3709 1735 3797; baseline -0.001 -20"><span class='ocrx_word' id='word_1_366' title='bbox 188 3732 239 3777; x_wconf 92' lang='grc' dir='ltr'>τοι</span> <span class='ocrx_word' id='word_1_367' title='bbox 252 3713 291 3777; x_wconf 90' lang='grc' dir='ltr'>έκ</span> <span class='ocrx_word' id='word_1_368' title='bbox 305 3721 366 3778; x_wconf 84' lang='grc' dir='ltr'>τῶν</span> <span class='ocrx_word' id='word_1_369' title='bbox 388 3721 444 3776; x_wconf 88' lang='grc' dir='ltr'>τοῦ</span> <span class='ocrx_word' id='word_1_370' title='bbox 466 3709 621 3797; x_wconf 90' lang='grc' dir='ltr'>παναγίου</span> <span class='ocrx_word' id='word_1_371' title='bbox 645 3710 828 3795; x_wconf 86' lang='grc' dir='ltr'>Πνεάματος</span> <span class='ocrx_word' id='word_1_372' title='bbox 848 3731 940 3795; x_wconf 89' lang='grc' dir='ltr'>κρου-</span> <span class='ocrx_word' id='word_1_373' title='bbox 985 3711 1093 3788; x_wconf 79' lang='lat' dir='ltr'>ligere</span> <span class='ocrx_word' id='word_1_374' title='bbox 1119 3727 1249 3772; x_wconf 85' lang='lat' dir='ltr'>verum.</span> <span class='ocrx_word' id='word_1_375' title='bbox 1273 3747 1315 3757; x_wconf 91' lang='lat'>—</span> <span class='ocrx_word' id='word_1_376' title='bbox 1339 3713 1491 3775; x_wconf 81' lang='lat' dir='ltr'>Gratiam</span> <span class='ocrx_word' id='word_1_377' title='bbox 1511 3712 1662 3775; x_wconf 86' lang='lat' dir='ltr'>divinam</span> <span class='ocrx_word' id='word_1_378' title='bbox 1687 3713 1735 3776; x_wconf 91' lang='lat' dir='ltr'>di·</span> 
     </span>
     <span class='ocr_line' id='line_1_33' title="bbox 189 3814 1733 3902; baseline -0.002 -19"><span class='ocrx_word' id='word_1_379' title='bbox 189 3825 250 3883; x_wconf 83' lang='grc' dir='ltr'>νῦν</span> <span class='ocrx_word' id='word_1_380' title='bbox 266 3816 423 3900; x_wconf 84' lang='grc' dir='ltr'>άρὸσντες,</span> <span class='ocrx_word' id='word_1_381' title='bbox 444 3816 473 3880; x_wconf 86' lang='grc' dir='ltr'>οἱ</span> <span class='ocrx_word' id='word_1_382' title='bbox 495 3818 554 3902; x_wconf 81' lang='grc' dir='ltr'>την</span> <span class='ocrx_word' id='word_1_383' title='bbox 570 3814 722 3901; x_wconf 74' lang='grc' dir='ltr'>ἀλήθειαν</span> <span class='ocrx_word' id='word_1_384' title='bbox 745 3814 869 3900; x_wconf 78' lang='grc' dir='ltr'>δηλαδὴ</span> <span class='ocrx_word' id='word_1_385' title='bbox 885 3815 941 3878; x_wconf 87' lang='grc' dir='ltr'>καί</span> <span class='ocrx_word' id='word_1_386' title='bbox 987 3817 1079 3875; x_wconf 88' lang='lat' dir='ltr'>ctum</span> <span class='ocrx_word' id='word_1_387' title='bbox 1095 3818 1146 3877; x_wconf 87' lang='lat' dir='ltr'>est</span> <span class='ocrx_word' id='word_1_388' title='bbox 1167 3814 1299 3878; x_wconf 89' lang='lat' dir='ltr'>hauriri</span> <span class='ocrx_word' id='word_1_389' title='bbox 1313 3833 1355 3878; x_wconf 86' lang='lat' dir='ltr'>ex</span> <span class='ocrx_word' id='word_1_390' title='bbox 1369 3817 1575 3880; x_wconf 80' lang='lat' dir='ltr'>sanctissimi</span> <span class='ocrx_word' id='word_1_391' title='bbox 1588 3817 1733 3898; x_wconf 85' lang='lat' dir='ltr'>Spiritus</span> 
     </span>
     <span class='ocr_line' id='line_1_34' title="bbox 189 3916 1735 4007; baseline -0.001 -21"><span class='ocrx_word' id='word_1_392' title='bbox 189 3923 245 3986; x_wconf 91' lang='grc' dir='ltr'>τὸν</span> <span class='ocrx_word' id='word_1_393' title='bbox 261 3921 351 3986; x_wconf 89' lang='grc' dir='ltr'>έλεον</span> <span class='ocrx_word' id='word_1_394' title='bbox 367 3920 561 4007; x_wconf 84' lang='grc' dir='ltr'>ἀγαπῶντες.</span> <span class='ocrx_word' id='word_1_395' title='bbox 986 3916 1145 3996; x_wconf 85' lang='lat' dir='ltr'>fontibus,</span> <span class='ocrx_word' id='word_1_396' title='bbox 1162 3918 1204 3981; x_wconf 87' lang='lat' dir='ltr'>ab</span> <span class='ocrx_word' id='word_1_397' title='bbox 1228 3919 1269 3982; x_wconf 92' lang='lat' dir='ltr'>iis</span> <span class='ocrx_word' id='word_1_398' title='bbox 1285 3920 1415 3983; x_wconf 84' lang='lat' dir='ltr'>scilieet</span> <span class='ocrx_word' id='word_1_399' title='bbox 1429 3921 1490 4001; x_wconf 92' lang='lat' dir='ltr'>qui</span> <span class='ocrx_word' id='word_1_400' title='bbox 1505 3922 1684 3984; x_wconf 84' lang='lat' dir='ltr'>veritatem</span> <span class='ocrx_word' id='word_1_401' title='bbox 1701 3926 1735 3984; x_wconf 88' lang='lat' dir='ltr'>et</span> 
     </span>
    </p>

    <p class='ocr_par' dir='ltr' id='par_1_10' title="bbox 987 4023 1432 4104">
     <span class='ocr_line' id='line_1_35' title="bbox 987 4023 1432 4104; baseline 0.002 -18"><span class='ocrx_word' id='word_1_402' title='bbox 987 4023 1251 4087; x_wconf 79' lang='lat' dir='ltr'>misericordiam</span> <span class='ocrx_word' id='word_1_403' title='bbox 1267 4024 1432 4104; x_wconf 76' lang='lat' dir='ltr'>diligunt.</span> 
     </span>
    </p>

    <p class='ocr_par' dir='ltr' id='par_1_11' title="bbox 193 4127 1736 4318">
     <span class='ocr_line' id='line_1_36' title="bbox 237 4127 1736 4214; baseline 0.001 -21"><span class='ocrx_word' id='word_1_404' title='bbox 237 4149 269 4194; x_wconf 87' lang='grc' dir='ltr'>ν.</span> <span class='ocrx_word' id='word_1_405' title='bbox 298 4131 349 4194; x_wconf 88' lang='grc'>13.</span> <span class='ocrx_word' id='word_1_406' title='bbox 376 4128 474 4213; x_wconf 82' lang='grc' dir='ltr'>Κύριε</span> <span class='ocrx_word' id='word_1_407' title='bbox 500 4137 561 4195; x_wconf 87' lang='grc' dir='ltr'>τῶν</span> <span class='ocrx_word' id='word_1_408' title='bbox 588 4127 759 4213; x_wconf 79' lang='grc' dir='ltr'>δυνάμεων,</span> <span class='ocrx_word' id='word_1_409' title='bbox 787 4127 941 4214; x_wconf 88' lang='grc' dir='ltr'>μακάριος</span> <span class='ocrx_word' id='word_1_410' title='bbox 993 4203 1000 4214; x_wconf 95' lang='lat'><em>.</em></span> <span class='ocrx_word' id='word_1_411' title='bbox 1031 4130 1130 4191; x_wconf 86' lang='grc' dir='ltr'>ν.13.</span> <span class='ocrx_word' id='word_1_412' title='bbox 1154 4129 1290 4194; x_wconf 80' lang='lat' dir='ltr'>Domine</span> <span class='ocrx_word' id='word_1_413' title='bbox 1313 4130 1485 4211; x_wconf 78' lang='lat' dir='ltr'>atrmmm,</span> <span class='ocrx_word' id='word_1_414' title='bbox 1514 4131 1624 4197; x_wconf 73' lang='lat' dir='ltr'>braim</span> <span class='ocrx_word' id='word_1_415' title='bbox 1646 4133 1736 4198; x_wconf 82' lang='lat' dir='ltr'>tomo</span> 
     </span>
     <span class='ocr_line' id='line_1_37' title="bbox 193 4219 1276 4318; baseline -0.001 -19"><span class='ocrx_word' id='word_1_416' title='bbox 193 4232 355 4318; x_wconf 81' lang='grc' dir='ltr'>ἅνθρωπος</span> <span class='ocrx_word' id='word_1_417' title='bbox 371 4235 387 4296; x_wconf 89' lang='grc' dir='ltr'><strong>ὸ</strong></span> <span class='ocrx_word' id='word_1_418' title='bbox 403 4232 538 4312; x_wconf 82' lang='grc' dir='ltr'>ἐλπίζων</span> <span class='ocrx_word' id='word_1_419' title='bbox 554 4234 605 4300; x_wconf 83' lang='grc' dir='ltr'>ἐπί</span> <span class='ocrx_word' id='word_1_420' title='bbox 617 4232 663 4299; x_wconf 89' lang='grc' dir='ltr'>σέ.</span> <span class='ocrx_word' id='word_1_421' title='bbox 986 4219 1046 4317; x_wconf 65' lang='lat' dir='ltr'>iii</span> <span class='ocrx_word' id='word_1_422' title='bbox 1058 4239 1171 4315; x_wconf 79' lang='lat' dir='ltr'>sperat</span> <span class='ocrx_word' id='word_1_423' title='bbox 1183 4235 1220 4298; x_wconf 80' lang='lat' dir='ltr'>in</span> <span class='ocrx_word' id='word_1_424' title='bbox 1236 4239 1276 4299; x_wconf 81' lang='lat' dir='ltr'>te.</span> 
     </span>
    </p>

    <p class='ocr_par' dir='ltr' id='par_1_12' title="bbox 190 4335 1738 4837">
     <span class='ocr_line' id='line_1_38' title="bbox 235 4335 1737 4423; baseline 0.001 -22"><span class='ocrx_word' id='word_1_425' title='bbox 235 4335 429 4422; x_wconf 84' lang='grc' dir='ltr'>Κατάδηλον</span> <span class='ocrx_word' id='word_1_426' title='bbox 444 4337 548 4422; x_wconf 89' lang='grc' dir='ltr'>πάντη</span> <span class='ocrx_word' id='word_1_427' title='bbox 565 4346 620 4402; x_wconf 91' lang='grc' dir='ltr'>τοῦ</span> <span class='ocrx_word' id='word_1_428' title='bbox 639 4337 766 4423; x_wconf 82' lang='grc' dir='ltr'>ψαλμοῦ</span> <span class='ocrx_word' id='word_1_429' title='bbox 786 4338 822 4402; x_wconf 92' lang='grc' dir='ltr'>τὸ</span> <span class='ocrx_word' id='word_1_430' title='bbox 848 4336 941 4421; x_wconf 71' lang='lat' dir='ltr'>inpo-</span> <span class='ocrx_word' id='word_1_431' title='bbox 1032 4340 1135 4402; x_wconf 87' lang='lat' dir='ltr'>Plane</span> <span class='ocrx_word' id='word_1_432' title='bbox 1172 4340 1350 4420; x_wconf 85' lang='lat' dir='ltr'>perspicua</span> <span class='ocrx_word' id='word_1_433' title='bbox 1380 4344 1431 4402; x_wconf 91' lang='lat' dir='ltr'>est</span> <span class='ocrx_word' id='word_1_434' title='bbox 1460 4342 1582 4404; x_wconf 85' lang='lat' dir='ltr'>ultima</span> <span class='ocrx_word' id='word_1_435' title='bbox 1612 4342 1737 4422; x_wconf 88' lang='lat' dir='ltr'>psalmi</span> 
     </span>
     <span class='ocr_line' id='line_1_39' title="bbox 190 4439 1738 4526; baseline 0.001 -22"><span class='ocrx_word' id='word_1_436' title='bbox 190 4440 366 4505; x_wconf 81' lang='grc' dir='ltr'>τελείτιον·</span> <span class='ocrx_word' id='word_1_437' title='bbox 393 4439 559 4526; x_wconf 80' lang='grc' dir='ltr'>μακαρίζει</span> <span class='ocrx_word' id='word_1_438' title='bbox 585 4443 647 4526; x_wconf 90' lang='lat' dir='ltr'>rip</span> <span class='ocrx_word' id='word_1_439' title='bbox 670 4444 725 4506; x_wconf 87' lang='grc' dir='ltr'>καί</span> <span class='ocrx_word' id='word_1_440' title='bbox 747 4441 890 4526; x_wconf 85' lang='grc' dir='ltr'>ζηλωτὸν</span> <span class='ocrx_word' id='word_1_441' title='bbox 910 4442 941 4505; x_wconf 92' lang='grc' dir='ltr'>ὸ-</span> <span class='ocrx_word' id='word_1_442' title='bbox 987 4443 1151 4508; x_wconf 87' lang='lat' dir='ltr'>olausula.</span> <span class='ocrx_word' id='word_1_443' title='bbox 1174 4443 1316 4507; x_wconf 89' lang='lat' dir='ltr'>Beatum</span> <span class='ocrx_word' id='word_1_444' title='bbox 1339 4445 1430 4508; x_wconf 91' lang='lat' dir='ltr'>enim</span> <span class='ocrx_word' id='word_1_445' title='bbox 1446 4445 1631 4524; x_wconf 89' lang='lat' dir='ltr'>renuntiat,</span> <span class='ocrx_word' id='word_1_446' title='bbox 1648 4449 1681 4508; x_wconf 87' lang='lat' dir='ltr'>et</span> <span class='ocrx_word' id='word_1_447' title='bbox 1697 4463 1738 4506; x_wconf 84' lang='lat' dir='ltr'>ae·</span> 
     </span>
     <span class='ocr_line' id='line_1_40' title="bbox 190 4543 1737 4632; baseline 0 -22"><span class='ocrx_word' id='word_1_448' title='bbox 190 4543 322 4628; x_wconf 81' lang='grc' dir='ltr'>νομάζει</span> <span class='ocrx_word' id='word_1_449' title='bbox 336 4545 390 4608; x_wconf 89' lang='grc' dir='ltr'>τὸν</span> <span class='ocrx_word' id='word_1_450' title='bbox 405 4543 512 4629; x_wconf 88' lang='grc' dir='ltr'>πάσης</span> <span class='ocrx_word' id='word_1_451' title='bbox 528 4546 584 4630; x_wconf 83' lang='grc' dir='ltr'>μέν</span> <span class='ocrx_word' id='word_1_452' title='bbox 608 4544 754 4632; x_wconf 80' lang='grc' dir='ltr'>βιωτικῆς</span> <span class='ocrx_word' id='word_1_453' title='bbox 771 4543 941 4630; x_wconf 81' lang='grc' dir='ltr'>εὖκληρίας</span> <span class='ocrx_word' id='word_1_454' title='bbox 987 4548 1174 4610; x_wconf 73' lang='lat' dir='ltr'>mutatione</span> <span class='ocrx_word' id='word_1_455' title='bbox 1201 4546 1346 4626; x_wconf 81' lang='lat' dir='ltr'>dignum</span> <span class='ocrx_word' id='word_1_456' title='bbox 1369 4549 1491 4612; x_wconf 83' lang='lat' dir='ltr'>asserit</span> <span class='ocrx_word' id='word_1_457' title='bbox 1516 4565 1604 4628; x_wconf 91' lang='lat' dir='ltr'>eum,</span> <span class='ocrx_word' id='word_1_458' title='bbox 1628 4549 1688 4629; x_wconf 92' lang='lat' dir='ltr'>qui</span> <span class='ocrx_word' id='word_1_459' title='bbox 1704 4565 1737 4610; x_wconf 91' lang='lat' dir='ltr'>o·</span> 
     </span>
     <span class='ocr_line' id='line_1_41' title="bbox 190 4647 1738 4734; baseline 0.002 -21"><span class='ocrx_word' id='word_1_460' title='bbox 190 4657 461 4732; x_wconf 82' lang='grc' dir='ltr'>καταφρονοῦντα,</span> <span class='ocrx_word' id='word_1_461' title='bbox 486 4647 564 4734; x_wconf 83' lang='grc' dir='ltr'>μάνη</span> <span class='ocrx_word' id='word_1_462' title='bbox 588 4648 624 4713; x_wconf 83' lang='grc' dir='ltr'>δὲ</span> <span class='ocrx_word' id='word_1_463' title='bbox 647 4649 698 4714; x_wconf 84' lang='grc' dir='ltr'>ἐπί</span> <span class='ocrx_word' id='word_1_464' title='bbox 720 4651 774 4714; x_wconf 93' lang='grc' dir='ltr'>τὸν</span> <span class='ocrx_word' id='word_1_465' title='bbox 790 4647 872 4717; x_wconf 91' lang='grc' dir='ltr'><strong>Θεὸν</strong></span> <span class='ocrx_word' id='word_1_466' title='bbox 892 4648 942 4712; x_wconf 90' lang='grc' dir='ltr'>έλ-</span> <span class='ocrx_word' id='word_1_467' title='bbox 987 4668 1101 4713; x_wconf 91' lang='lat' dir='ltr'>mnem</span> <span class='ocrx_word' id='word_1_468' title='bbox 1131 4651 1211 4714; x_wconf 87' lang='lat' dir='ltr'>vitae</span> <span class='ocrx_word' id='word_1_469' title='bbox 1244 4650 1496 4731; x_wconf 84' lang='lat' dir='ltr'>jucunditatem</span> <span class='ocrx_word' id='word_1_470' title='bbox 1527 4657 1738 4734; x_wconf 79' lang='lat' dir='ltr'>aspernatur,</span> 
     </span>
     <span class='ocr_line' id='line_1_42' title="bbox 191 4749 1567 4837; baseline 0.001 -20"><span class='ocrx_word' id='word_1_471' title='bbox 191 4749 258 4817; x_wconf 82' lang='grc' dir='ltr'>πίὸι</span> <span class='ocrx_word' id='word_1_472' title='bbox 272 4751 464 4837; x_wconf 71' lang='grc' dir='ltr'>θαρροῦντα.</span> <span class='ocrx_word' id='word_1_473' title='bbox 987 4756 1058 4817; x_wconf 86' lang='lat' dir='ltr'>sola</span> <span class='ocrx_word' id='word_1_474' title='bbox 1072 4771 1152 4817; x_wconf 81' lang='lat' dir='ltr'>vero</span> <span class='ocrx_word' id='word_1_475' title='bbox 1168 4771 1226 4835; x_wconf 87' lang='lat' dir='ltr'>spe</span> <span class='ocrx_word' id='word_1_476' title='bbox 1242 4756 1278 4818; x_wconf 92' lang='lat' dir='ltr'>in</span> <span class='ocrx_word' id='word_1_477' title='bbox 1295 4757 1403 4819; x_wconf 90' lang='lat' dir='ltr'>Deum</span> <span class='ocrx_word' id='word_1_478' title='bbox 1419 4755 1567 4819; x_wconf 83' lang='lat' dir='ltr'>confidit.</span> 
     </span>
    </p>
   </div>
   <div class='ocr_carea' id='block_1_5' title="bbox 189 4971 1736 5134">
    <p class='ocr_par' dir='ltr' id='par_1_13' title="bbox 189 4971 1736 5134">
     <span class='ocr_line' id='line_1_43' title="bbox 225 4971 1736 5048; baseline 0.003 -20"><span class='ocrx_word' id='word_1_479' title='bbox 225 4971 430 5043; x_wconf 78' lang='lat' dir='ltr'>r.9,10.Vat.</span> <span class='ocrx_word' id='word_1_480' title='bbox 448 4974 530 5044; x_wconf 75' lang='lat'>4,12,</span> <span class='ocrx_word' id='word_1_481' title='bbox 550 4974 592 5029; x_wconf 79' lang='lat'>15.</span> <span class='ocrx_word' id='word_1_482' title='bbox 606 4990 618 5032; x_wconf 92' lang='lat'>1</span> <span class='ocrx_word' id='word_1_483' title='bbox 636 4973 701 5030; x_wconf 85' lang='lat' dir='ltr'>Cor.</span> <span class='ocrx_word' id='word_1_484' title='bbox 721 4991 762 5046; x_wconf 80' lang='lat' dir='ltr'>vr,</span> <span class='ocrx_word' id='word_1_485' title='bbox 781 4975 806 5030; x_wconf 83' lang='lat'>5.</span> <span class='ocrx_word' id='word_1_486' title='bbox 820 4973 941 5048; x_wconf 84' lang='lat' dir='ltr'>Respiei</span> <span class='ocrx_word' id='word_1_487' title='bbox 1019 4991 1047 5030; x_wconf 87' lang='grc' dir='ltr'>ν.</span> <span class='ocrx_word' id='word_1_488' title='bbox 1055 4973 1098 5028; x_wconf 82' lang='grc'>12.</span> <span class='ocrx_word' id='word_1_489' title='bbox 1106 4972 1173 5028; x_wconf 78' lang='lat' dir='ltr'>Vnt.</span> <span class='ocrx_word' id='word_1_490' title='bbox 1184 4973 1209 5042; x_wconf 79' lang='lat'>2,</span> <span class='ocrx_word' id='word_1_491' title='bbox 1216 4972 1242 5042; x_wconf 90' lang='lat'>4,</span> <span class='ocrx_word' id='word_1_492' title='bbox 1249 4973 1274 5028; x_wconf 79' lang='lat'>7.</span> <span class='ocrx_word' id='word_1_493' title='bbox 1285 4972 1374 5030; x_wconf 84' lang='lat' dir='ltr'>(iodd</span> <span class='ocrx_word' id='word_1_494' title='bbox 1385 4977 1522 5043; x_wconf 81' lang='grc' dir='ltr'>ἀληῦεῦειν</span> <span class='ocrx_word' id='word_1_495' title='bbox 1532 4978 1647 5044; x_wconf 77' lang='grc' dir='ltr'>ἀγαπᾷν,</span> <span class='ocrx_word' id='word_1_496' title='bbox 1655 4973 1736 5032; x_wconf 85' lang='lat' dir='ltr'>dein·</span> 
     </span>
     <span class='ocr_line' id='line_1_44' title="bbox 189 5057 1293 5134; baseline 0.003 -21"><span class='ocrx_word' id='word_1_497' title='bbox 189 5057 379 5131; x_wconf 83' lang='lat' dir='ltr'>Babylonem,</span> <span class='ocrx_word' id='word_1_498' title='bbox 402 5065 433 5116; x_wconf 87' lang='lat' dir='ltr'>et</span> <span class='ocrx_word' id='word_1_499' title='bbox 455 5060 621 5116; x_wconf 82' lang='lat' dir='ltr'>Zorobabel</span> <span class='ocrx_word' id='word_1_500' title='bbox 641 5059 742 5117; x_wconf 81' lang='lat' dir='ltr'>vocari</span> <span class='ocrx_word' id='word_1_501' title='bbox 762 5078 870 5134; x_wconf 84' lang='lat' dir='ltr'>regom,</span> <span class='ocrx_word' id='word_1_502' title='bbox 889 5061 940 5117; x_wconf 92' lang='lat' dir='ltr'>du·</span> <span class='ocrx_word' id='word_1_503' title='bbox 987 5059 1024 5116; x_wconf 87' lang='lat' dir='ltr'>do</span> <span class='ocrx_word' id='word_1_504' title='bbox 1036 5062 1163 5128; x_wconf 81' lang='grc' dir='ltr'>ἀληθειαν</span> <span class='ocrx_word' id='word_1_505' title='bbox 1176 5062 1293 5128; x_wconf 77' lang='grc' dir='ltr'>ἀγαπᾷν.</span> 
     </span>
    </p>
   </div>
   <div class='ocr_carea' id='block_1_6' title="bbox 189 5144 1225 5300">
    <p class='ocr_par' dir='ltr' id='par_1_14' title="bbox 189 5144 1225 5300">
     <span class='ocr_line' id='line_1_45' title="bbox 189 5144 1225 5218; baseline -0.002 -17"><span class='ocrx_word' id='word_1_506' title='bbox 189 5144 271 5202; x_wconf 87' lang='lat' dir='ltr'>bium</span> <span class='ocrx_word' id='word_1_507' title='bbox 282 5145 392 5218; x_wconf 83' lang='lat' dir='ltr'>ingerit</span> <span class='ocrx_word' id='word_1_508' title='bbox 404 5147 441 5203; x_wconf 87' lang='lat' dir='ltr'>de</span> <span class='ocrx_word' id='word_1_509' title='bbox 453 5147 557 5204; x_wconf 80' lang='lat' dir='ltr'>scholii</span> <span class='ocrx_word' id='word_1_510' title='bbox 570 5147 748 5205; x_wconf 81' lang='lat' dir='ltr'>sineeritato.</span> <span class='ocrx_word' id='word_1_511' title='bbox 1021 5167 1048 5205; x_wconf 89' lang='lat' dir='ltr'>v.</span> <span class='ocrx_word' id='word_1_512' title='bbox 1064 5147 1105 5202; x_wconf 87' lang='grc'>13.</span> <span class='ocrx_word' id='word_1_513' title='bbox 1120 5147 1186 5206; x_wconf 86' lang='lat' dir='ltr'>Vat.</span> <span class='ocrx_word' id='word_1_514' title='bbox 1199 5147 1225 5202; x_wconf 82' lang='lat'>2.</span> 
     </span>
     <span class='ocr_line' id='line_1_46' title="bbox 270 5224 553 5300; baseline 0 -20"><span class='ocrx_word' id='word_1_515' title='bbox 270 5237 422 5280; x_wconf 76' lang='lat' dir='ltr'>arannem</span> <span class='ocrx_word' id='word_1_516' title='bbox 441 5238 485 5300; x_wconf 87' lang='lat' dir='ltr'>m,</span> <span class='ocrx_word' id='word_1_517' title='bbox 509 5224 553 5280; x_wconf 72' lang='grc' dir='ltr'>τῦ.</span> 
     </span>
    </p>
   </div>
   <div class='ocr_carea' id='block_1_7' title="bbox 0 0 2026 6084">
    <p class='ocr_par' dir='ltr' id='par_1_15' title="bbox 0 0 2026 6084">
     <span class='ocr_line' id='line_1_47' title="bbox 0 0 2026 6084; baseline 0 0"><span class='ocrx_word' id='word_1_518' title='bbox 0 0 2026 6084; x_wconf 95' lang='lat' dir='ltr'> </span> 
     </span>
    </p>
   </div>
  </div>
 </body>
</html>
