4006 6090
745 500 790 564 IN
812 501 997 566 PSALMOS
1020 504 1153 568 CXVIII
1647 508 1713 570 315

179 642 384 719 ταρρονοῠσιν
398 633 509 712 παῖδες
523 630 694 718 Ἑλλήνων.
712 634 841 722 Πρῶτον
861 639 924 724 γαρ
971 641 1151 706 verborum
1162 642 1295 723 seriem,
1311 660 1389 724 quse
1400 645 1450 708 uti
1465 645 1597 726 plebeia
1607 647 1716 730 ‹lespi-

179 737 215 800 τθ
225 735 387 821 ἐγγίσατο,
401 737 470 801 εἶτα
480 739 517 802 τὸ
534 736 650 822 μεῖζον,
663 737 717 803 τό·
732 739 877 807 stuata
888 744 924 808 τὸ
974 749 1057 808 cunt
1072 747 1265 809 Graecorum
1280 745 1353 809 filii.
1366 749 1517 812 Primum
1533 749 1569 812 in
1581 767 1620 812 eo
1632 755 1715 830 erat,

178 838 300 926 ἀξίωμά
315 862 385 926 μου.
400 839 468 926 Πρὸ
482 842 544 927 γὰρ
558 852 613 907 τοῦ
628 842 771 927 εἰσέλθοι,
788 848 823 911 τὸ
839 845 923 932 eppi-
972 849 1062 929 quod
1072 850 1350 931 appropinquavit.
1359 852 1511 915 Alterum
1524 851 1650 932 majus:
1666 854 1718 917 io-

177 963 248 1008 σαι·
263 943 392 1029 ἐγγίσας
405 946 467 1030 γὰρ
482 965 527 1023 τις
542 944 636 1031 οἰκίᾳ,
652 947 743 1034 iuvi
764 947 852 1035 φίλος
868 961 923 1017 τοῦ
970 956 1035 1016 oret
1043 954 1220 1034 postulatio
1234 970 1317 1034 αισα,
1333 956 1427 1035 prius
1444 957 1535 1019 enim
1551 972 1653 1037 quam
1667 959 1717 1021 in·

177 1045 410 1130 sinuessano,
425 1047 611 1136 τίσὲρχεται.
639 1043 702 1118 Ἢν
724 1053 760 1118 δὲ
781 1053 922 1140 κέκληκε
971 1062 1049 1137 tret,
1065 1058 1356 1139 appropinquavit.
1380 1060 1464 1122 cum
1483 1061 1573 1122 enim
1589 1061 1716 1141 aliquis

176 1148 294 1236 δέησιν,
311 1152 448 1217 vovatus
463 1148 585 1239 ἀξίωμα
599 1155 687 1239 παρὰ
701 1157 737 1220 τὸ
752 1155 866 1236 ἀξιοῦν.
969 1160 1106 1224 domum
1122 1163 1313 1242 accesserit,
1337 1163 1366 1225 si
1389 1164 1519 1228 amicus
1541 1163 1645 1227 suerit
1659 1164 1716 1227 do·

968 1265 1052 1327 mini
1069 1264 1198 1344 domus,
1215 1265 1417 1344 ingreditur.
1441 1269 1547 1342 Quam
1562 1285 1643 1330 vero
1664 1267 1716 1332 de·

958 1369 1177 1449 precationem
1199 1370 1343 1449 voaavit,
1359 1388 1450 1433 nuno
1469 1371 1552 1434 dicit
1573 1369 1713 1448 dignam

965 1473 1237 1552 postulationem,
1252 1489 1273 1535 a
1287 1473 1390 1535 verbo
1408 1473 1556 1552 dignari.

218 1584 250 1632 v.
268 1567 340 1632 175.
357 1565 495 1653 Ζήσεται
515 1567 538 1656 ή
562 1568 650 1656 ψυχή
674 1591 742 1658 μου,
761 1574 818 1639 καὶ
839 1572 922 1642 αἰνί-
1008 1592 1040 1636 ν.
1056 1575 1128 1638 175.
1146 1575 1359 1641 visetenim
1373 1592 1455 1655 meu,
1472 1576 1713 1658 attondebitis,

174 1689 222 1734 σει
237 1672 350 1753 σε,καὶ
365 1672 405 1736 τὰ
419 1671 557 1757 κρίματα
572 1694 629 1739 σου
645 1673 796 1761 βοηθήσει
811 1697 873 1763 μοι.
963 1681 994 1742 et
1008 1677 1138 1758 judicto
1153 1682 1210 1743 totu
1224 1677 1425 1760 adjuvabunt
1439 1697 1497 1742 ma

217 1773 263 1839 Τὸ
278 1774 375 1840 αἰνεῖν
396 1793 433 1840 σε
454 1785 516 1841 τῶν
538 1775 663 1855 ζώντων
685 1777 786 1844 ἐστίν·
808 1779 837 1844 οἱ
855 1782 918 1867 γὰρ
1006 1782 1157 1846 Laudare
1190 1787 1234 1862 te,
1272 1784 1466 1846 viventium
1489 1788 1558 1847 est:
1589 1785 1716 1848 mortui

172 1879 277 1962 νεκροὶ
291 1877 351 1943 οὐκ
365 1877 522 1945 αἰνέσοιισι
536 1882 589 1945 τὸν
603 1880 730 1967 Κύριον.
963 1886 1054 1948 enim
1069 1902 1136 1949 non
1152 1885 1340 1948 laudabunt
1355 1887 1550 1950 DomInum.

216 2003 248 2048 ν.
274 1985 347 2048 176.
371 1981 574 2070 Ἐνιλανήθην
597 1985 639 2064 ὡς
662 1985 818 2070 τιρ66ατον
839 1987 917 2053 ἀπο·
1005 2007 1037 2052 ν.
1055 1991 1127 2053 176.
1150 1990 1275 2054 Ενναοτ·
1298 1990 1386 2056 siuti
1407 1992 1476 2054 ovis
1501 2007 1570 2072 quta
1585 1991 1714 2072 partit,-

171 2085 290 2165 λοιλός·
306 2085 447 2173 ζήτησον
462 2090 516 2154 τὸν
530 2088 642 2156 δοῦλόν
658 2112 724 2175 σου,
741 2092 788 2156 ὅτι
802 2093 858 2170 τὰς
869 2092 918 2158 ἒν-
961 2108 1066 2173 quota
1089 2109 1218 2157 sumum
1242 2097 1342 2173 mum,
1379 2095 1458 2176 poio
1481 2093 1635 2159 modulo
1657 2098 1714 2158 too

172 2191 268 2269 τολάς
284 2213 341 2257 σου
356 2191 639 2280 οθκέπιλσθόμην.
961 2213 1110 2262 mosum
1124 2195 1252 2262 oblitus.

213 2294 253 2361 Et
268 2298 323 2361 καὶ
343 2294 535 2382 ἐπλανήθην,
552 2297 625 2362 ἀλλ’
635 2298 695 2362 οὔτε
715 2297 916 2384 ἐπελαθόμην
1006 2301 1166 2375 Quamvis
1192 2301 1393 2380 erraverim,
1423 2304 1461 2362 at
1489 2317 1557 2363 non
1587 2300 1713 2363 oblitus

170 2407 232 2464 τῶν
247 2399 381 2467 ἐντολῶν
391 2420 467 2466 σου·
481 2400 626 2488 ήθὲλησα
637 2404 692 2469 οὖν
709 2401 818 2488 βιῶσαι
832 2405 917 2468 κατὰ
961 2403 1011 2468 iui
1027 2410 1164 2468 tuorum
1176 2405 1421 2468 mandatorum.
1443 2405 1544 2468 Volui
1559 2420 1642 2482 ergo
1665 2405 1714 2467 vi-

169 2503 295 2582 ταθτας.
318 2503 463 2590 Ζήιησόν
486 2525 536 2590 με,
555 2505 645 2592 οὖρόν
668 2527 718 2592 με,
732 2505 916 2574 ommate
966 2513 1037 2572 tam
1053 2528 1095 2574 ex
1111 2510 1179 2574 illis
1202 2510 1381 2574 instruere.
1404 2510 1521 2583 Quaere
1545 2525 1609 2588 me,
1632 2510 1712 2572 tolle

171 2628 220 2693 με,
236 2607 397 2690 eaesae,
412 2609 495 2696 ἔχων
510 2629 558 2696 με.
575 2607 721 2695 Ζήτησον
735 2612 789 2677 τὸν
804 2609 916 2677 δοῦλόν
963 2629 1030 2693 ιιιε,
1046 2629 1182 2676 sursum
1203 2629 1258 2675 me
1280 2629 1424 2691 assume,
1444 2628 1567 2692 meque
1581 2616 1711 2694 tenens,

169 2733 237 2796 σου,
254 2713 301 2776 ὅτι
315 2713 371 2789 τας
393 2711 522 2790 ἐντολάς
548 2734 606 2778 σου
622 2715 682 2778 οὐκ
702 2713 914 2802 ὲπιλαθόρην.
961 2721 1139 2781 revertere.
1158 2746 1159 2750 ¹
1175 2717 1284 2792 ρατιονε
1317 2732 1444 2781 omum
1481 2720 1593 2795 caua,
1631 2718 1709 2798 puio

168 2815 210 2882 El
223 2818 277 2882 καὶ
292 2815 435 2903 παρέὸην
448 2819 544 2900 τινας,
560 2817 644 2884 ἀλλὰ
658 2817 760 2904 λήθην
776 2821 835 2886 οὐκ
849 2821 915 2887 ea·
958 2819 1111 2896 ιηαιιᾱαία
1130 2823 1188 2884 tua
1208 2836 1272 2884 τινα
1293 2838 1342 2883 ma
1355 2819 1537 2902 supervo&
1561 2819 1710 2884 etiamsi

167 2919 271 3008 ξάρην
282 2921 433 3008 παντελῆ.
446 2921 550 2989 Ἀλλὰ
564 2921 682 3007 ταύτην
697 2925 754 3010 μὲν
765 2926 783 2988 6
793 2924 915 3011 προρή-
959 2924 1158 3005 pretermisi
1173 2923 1336 3004 quadam,
1349 2923 1407 2988 sed
1419 2923 1628 2987 oblivionem
1641 2941 1712 2986 om-

166 3046 224 3111 ιης
246 3023 462 3113 προσενήνοχε
484 3028 542 3112 τήν
568 3027 677 3113 εὐχήν,
700 3028 856 3116 τετύχηκε
879 3030 914 3095 δὲ
960 3027 1133 3092 nimodam
1149 3044 1216 3091 non
1228 3028 1358 3091 admisi.
1371 3028 1535 3110 Equidem
1547 3028 1711 3110 propheta

212 3207 403 3270 Ausaosros
418 3205 456 3269 iot
469 3222 499 3269 o.
517 3206 589 3269 176.
603 3207 688 3271 Veni
701 3211 915 3291 erge,Domi-
965 3222 1044 3268 nere
1060 3205 1221 3284 humeris,
1238 3220 1338 3284 quem
1354 3205 1550 3285 susceperis.
1567 3207 1639 3269 Non
1659 3212 1710 3270 est

168 3310 212 3356 ne
224 3294 246 3357 J
248 3310 318 3373 esu,
331 3311 443 3374 quaere
455 3312 601 3374 servum,
615 3310 726 3375 quaere
743 3296 866 3361 lassam
880 3316 913 3363 o·
959 3294 1025 3357 tibi
1050 3295 1144 3375 pium
1160 3310 1245 3356 onus
1272 3293 1416 3373 fastidio,
1444 3310 1510 3356 non
1525 3293 1587 3356 tibi
1614 3295 1708 3358 oneri

165 3399 244 3444 vem
255 3385 360 3461 tuam,
371 3383 457 3463 veni,
466 3387 589 3463 pastor.
599 3385 725 3464 Quaere,
734 3386 823 3449 siout
835 3403 914 3452 oves
959 3386 1011 3445 est
1024 3387 1164 3446 vectura
1179 3381 1333 3460 iustitiae.
1349 3383 1435 3444 Veni
1451 3397 1543 3460 ergo,
1557 3382 1708 3462 Domine,

166 3470 303 3552 Joseph.
314 3471 449 3534 Erravit
460 3472 533 3534 ovis
545 3475 614 3551 tua,
627 3472 708 3535 dum
715 3477 753 3536 tu
761 3477 913 3555 moraris,
958 3473 1041 3551 quia
1055 3471 1119 3534 etsi
1136 3471 1259 3548 erravi,
1278 3475 1391 3533 tamen
1406 3469 1560 3535 mauzaca
1574 3474 1631 3535 tua
1645 3489 1709 3535 οσον

166 3558 248 3621 dum
271 3564 309 3622 tu
331 3561 475 3627 versaris
501 3560 536 3622 in
563 3561 746 3625 montibus.
774 3563 913 3628 Dimitte
957 3559 1171 3625 sumebatur.
1189 3562 1287 3640 Spem
1301 3557 1708 3623 medicinaereservo.ve·

165 3649 355 3726 nonaginta
378 3664 498 3712 novem
521 3664 601 3713 oves
620 3653 707 3728 tuas,
728 3655 761 3714 et
782 3653 861 3715 veni
877 3672 914 3716 u·
958 3649 1005 3727 ni,
1021 3647 1173 3726 Domine,
1191 3648 1273 3728 quia
1289 3652 1324 3709 et
1338 3663 1434 3708 ovem
1462 3650 1640 3710 erraticam
1655 3664 1707 3711 so

166 3752 246 3798 nam
262 3753 411 3817 quaerere
428 3753 504 3817 quae
520 3739 654 3800 erravit.
670 3740 756 3801 Veni
768 3739 842 3803 sine
857 3739 913 3804 ad·
958 3737 1011 3799 lus
1028 3753 1063 3798 es
1079 3752 1238 3798 revocare
1256 3735 1314 3816 qui
1337 3735 1461 3815 possis3
1478 3739 1512 3797 et
1526 3751 1610 3816 quos
1630 3736 1706 3799 reli-

162 3823 285 3904 J'utore,
302 3825 375 3888 siue
391 3825 522 3888 nuntio:
534 3823 735 3904 jamdudum
751 3832 785 3891 te
796 3845 913 3910 expee·
958 3825 1081 3905 queris,
1107 3840 1173 3886 non
1193 3821 1448 3902 moestificabis3
1473 3827 1506 3886 et
1529 3824 1592 3904 ipsi
1616 3825 1707 3887 enim

164 3916 200 3975 to
221 3918 414 3992 venturum,
429 3915 579 3994 quereiam
596 3915 749 3979 madoco
773 3921 830 3980 tao
849 3935 913 3981 νιονι
958 3913 1143 3994 peccatoris
1173 3914 1282 3976 reditu
1307 3911 1582 3990 gratulabuntur.
1609 3914 1706 3991 Veni,

164 4017 237 4065 oum
262 4000 388 4066 oblitos.
415 4003 502 4065 Veni
517 4020 584 4066 non
611 4021 689 4067 eum
717 4006 827 4085 virga,
854 4006 913 4069 sed
959 4006 998 4065 ut
1013 4000 1117 4065 facias
1132 4003 1276 4064 salutem
1293 4001 1327 4062 in
1342 4000 1453 4078 terris,
1469 4001 1504 4063 in
1522 4002 1607 4064 ooelo
1623 4017 1707 4078 gau-

165 4089 912 4172 eumcharitatespiritusquemansuetudine.
958 4090 1062 4154 dium.
1081 4125 1119 4136 -
1136 4092 1236 4154 Porta
1247 4108 1301 4154 me
1317 4090 1352 4151 in
1375 4106 1485 4168 eruce,
1510 4105 1586 4169 quae
1611 4091 1704 4153 salu-

167 4178 286 4253 Quaere
298 4196 361 4258 me,
378 4179 493 4242 inveni
508 4197 572 4260 me,
587 4182 722 4263 suscipe
737 4199 801 4261 me,
817 4188 914 4264 porta
957 4180 1040 4242 taris
1067 4179 1258 4242 errantibus
1275 4183 1335 4258 est,
1351 4178 1388 4240 in
1404 4194 1471 4258 qua
1485 4179 1557 4240 sola
1585 4184 1636 4242 est
1652 4195 1702 4242 re·

165 4283 231 4329 me.
246 4268 344 4331 Potes
356 4268 510 4330 invenire
520 4284 621 4348 quem
634 4276 672 4332 tu
688 4272 848 4352 requiris;
865 4271 913 4334 di·
958 4269 1054 4348 quies
1069 4266 1232 4346 fatigatis,
1257 4269 1291 4330 in
1315 4283 1382 4350 qua
1404 4267 1474 4328 sola
1493 4266 1610 4329 vivent
1628 4268 1702 4348 qui-

165 4356 286 4432 gnaris
300 4357 481 4437 suscipere,
493 4372 594 4436 quem
611 4359 914 4442 inveneris3impo-
957 4373 1105 4437 eumque
1120 4357 1322 4420 morluntur.

198 4545 227 4586 v.
243 4527 302 4584 176.
315 4527 383 4583 Vnt.
396 4527 421 4583 5.
957 4527 1077 4584 solliciti
1086 4527 1181 4583 instar
1189 4527 1511 4601 pastoristamanxins
1520 4545 1608 4600 quam
1616 4527 1706 4584 fortis

197 4632 226 4671 v.
240 4614 299 4670 176.
313 4614 380 4669 θοι.
398 4613 467 4684 15.
487 4614 598 4684 Quibus
616 4615 723 4674 addere
738 4617 866 4690 juvisset
883 4634 912 4674 e·
956 4618 988 4669 et
1004 4613 1109 4682 maner,
1121 4613 1153 4669 iu
1171 4614 1299 4670 athletas
1314 4614 1432 4686 juberet
1450 4614 1524 4686 erigi
1541 4615 1655 4671 tensius
1672 4632 1702 4670 o-

164 4699 301 4772 gregiam
316 4706 347 4756 et
363 4717 516 4757 amoenum
534 4703 774 4759 commentarium
785 4703 817 4759 ln
829 4720 913 4777 supa·
955 4699 1077 4769 vitulas
1092 4699 1182 4755 etiam
1199 4699 1238 4755 ad
1256 4699 1430 4756 ommonem
1441 4705 1571 4773 paratas.
1582 4700 1703 4758 Suasio·

164 4784 243 4842 aiore
255 4791 336 4842 tomo
352 4785 482 4859 positum
498 4805 526 4861 p.
544 4789 606 4860 476,
619 4788 656 4844 ab
673 4788 760 4844 initio
777 4807 821 4862 ps.
835 4804 912 4857 χιιι,
955 4801 990 4840 ra
1010 4784 1147 4857 Origenis
1170 4785 1262 4842 verba
1283 4785 1492 4856 'theodoretus
1512 4785 1602 4842 nimio
1620 4803 1701 4842 ooar-

163 4871 255 4944 digna
266 4889 337 4928 sane
349 4871 462 4929 sobolis
472 4889 538 4945 quae
546 4873 605 4930 hue
614 4879 796 4945 revocantur,
805 4873 851 4930 uti
863 4892 913 4948 ap-
955 4875 1052 4926 status
1068 4870 1248 4943 oompendio,
1265 4887 1324 4927 non
1339 4871 1480 4944 neglexit,
1498 4889 1591 4944 neque
1609 4872 1700 4930 atium

161 4956 277 5014 tissima
290 4958 727 5018 cohaerentiaiastivoedabono
736 4965 855 5034 pastore
865 4977 912 5017 ao·
956 4955 1055 5014 omisit
1071 4956 1252 5027 Ambrosius,
1264 4957 1367 5015 eadam
1384 4976 1451 5014 anm
1469 4965 1572 5033 aperta
1583 4965 1615 5016 et
1631 4957 1704 5017 effu·

161 5041 275 5116 ronidi3
293 5060 359 5116 quae
378 5044 524 5117 plebeiam
541 5061 602 5119 prae
614 5063 647 5102 se
662 5045 721 5103 fert
736 5045 848 5104 ultimae
859 5046 912 5102 lio-
955 5061 997 5113 sa,
1014 5047 1051 5098 ut
1061 5042 1144 5114 solet,
1155 5042 1290 5100 melliflui
1307 5043 1368 5100 oris
1385 5045 1520 5103 ubertate
1532 5045 1703 5103 oohonasta·

160 5128 252 5187 milies
268 5130 437 5202 elimam,
455 5149 513 5205 qua
530 5132 693 5190 eataohiata
710 5133 772 5190 suis
789 5133 913 5190 oviculis
954 5147 996 5187 re.
1008 5129 1053 5186 Oi.
1065 5129 1153 5187 Joan.
1167 5146 1208 5199 ιν,
1219 5129 1261 5184 13.
1270 5129 1320 5186 Ps.
1330 5147 1424 5203 xavu,
1439 5133 1480 5188 16.
1491 5131 1562 5190 Luc.
1576 5151 1626 5205 xv,
1638 5134 1664 5205 4,
1678 5133 1703 5206 7,

161 5214 268 5276 bunos
279 5215 682 5290 sustineneamus
701 5217 822 5293 dimisit,
840 5219 912 5293 quin
956 5233 1021 5291 xix,
1035 5207 1094 5319 161.
1106 5215 1192 5276 Rom
1206 5234 1235 5287 x,
1248 5215 1273 5274 θ.
