3966 6108
314 451 379 515 532
972 451 1177 528 susumus

313 587 464 654 νόιστασιν
478 587 533 653 καί
548 587 658 675 κρίσιη
671 588 723 654 διά
737 598 831 655 τοῦτο
841 588 870 655 οἱ
881 591 966 656 κατὰ
978 589 1062 675 Φρό·
1105 594 1313 658 salvatorem
1326 593 1588 676 exspectandum
1598 594 1733 675 est,nisi
1746 613 1851 659 resur-

312 713 374 779 γας
395 693 609 778 προσάγοντες
631 693 797 781 προφήτας
820 695 900 781 μετὰ
921 697 975 760 τόν
997 694 1062 760 Κό-
1105 698 1208 760 rectio
1221 701 1254 760 et
1261 696 1453 778 iudicium?
1466 698 1593 763 Idcirco
1604 701 1664 782 qui
1675 717 1736 782 per
1746 701 1849 782 Phry-

315 818 392 884 ριον,
411 799 605 885 σφάλλονται
627 801 682 865 καί
704 799 854 887 αίρετικοί
875 798 1062 885 κατεκρίθη·
1104 802 1198 879 giam
1225 801 1416 882 producunt
1437 803 1617 884 prophetas
1639 807 1715 884 post
1741 799 1849 866 Domi-

313 895 423 988 corr⁸).
1105 922 1198 985 num,
1220 903 1445 986 decipiuntur,
1468 910 1503 970 et
1534 907 1684 970 haeretici
1709 905 1850 987 judicati

1105 1012 1196 1072 sunt.

355 1111 464 1200 ’ᾼομα
485 1111 634 1198 ᾀσμάτων
656 1111 722 1178 οὖν’
736 1112 787 1177 διά
801 1114 837 1176 τό
854 1114 933 1199 μετά
953 1114 989 1178 τό
1005 1111 1060 1198 ρη-
1149 1113 1325 1177 Canticum
1342 1113 1514 1191 igiturest
1528 1113 1750 1194 canticorum,
1766 1112 1852 1194 quod

311 1220 366 1286 τόν
381 1218 473 1284 οὐδὲν
487 1217 594 1304 ἕτερον
610 1219 700 1304 [ἔστι]
716 1217 906 1303 προσδοκᾶν.
922 1215 987 1282 Καὶ
1002 1217 1061 1281 ὥσ·
1104 1219 1180 1296 post
1202 1217 1366 1280 disertum
1382 1217 1476 1280 illius
1494 1223 1752 1298 argumentum,
1767 1219 1853 1282 nihil

311 1343 370 1408 περ
395 1321 475 1408 μετοέ
493 1321 588 1409 νόμον
603 1323 681 1410 ἀγια
694 1323 744 1406 ἡν,
765 1324 820 1387 καί
835 1321 915 1408 μετὰ
929 1323 971 1386 τὰ
984 1322 1061 1408 ἅγιοι
1104 1321 1198 1385 aliud
1210 1326 1262 1386 est
1277 1321 1549 1403 exspectandum.
1561 1323 1607 1387 ut
1619 1324 1709 1387 sicut
1723 1330 1799 1406 post
1810 1325 1854 1387 le·

311 1435 373 1492 τῦν
394 1424 491 1511 ἁγίων
506 1426 610 1494 οὐκέτι
624 1427 665 1511 ην
681 1425 834 1511 ἐσώτερος
849 1425 954 1506 τόπος,
978 1428 1059 1489 οὕτω
1105 1441 1184 1503 gem
1200 1428 1322 1488 Sancte
1338 1430 1435 1489 erunt
1445 1443 1485 1488 uc
1496 1431 1572 1506 post
1583 1430 1708 1490 Sancta
1724 1432 1852 1492 sunctu-

313 1530 393 1615 μετόι
409 1529 464 1613 μὲν
486 1531 523 1593 τό
541 1529 629 1616 ᾆσμα
646 1537 707 1594 των
731 1528 889 1615 ᾀσμάτων,
905 1527 1010 1593 οῦκέτι
1025 1529 1060 1594 δὲ
1106 1545 1182 1591 rum
1198 1531 1286 1594 alius
1305 1530 1446 1593 interior
1459 1530 1554 1594 locus
1573 1532 1690 1595 nullus
1706 1535 1789 1611 erat,
1805 1533 1851 1593 itu

311 1633 490 1718 προσδοκᾶν
512 1633 595 1699 ἐστίν
616 1633 807 1718 ἐσωτερικην
828 1631 1014 1719 καινοτέραν
1028 1633 1059 1699 ἐ·
1103 1637 1179 1713 post
1189 1633 1332 1714 simplex
1344 1633 1514 1696 canticum
1524 1636 1762 1700 estCauticum
1774 1653 1850 1698 cen·

312 1732 537 1824 παγγελίανθ).
556 1734 665 1817 ’Λποιξ
685 1738 747 1823 γάρ
769 1737 787 1803 ό
809 1735 913 1822 Λόγος
935 1735 1060 1823 ἐγένετο
1105 1736 1259 1818 ticorum,
1276 1754 1386 1819 neque
1403 1737 1475 1800 ullu
1492 1736 1591 1802 detur
1605 1741 1784 1821 promissio
1799 1757 1852 1802 ex-

315 1841 403 1929 οάρξ,
417 1843 472 1908 καί
486 1840 669 1908 τετελείωκε
688 1844 724 1906 τό
739 1843 841 1929 ἔργον.
1103 1843 1156 1902 tra
1171 1840 1257 1904 illud
1273 1842 1447 1904 recentior.
1467 1843 1577 1905 Semel
1594 1841 1687 1906 enim
1702 1843 1850 1907 Verbum

952 1933 954 1938 ’
1102 1960 1180 2006 ουτω
1195 1945 1321 2008 fuctum
1338 1949 1435 2008 estet
1451 1961 1535 2028 opus
1550 1949 1808 2011 consummarit

352 2051 447 2118 Ἔστι
468 2052 503 2118 δὲ
526 2052 600 2119 ὅλον
615 2053 651 2117 τὸ
675 2049 791 2138 βιόλίον
805 2050 960 2139 διαλόγων
979 2050 1059 2138 πλη·
1145 2049 1269 2113 Plenus
1278 2049 1568 2114 csttotuslibellus
1577 2051 1847 2133 colloquiisistis:

309 2177 362 2241 ρες
375 2156 504 2224 τούτων·
520 2165 576 2221 τοῦ
590 2154 726 2221 παλαιοῦ
741 2155 821 2220 λαοῦ
836 2157 913 2241 πρός
928 2159 982 2221 τόν
996 2154 1057 2222 Ar
1100 2153 1225 2214 veteris
1236 2152 1354 2234 populi
1365 2169 1444 2215 cum
1456 2153 1566 2216 Verbo
1577 2155 1759 2236 loquentis,
1772 2159 1805 2219 et
1815 2171 1851 2216 u·

308 2281 383 2347 γον,
410 2263 466 2326 καί
490 2260 629 2326 καθόλου
651 2269 707 2325 τοῦ
733 2257 925 2344 ἀνθρωπίνου
947 2257 1056 2345 γένους
1100 2255 1227 2318 niversi
1249 2257 1385 2335 generis
1407 2255 1549 2320 humani
1572 2276 1651 2322 cum
1674 2259 1795 2340 Verbo,
1818 2262 1849 2322 et

306 2364 385 2448 πρὸς
398 2363 452 2430 τὸν
466 2363 580 2449 Λόγον,
592 2364 646 2428 καί
657 2373 714 2450 της
729 2363 764 2444 ἐξ
777 2361 873 2428 ἐθνῦν
884 2360 1057 2448 ἐκκλησίας
1100 2361 1250 2424 ecclesius
1272 2361 1428 2438 gentium
1444 2378 1522 2424 cum
1545 2360 1672 2441 eodem,
1692 2367 1728 2426 et
1748 2361 1847 2426 Verbi

307 2471 386 2553 πρὸς
401 2468 507 2553 αὐτόν,
523 2470 648 2534 καὶτοῦ
663 2467 769 2553 Λόγου
784 2470 861 2552 πρός
876 2467 986 2553 αὐτὴν,
1001 2469 1056 2532 καί
1100 2479 1179 2526 cum
1193 2463 1264 2543 illu,
1280 2469 1314 2526 et
1325 2479 1443 2528 rursus
1455 2482 1532 2527 cum
1544 2464 1694 2529 humano
1707 2459 1848 2544 genere3

309 2571 405 2638 πόλιν
424 2577 502 2659 πρός
524 2574 561 2638 τό
583 2571 773 2657 ἀνθρώπινον
794 2569 894 2657 γένος,
910 2572 978 2636 είτα
999 2577 1056 2655 της
1099 2568 1219 2632 deinde
1247 2561 1396 2634 ecclesiae
1422 2570 1580 2648 gentium
1606 2586 1718 2633 sermo
1734 2573 1785 2633 est
1809 2567 1850 2631 ud

308 2675 343 2756 ἐξ
354 2675 451 2743 ἐθνῶν
463 2679 541 2762 πρὸς
551 2679 610 2762 τὴν
625 2674 844 2760 Ἰερουσαλὴμ,
857 2677 913 2741 καί
926 2683 984 2760 της
998 2673 1057 2740 Ἱε-
1100 2674 1322 2753 Hierusalem,
1338 2678 1372 2737 et
1386 2673 1599 2738 Hierusalem
1614 2673 1657 2737 ud
1672 2674 1848 2738 ecclesium

308 2782 476 2869 ρουσαλημ
490 2785 562 2868 περί
575 2789 633 2865 της
656 2779 689 2860 ἐξ
703 2779 809 2862 ἐθνῶν,
824 2781 879 2844 καί
894 2783 966 2865 περί
984 2777 1056 2844 ἐαυ-
1100 2779 1274 2857 gentilem,
1294 2783 1329 2841 et
1342 2780 1485 2861 repetitu
1500 2780 1585 2842 vice.
1605 2781 1691 2843 Tum
1715 2781 1848 2844 demum

307 2896 365 2972 της
387 2887 543 2971 διάλογοι·
574 2887 643 2952 είτα
664 2886 720 2950 καί
744 2892 806 2950 τῶν
828 2884 1056 2950 διακονούντων
1100 2882 1234 2962 eloquis
1255 2887 1336 2946 sunt
1357 2883 1626 2948 ministrantium
1647 2886 1848 2963 augelorum

308 2989 452 3077 ἀγγέλων
474 2995 552 3076 πρὸς
576 2993 649 3068 τοὺς
675 2986 849 3072 κληθέντας
875 2987 1055 3073 ἀνθρώπους
1100 2985 1317 3066 udhomiues,
1333 2987 1369 3050 in
1385 2985 1463 3052 fidei
1479 2988 1685 3069 preconium
1700 2991 1845 3052 vocatos.

312 3095 356 3172 είς
371 3097 407 3159 τό
422 3093 581 3180 κήρυγμα

352 3198 419 3264 Τοῦ
444 3199 501 3285 μὲν
527 3197 581 3263 οὖν
607 3195 745 3261 παλαιοῦ
774 3194 865 3278 λαοῦ,
896 3193 1055 3274 ἀξιοῦντος
1143 3195 1232 3258 Dum
1248 3211 1331 3273 ergo
1345 3199 1444 3259 vetus
1462 3198 1607 3278 populus
1627 3203 1701 3262 orat
1717 3201 1757 3261 ut
1770 3197 1846 3260 Ver·

307 3301 401 3367 αῦτόν
431 3300 594 3368 κατελθεῖν
622 3303 678 3366 καὶ
703 3299 855 3386 ἐνωθηναι
881 3308 920 3386 τη
951 3302 1054 3384 σαρκί,
1098 3297 1181 3362 bum
1193 3297 1382 3379 descendet,
1391 3302 1524 3365 etcerni
1537 3303 1689 3385 uniatur,
1698 3301 1848 3384 loquitur

306 3414 428 3471 ταῦτα·
1099 3402 1189 3466 hoec:

352 3514 367 3546 ‘⁴
384 3507 556 3593 Φιλησάτω
573 3528 611 3594 με
627 3507 690 3574 ἀπό
703 3505 888 3593 ριλημάτων
900 3505 1055 3592 στόματος
1146 3495 1355 3571 «osculetur
1376 3524 1430 3571 me
1446 3509 1570 3571 osculis
1593 3510 1660 3573 oris
1675 3511 1742 3591 sui,
1766 3523 1843 3590 quo·

308 3613 415 3694 αὐτοῦ,
426 3611 473 3677 ότι
484 3610 597 3697 ἀγαθοί
609 3609 723 3698 μαστοί
733 3633 790 3677 σου
799 3611 876 3696 ὑπὲρ
888 3612 970 3676 οίνον
981 3607 1052 3697 ¹⁰).„
1098 3613 1191 3677 niem
1207 3614 1348 3677 meliors
1362 3617 1443 3677 sunt
1458 3618 1518 3676 tus
1534 3613 1640 3678 ubera
1654 3617 1745 3679 vino.
1763 3635 1780 3674 ν

351 3716 417 3783 Καί
432 3717 527 3783 πόλιν
543 3717 727 3782 trisoricus
742 3714 967 3800 προτρέπεται·
1142 3719 1186 3781 Et
1199 3734 1259 3798 per
1274 3717 1346 3780 haec
1362 3734 1479 3780 rursus
1495 3717 1667 3782 hortatur:

350 3825 366 3858 ἐ
382 3819 450 3887 Nic
472 3823 549 3906 πρὸς
571 3819 702 3901 παλαιόν,
732 3818 879 3905 ἀδελφιδὲ
902 3841 970 3905 μου,
1002 3841 1055 3884 συ-
1144 3842 1162 3881 «
1184 3823 1278 3884 Nove
1299 3827 1374 3902 post
1391 3825 1516 3902 veteru,
1540 3821 1671 3886 fratello
1690 3823 1750 3903 mi,
1770 3833 1843 3882 con·

308 3929 323 3962 θ
340 3923 501 4009 νιτίγρησα
515 3922 565 3988 σοί
578 3920 630 4009 Η).
649 3973 664 4005 ,
1101 3945 1118 3985 «
1142 3926 1277 3989 servavi
1294 3925 1397 3989 tibi.»

349 4027 414 4094 Καί
425 4029 514 4113 κοινη
528 4028 563 4093 δὲ
577 4027 702 4092 πάντων
713 4027 828 4113 [pori]
840 4030 916 4112 πρός
928 4029 980 4093 τόν
992 4026 1054 4093 Λό
1142 4029 1185 4091 Et
1196 4029 1386 4092 communis
1401 4029 1553 4092 omnium
1565 4046 1631 4092 vox
1643 4034 1694 4093 est
1709 4030 1752 4094 ud
1767 4028 1843 4090 Ver·
1951 3967 1952 4038 ί

303 4152 372 4218 γον,
387 4135 439 4198 ίνα
454 4133 489 4197 τό
504 4131 594 4217 ἡμῶν
609 4129 753 4216 ἀναλάόη
770 4139 878 4218 σῶμα·
1097 4132 1189 4212 bum,
1205 4137 1245 4196 ut
1256 4138 1408 4196 nostrum
1420 4150 1542 4213 corpus
1554 4139 1721 4198 assumet:

350 4255 365 4288 ‘¹
381 4249 437 4329 Τίς
452 4248 518 4337 δῴη
534 4271 580 4335 σε,
603 4248 750 4335 ἀδελφιδὲ
776 4270 845 4336 μου,
866 4239 1054 4335 ’θηλάζουτα
1144 4259 1161 4298 α
1186 4240 1266 4314 Quis
1281 4243 1315 4302 te
1331 4238 1433 4318 dabit,
1449 4238 1580 4302 fratene
1596 4239 1653 4319 mi,
1665 4238 1841 4318 sugentem

338 4473 368 4547 8)
381 4471 425 4528 Oi.
439 4471 546 4528 Enseb.
559 4472 630 4527 Hist.
644 4471 715 4526 licei.
729 4489 757 4542 r,
771 4469 1052 4528 10.1ndsrctustio-
1095 4472 1245 4546 temporis,
1263 4473 1315 4528 sed
1332 4491 1391 4529 non
1410 4490 1473 4531 sevo
1491 4473 1620 4546 Eusebii,
1634 4473 1840 4547 obstrepentes.

303 4561 501 4634 reincipiunt.
515 4561 626 4616 Vereor
635 4562 670 4614 ut
681 4557 878 4632 precedentis
886 4557 982 4613 miuus
994 4559 1052 4614 siu·
1132 4562 1160 4634 9)
1173 4561 1220 4616 Ab
1232 4561 1313 4617 hisce
1325 4561 1388 4618 iere
1401 4561 1514 4617 orditur
1526 4561 1603 4616 hom.
1618 4564 1633 4616 1
1646 4561 1726 4635 apud
1738 4557 1839 4615 Hiero·

302 4667 371 4706 cers
383 4650 452 4719 siut,
464 4653 517 4704 sut
528 4645 700 4704 recentiore.
713 4647 798 4702 Anne
816 4645 875 4703 levi
893 4646 1052 4719 suspicioni
1095 4665 1225 4720 uymum.
1232 4647 1343 4719 Cuique
1353 4652 1463 4714 notum,
1473 4647 1551 4722 opud
1563 4647 1705 4704 Hebraeos
1715 4639 1841 4718 superlo-

301 4737 384 4794 locus
403 4735 480 4793 erit?
496 4733 626 4791 Auribus
645 4751 749 4790 sonere
767 4733 885 4792 videtur
903 4739 1051 4809 extempo-
1096 4733 1190 4792 tivum
1202 4738 1382 4804 broiencourt
1395 4734 1528 4808 exprimi,
1549 4741 1582 4790 ut
1594 4750 1647 4790 rec
1666 4749 1772 4804 repom,
1790 4727 1839 4782 1³0·

303 4825 367 4880 rsls
384 4822 685 4896 interpretamentum,
707 4820 806 4893 potius
823 4820 948 4876 lstinum
964 4838 1052 4893 quum
1096 4826 1186 4882 minuc
1199 4827 1375 4882 Domitiorum
1387 4832 1441 4881 eto.
1455 4825 1524 4881 Ocri.
1537 4828 1609 4880 κατὰ
1621 4829 1717 4893 νόμιον.

302 4927 440 4981 graecum,
452 4925 486 4965 sc
495 4909 604 4964 micare
616 4906 750 4979 quoedem
757 4906 919 4964 similitudo
928 4925 993 4963 cum
1002 4925 1053 4982 pu·
1131 4911 1176 4985 10)
1189 4911 1272 4966 cant.
1286 4929 1306 4983 r,
1319 4914 1344 4966 1.
1358 4911 1445 4982 Vuig.
1459 4927 1536 4969 μακε
1549 4914 1668 4979 ἐτήρησα
1680 4927 1729 4965 σοι.
1746 4899 1839 4963 Vari&

302 4995 382 5068 ginis
400 5013 466 5069 qum
483 5013 580 5070 supro,
599 5000 620 5050 t.
639 5011 670 5064 τι,
688 5013 717 5068 p.
730 4995 789 5066 118,
808 4995 888 5050 houd
906 4994 968 5051 siue
984 4995 1051 5068 jure
1097 5001 1175 5054 tutes
1186 5003 1265 5069 note,
1278 5015 1413 5071 quaenon
1424 4996 1701 5054 ndAlexuudrinnm
1713 4991 1839 5053 codicum

301 5081 465 5157 Hippolyto
483 5081 682 5152 secribuntur3
701 5082 749 5138 cui
767 5099 837 5139 seue
855 5081 997 5156 competit
1008 5082 1051 5138 di·
1098 5083 1272 5140 biblicorum
1283 5083 1427 5140 familiam
1439 5083 1596 5158 pertinent.

302 5169 366 5242 gito
379 5175 542 5228 monstrare
553 5168 799 5226 Montenisturum
817 5169 969 5240 tumultus,
982 5173 1052 5226 tuuc
1132 5171 1178 5244 11)
1191 5169 1274 5228 θεοῦ.
1288 5185 1340 5240 vn,
1354 5171 1396 5225 13.
