4044 6104
869 511 1074 574 EUSEBIUS

808 764 987 855 ‘psalmus
1012 775 1126 856 XLI.
1204 756 1206 765 ’

242 1029 274 1073 ν.
290 1011 320 1090 2,
337 1009 367 1072 3.
385 1002 446 1072 Ὃν
468 1006 583 1091 τρόπον
598 1007 742 1074 ἐπιποθεῖ
762 1009 880 1095 ἔλαφος
895 1010 946 1074 ἐπί
990 1011 1045 1074 καί
1061 1019 1166 1076 πᾶσαν
1182 1014 1300 1097 τροφῆν
1324 1013 1382 1098 τὴν
1397 1013 1430 1077 ἐν
1454 1011 1658 1097 ἀνθρωπείαις
1675 1012 1743 1099 βδε-

198 1114 255 1190 τὰς
277 1111 383 1196 πηγὰς
404 1119 466 1176 τῶν
488 1109 619 1192 ὑδάτων,
643 1114 741 1189 οὕτως
763 1111 908 1179 ἐπιποθεῖ
923 1111 945 1198 ἡ
991 1114 1187 1202 λυττίμενος,
1202 1115 1285 1201 μόνῳ
1297 1117 1332 1182 δὲ
1344 1117 1429 1202 ἀρτῳ
1441 1116 1491 1181 ἐπ’
1502 1116 1646 1202 ἀνάγκης
1662 1117 1744 1202 χρώ-

197 1216 285 1302 ψυχῆ
304 1237 362 1301 μου
377 1215 446 1279 κτλ.
474 1218 572 1284 Vatic.
589 1221 662 1298 649,
678 1219 709 1282 2.
993 1240 1094 1304 μενος,
1106 1222 1161 1284 καί
1176 1229 1270 1285 τοῦτο
1283 1223 1364 1306 μετὰ
1375 1220 1529 1306 δακρύων,
1542 1221 1619 1305 ἐρεῖ·
1637 1219 1745 1309 Ἐγεν-

240 1318 279 1385 Ὁ
301 1320 399 1404 διψών
414 1328 470 1384 τοῦ
485 1318 569 1386 Θεοῦ
590 1320 645 1384 καί
667 1320 706 1386 δι’
718 1321 816 1408 εὐχῆς
834 1319 948 1408 λέγων’
992 1320 1073 1408 νήθη
1089 1324 1130 1388 τα
1152 1322 1275 1408 δάκρυά
1291 1346 1350 1410 μου
1373 1324 1467 1407 ἀρτυς
1484 1345 1537 1409 μοι
1551 1322 1673 1410 ῆμίρας
1689 1327 1744 1390 καί

197 1423 281 1489 Πίτε
296 1422 372 1509 ἥξω,
388 1425 443 1488 καί
459 1421 640 1510 ὀφθήσομαι
655 1425 701 1510 τῷ
716 1422 873 1510 προσώπῳ
891 1434 947 1488 τοῦ
991 1422 1113 1501 νυκτός.
1132 1424 1176 1507 (ν.
1196 1425 1239 1509 5).

196 1528 298 1613 Θεοῦ;
311 1526 425 1594 πάντα
446 1529 488 1593 τὰ
504 1528 556 1592 ἐπὶ
578 1536 639 1615 γῆς
662 1528 946 1614 ἀποστρεφόμενος,

231 1733 281 1789 Ρε.
303 1749 363 1791 xm.
376 1731 453 1788 Vide
474 1749 513 1788 an
535 1731 653 1805 copioso
672 1737 702 1790 υτ
720 1732 850 1804 eleganti
871 1749 947 1788 oom-
991 1737 1047 1804 tur,
1061 1739 1092 1789 εί
1104 1733 1192 1806 paulo
1205 1738 1273 1806 post
1285 1733 1316 1788 in
1329 1731 1429 1788 codice
1442 1733 1553 1806 optimo
1566 1735 1745 1809 interpolan-

195 1819 339 1877 mentnrio
351 1819 473 1876 Eusebii
490 1818 527 1875 de
539 1831 627 1876 cervo
639 1818 773 1893 mystico,
792 1819 882 1876 etiam
898 1817 949 1875 ad·
992 1825 1042 1875 tur
1063 1820 1136 1876 alia:
1159 1823 1321 1890 ἀποσμήχων
1342 1826 1389 1874 καί
1409 1823 1558 1890 λεμπτυνων
1584 1822 1646 1894 (εἰσ
1667 1840 1748 1878 more

141 1899 146 1906 ’
197 1906 293 1962 denda
313 1905 374 1961 sint
397 1905 461 1962 haeo
484 1922 590 1979 ρυυσυ,
615 1921 680 1977 quoe
705 1904 855 1962 oohoeront
883 1923 950 1961 oum
992 1907 1192 1977 dommo,
1210 1907 1488 1978 1οςολιπσίνων).-
1509 1909 1559 1963 Pe.
1576 1925 1642 1967 xm
1663 1910 1749 1965 nobis

197 1993 262 2050 odd.
275 1994 329 2050 σοί.
341 1994 394 2050 869
407 1998 438 2050 et
449 1993 510 2049 372.
529 1991 606 2048 Sane
625 1992 728 2048 statim
740 1992 805 2048 edd.
824 2009 949 2064 sequun-
993 1993 1100 2050 defici&

786 2209 957 2287 Ρεαίικκτ
982 2207 1146 2287 XLIII.

172 2451 176 2458 v
240 2443 272 2488 v.
295 2426 323 2489 1.
346 2423 402 2502 Εἰς
423 2429 458 2491 τὸ
481 2421 570 2502 τέλος
594 2421 663 2488 κτλ.
689 2419 870 2508 Ὠριγένους
891 2422 947 2485 καί
991 2430 1052 2506 κῆς
1068 2423 1167 2504 (alias
1179 2424 1417 2508 πνευματικῆς),
1431 2422 1740 2511 οδκίστινίφ’ἡμϊν.

197 2525 360 2594 Εὐσεδίου.
374 2527 435 2595 Ἐκ
448 2526 618 2614 προσώπου
633 2534 690 2592 τοῦ
704 2524 847 2612 Ἰσραῆλ.
863 2526 947 2589 Vide
1003 2529 1070 2593 Vae.
1089 2527 1140 2592 10.
1157 2528 1198 2591 τί.
1214 2529 1277 2592 ΒΒ.
1296 2529 1390 2592 1422.

198 2633 260 2697 ΒΒ.
276 2635 338 2696 ool.
357 2635 452 2698 1421.
477 2635 576 2700 Vettio.
594 2634 645 2696 10.
1037 2648 1069 2694 ν.
1079 2627 1173 2694 5.Ἐν
1181 2632 1230 2695 συί
1238 2632 1311 2708 τοὺς
1318 2629 1451 2716 ἐχθροὺς
1459 2642 1666 2719 κερατιοῠμεν
1673 2633 1743 2699 κτλ.

196 2767 197 2772 1
241 2755 272 2801 v.
290 2739 320 2800 2.
336 2731 425 2802 Ὣσίν
440 2734 530 2821 ἡμῶν
544 2735 729 2821 ῆκοώσαμιν
744 2733 812 2799 κτλ
1034 2732 1142 2818 Κέρας
1157 2734 1274 2820 ψυχῆς,
1290 2743 1361 2813 νοῦς
1376 2733 1524 2820 καθαρὸς,
1543 2739 1599 2801 καί
1614 2736 1666 2802 διὰ
1686 2739 1744 2823 μὲν

238 2839 341 2925 Ἀκοῆ
357 2841 419 2926 γὰρ
434 2839 464 2903 σί
479 2839 512 2906 ἐν
527 2849 566 2924 τῆ
587 2837 791 2924 αἰχμαλωσίᾳ
807 2835 945 2921 παρέλοι-
990 2848 1048 2925 τῆς
1061 2849 1239 2924 πρακτικῆς
1254 2842 1327 2917 τοὺς
1345 2839 1477 2925 ἐχθροὺς
1497 2839 1674 2925 κερατίζει·
1690 2841 1743 2907 διὰ

195 2943 251 3030 βον
263 2945 303 3009 τὰ
310 2945 362 3010 ἐπί
368 2942 526 3021 Μωυσέως
534 2946 591 3009 καί
598 2942 706 3028 Ἰησοῦ
718 2953 773 3008 τοῦ
782 2941 874 3028 Ναυῆ
887 2963 947 3006 πα·
989 2944 1026 3008 δὲ
1040 2951 1097 3030 τῆς
1110 2943 1266 3029 γνώσεως,
1283 2947 1357 3022 τοὺς
1371 2942 1636 3030 ἐπανισταμένους
1655 2948 1739 3032 αὐτῷ

194 3047 391 3133 ρειλῆφότες,
406 3050 445 3114 ἔκ
460 3069 495 3114 τε
515 3048 667 3135 διαδοχῆς
689 3050 745 3112 καί
767 3056 827 3114 τῶν
849 3045 946 3111 θείων
990 3050 1045 3113 καί
1066 3046 1298 3135 ἀντικειμένους
1325 3059 1363 3134 τῆ
1391 3059 1588 3135 πνευματικῇ
1610 3049 1739 3136 θεωρίᾳ.

194 3163 325 3240 γραφῶν
339 3154 459 3232 τούτοις
471 3155 525 3219 οὖν
537 3152 659 3233 ἀξιοῦσι
670 3161 731 3219 τῶν
741 3153 818 3218 ίσων
828 3159 944 3236 τυχεῖν.
1000 3156 1098 3221 Vatia.
1117 3157 1168 3218 10.
1248 3146 1251 3154 ’

204 3263 302 3328 Vatia.
320 3261 426 3341 10,16.
1033 3275 1065 3319 ν.
1085 3258 1133 3321 11.
1151 3254 1373 3343 Ἀπέστρεψας
1387 3254 1474 3344 ἡμᾶς
1489 3259 1533 3336 είς
1549 3260 1589 3325 τὰ
1605 3258 1713 3324 ὀπίσω.

238 3385 270 3428 v.
287 3366 318 3429 4.
335 3361 382 3428 Οώ
396 3364 459 3448 γὰρ
474 3363 508 3427 ὲν
523 3371 561 3447 τῆ
578 3359 719 3447 ῥομφαίᾳ
734 3361 802 3426 κτλ.
1033 3358 1233 3444 Ἐμπροσθεν
1255 3360 1345 3444 ἡμῶν
1360 3358 1506 3446 λέγονται
1526 3363 1605 3427 είναι
1620 3362 1653 3426 αἱ
1670 3362 1742 3446 ἀρε-

237 3467 339 3554 Ὠριμ
354 3464 469 3532 mose.
484 3464 556 3550 Ἐφ’
566 3464 642 3550 ἡμῖν
665 3462 721 3550 μίν
736 3465 820 3530 ἐστιν
835 3467 871 3529 τὸ
886 3485 944 3529 κα·
989 3460 1042 3524 ταί
1051 3479 1059 3497 ·
1082 3462 1209 3529 ὄπισθεν
1226 3465 1272 3548 δὲ,
1288 3464 1322 3528 αἱ
1337 3463 1464 3529 κακίαι·
1487 3465 1534 3531 διὸ
1549 3466 1744 3551 προστασσί·

193 3571 349 3656 τορθώσαι
363 3572 422 3655 τῆν
438 3569 554 3655 ἀρετὴν
569 3573 625 3634 σὺν
640 3579 680 3654 τῆ
696 3567 825 3653 δυνάμει
835 3579 875 3655 τῆ
888 3579 944 3634 τοῦ
990 3564 1070 3648 μεθα
1085 3567 1211 3653 φεύγειν
1235 3568 1292 3653 μὲν
1307 3568 1365 3650 τῆν
1387 3568 1544 3652 πορνείαν,
1568 3570 1626 3652 τῆν
1642 3568 1677 3632 δὲ
1693 3591 1740 3653 φι-

194 3677 296 3742 Θεοῡ·
319 3680 355 3741 τὸ
370 3675 406 3740 δὲ
421 3673 653 3760 καταξιωθῆναι
674 3672 820 3760 γνώσεως
837 3693 946 3756 πατρι-
990 3666 1132 3746 λοξενίαν
1146 3667 1281 3735 διώκειν.
1299 3671 1383 3738 [bid.

173 3936 174 3943 ,
229 3881 278 3936 Ρε.
292 3896 378 3940 mn.
392 3879 540 3936 Βοίιοώοία
549 3897 584 3936 eo
597 3883 774 3936 concurrunt
786 3882 820 3934 ut
828 3892 949 3933 eonsen-
992 3895 1020 3934 v.
1033 3876 1199 3949 13σομίοεε
1217 3875 1385 3950 Symmachi
1397 3876 1504 3947 versio,
1524 3895 1589 3950 quae
1601 3895 1671 3936 εοιιο
1684 3879 1744 3936 He·

84 3987 87 3994 ¹
195 3985 262 4023 sum
272 3967 394 4023 Eusebii
405 3974 437 4023 ετ
449 3966 587 4040 origenis
599 3967 719 4041 plenum
734 3965 830 4036 magis
841 3981 877 4020 ιιο
888 3981 948 4020 ιπε-
992 3962 1145 4035 xaplorum
1158 3962 1265 4020 editori
1282 3961 1453 4032 gratissima
1464 3963 1531 4021 fuit.
1549 3965 1657 4020 Totum
1667 3966 1745 4022 enim

195 4051 242 4123 gis
255 4053 423 4110 ostendunt.
436 4054 536 4110 Etiam
549 4071 586 4110 ex
602 4060 687 4128 parte
699 4039 889 4109 oonfirinatur
910 4047 948 4105 ad
992 4048 1137 4105 Eusebius
1151 4050 1181 4104 ιἰι
1191 4049 1306 4120 psalmis
1319 4048 1375 4103 hoc
1388 4066 1461 4122 opus
1473 4050 1653 4123 provocavit.

796 4251 966 4330 Ρταίικκο
992 4247 1142 4327 XLIV.

238 4505 269 4550 v.
289 4489 317 4550 1.
332 4484 580 4571 Ἐξηρεώξατοῆ
597 4484 712 4571 καρδία
725 4506 784 4570 μου
799 4484 895 4568 λόγον
908 4481 942 4546 ἀ·
1031 4501 1063 4544 v.
1080 4483 1289 4548 1.Ετναίοοτ’ί
1300 4499 1465 4548 cormeum
1473 4481 1603 4546 οοαίιακ
1617 4481 1739 4546 bomem.

194 4590 293 4677 γαθδν
307 4590 377 4656 κτλ.
403 4593 501 4660 Vatia.
519 4594 593 4673 651,
609 4594 640 4656 2.
990 4591 1047 4652 etc.
1786 4629 1790 4637 -

237 4693 382 4782 Διδύμου,
409 4692 572 4760 Εὐσεδίου.
604 4694 694 4771 Τινὲς
724 4690 875 4778 ᾠήθησαν
905 4691 944 4756 ἐκ
1030 4690 1175 4772 Didymi,
1191 4691 1335 4755 Εαυοίίί.
1362 4727 1400 4736 -
1422 4691 1564 4768 Quidam
1584 4691 1740 4754 arbitrati

193 4797 362 4883 προσώπου
384 4809 440 4864 τοῦ
465 4798 590 4883 Πατρὸς
613 4795 762 4886 λέγεσθαι
783 4797 842 4881 τῆν
858 4794 944 4881 ᾠδὴν
972 4801 1070 4900 Ιευιιί
1081 4813 1123 4859 ex
1138 4811 1282 4876 persona
1292 4796 1402 4859 Patris
1410 4797 1581 4859 canticum
1593 4813 1741 4877 pronun·

194 4905 335 4987 περὶτοῦ
358 4903 392 4970 ἐν
407 4903 492 4991 ἀρχῆ
516 4903 606 4980 ὄντος
619 4903 697 4985 πρὸς
717 4902 813 4965 αὐτὸν
827 4898 943 4985 Λόγου,
990 4899 1068 4963 tiari
1094 4897 1136 4961 de
1161 4898 1271 4962 Verbo
1299 4898 1389 4979 quod
1412 4901 1448 4962 in
1475 4900 1641 4981 principio
1669 4906 1740 4964 erat

228 5079 278 5134 Ps.
291 5095 371 5137 xmv.
382 5097 410 5138 v.
425 5081 449 5134 1.
460 5077 555 5136 Vatia.
567 5078 609 5133 10.
620 5075 730 5132 Sohoh'i
738 5075 857 5132 initium
865 5074 945 5131 idem
988 5087 1110 5146 prorsus
1132 5087 1209 5128 nova
1233 5076 1263 5126 εί
1281 5071 1448 5142 singularis.
1471 5073 1509 5128 cf.
1533 5072 1620 5129 Joan.
1640 5090 1681 5144 τι,
1699 5074 1742 5129 31.

192 5165 353 5222 ostinedd.
364 5170 395 5222 εί
404 5163 482 5238 apud
491 5163 660 5237 Didymum‚
673 5162 726 5218 sed
737 5159 955 5219 exaliiscodffl
989 5157 1096 5215 Μαίίίι.
1105 5158 1474 5232 xn,35.'1*umrooolequae
1485 5159 1644 5233 ευρταίυεε
1653 5159 1745 5217 disse-

192 5271 259 5311 cum
268 5253 394 5328 plurima
403 5252 556 5314 varietate.
567 5251 642 5308 Pars
654 5249 749 5322 major
759 5254 789 5308 εί
800 5249 947 5324 posterior
991 5247 1038 5304 rui
1051 5245 1156 5304 dehoc
1169 5243 1299 5317 exordio,
1311 5261 1338 5319 p.
1352 5247 1395 5301 40.
