4020 6098
823 440 868 506 IN
890 440 1076 506 PsaLMos
1653 448 1714 512 195

211 567 435 657 Οἰκτειρήσεις,
453 571 521 639 ἀντὶ
541 584 615 640 τοῦ·
638 576 917 664 φιλανθρωτιιόθητι
1005 581 1222 663 Miscrebcria,
1248 599 1309 666 pro
1332 584 1412 648 hoo:
1436 587 1623 668 Benignus,
1649 590 1714 653 cle·

167 674 247 754 πρὸς
269 674 328 759 τήν
349 674 441 760 Σιὼν,
464 679 520 742 καί
541 675 592 744 δτι
612 678 753 767 ὁκαιρδς
774 683 915 762 τόέλεος
960 703 1124 768 mensque
1140 692 1211 752 esto
1227 688 1329 768 Sioui,
1344 695 1377 752 et
1393 691 1483 771 quod
1497 695 1632 773 tempus
1647 694 1709 756 mi·

168 774 314 842 ἀπαιτεῖ·
345 777 362 843 ὁ
390 781 452 866 γὰρ
486 790 544 866 της
570 784 795 871 ταλαιπωρίας,
825 784 916 874 ήμῦν
959 789 1150 854 sericordiae
1160 793 1277 868 urget:
1293 795 1447 856 nostrum
1460 792 1616 858 estenirn'
1625 802 1709 860 tem·

164 877 288 965 χρόνος.
303 879 400 968 Λέγει
414 884 450 949 δὲ
471 887 512 950 τὰ
533 885 752 975 έδδομήκοντσι
766 891 822 975 ἔτη
847 911 916 955 συν-
960 909 1024 973 pus
1039 894 1254 958 calamitatis.
1268 895 1359 958 Dicit
1373 899 1502 960 autem:
1526 900 1711 980 completis

163 985 353 1073 τετελέσθαι,
368 991 424 1054 καὶ
442 990 649 1081 έπιποθοῦμεν
670 996 730 1080 τήν
746 995 816 1061 ἐκεῖ
828 996 916 1081 οίκη-
960 994 1297 1080 post[captivitatem]
1304 1000 1524 1080 septuaginta
1535 1003 1643 1080 annia,
1653 1019 1711 1065 ve·

165 1110 213 1156 σιν
227 1092 282 1155 καὶ
297 1093 338 1157 τό
356 1093 390 1158 έν
404 1096 484 1181 corp
508 1096 611 1183 έδάρη
627 1097 708 1182 λίαν,
724 1101 779 1164 καὶ
791 1108 852 1166 τῦν
875 1099 914 1165 έκ
961 1101 1137 1165 hementer
1151 1105 1307 1183 optamus
1327 1101 1397 1166 illic
1416 1102 1580 1184 habitare,
1600 1109 1634 1168 et
1654 1123 1711 1187 pa·

165 1202 223 1279 τής
237 1195 421 1281 πορθήσεως
436 1201 660 1289 σχισμάτωνή
684 1201 792 1292 μνήμη
809 1204 914 1272 οίκτον
962 1206 1115 1270 vimenta
1137 1209 1256 1287 terere,
1272 1225 1312 1274 ac
1331 1206 1428 1272 nobis
1450 1209 1614 1272 memoria
1635 1211 1715 1274 scis·
1765 1225 1770 1234 ·

165 1298 241 1385 ήμῖν
255 1299 417 1368 ἑντίθεται.
442 1304 563 1371 Τούτου
578 1308 641 1392 γὰρ
662 1306 842 1395 γενομένου,
859 1307 914 1395 φό-
960 1309 1107 1389 sionum,
1125 1313 1168 1372 ex
1182 1309 1246 1373 hac
1257 1312 1446 1375 vastatione
1467 1315 1629 1394 ortarum,
1645 1316 1715 1378 luc-

165 1403 220 1490 βος
245 1407 319 1485 τοὺς
341 1418 584 1492 περιοικοῦντας
613 1409 760 1496 λήψεται,
790 1414 845 1476 καί
875 1411 917 1491 ὡς
961 1416 1036 1475 tum
1048 1413 1185 1491 ingerit.
1209 1413 1332 1478 Reditu
1350 1419 1465 1480 autem
1488 1415 1586 1497 lacto,
1610 1417 1713 1482 timor

165 1508 271 1575 πολλὰ
293 1509 476 1595 δυνηθέντες
498 1512 691 1594 δοξόισυυσιν.
707 1555 749 1565 -
770 1515 837 1584 Νῦν
857 1519 917 1604 τήν
959 1516 1218 1582 circumvicinos
1241 1517 1388 1598 invadet,
1416 1521 1451 1582 ct
1474 1521 1582 1583 multa
1604 1520 1713 1584 veluti

166 1613 247 1680 Σιίυν
262 1615 321 1700 τήν
335 1615 426 1700 ιρῦσιν
440 1615 527 1703 λέγει
545 1619 604 1704 τήν
626 1618 768 1707 λογικήν,
785 1622 846 1706 τήν
862 1642 917 1688 ιτε-
960 1622 1124 1700 potestate
1139 1621 1257 1702 pressi,
1271 1622 1515 1700 glorificabunt
1528 1629 1572 1688 te.
1583 1626 1711 1688 -Nunc
1770 1679 1783 1708 ,

165 1727 300 1804 aanor
314 1720 481 1786 σκυτεύειν
495 1723 536 1787 τό
550 1722 731 1810 ἐπουράνια.
960 1721 1041 1784 Sion
1055 1721 1181 1786 dicitur
1193 1728 1316 1787 natura
1330 1709 1528 1806 spiritualis,
1541 1733 1656 1791 ereata
1670 1727 1710 1791 ut

960 1825 1324 1891 coelestiaconsiderct.
1658 1891 1660 1896 ,

207 1945 240 1990 ν.
258 1928 308 1993 15.
324 1921 396 1994 Ὀτι
409 1927 593 2015 ηὐδόκησαν
607 1930 637 1996 ol
648 1929 756 2015 δοῦλοί
769 1954 826 1998 σου
838 1935 913 2012 τοίις
1003 1947 1036 1992 v.
1054 1931 1104 1992 15.
1133 1932 1289 2007 sirmeum
1307 1932 1505 2014 placemus
1525 1935 1631 2000 servis
1645 1935 1715 2001 tois

164 2027 269 2106 λίθους
284 2033 392 2118 αῦτης,
408 2035 462 2098 καὶ
478 2035 532 2099 τόν
546 2043 626 2122 χοῦν
642 2037 741 2121 αῦτης
763 2035 916 2125 οίκτειρή-
960 2032 1085 2116 laptiles
1095 2035 1176 2126 ejus,
1187 2036 1374 2118 etpccloeris
1384 2037 1456 2119 ejas
1465 2037 1712 2104 miserebuntur.

165 2152 265 2198 σουσι.

207 2235 296 2304 Χοῦν
317 2239 556 2327 οίκτειρήσουσι,
578 2241 719 2310 τουτέστι
745 2247 817 2325 τοὺς
843 2254 915 2332 χοὶ·-
1003 2241 1158 2308 &clamis
1167 2243 1412 2326 macroconto,
1424 2246 1459 2312 id
1471 2250 1523 2310 est
1534 2247 1712 2312 hominum

164 2339 250 2420 κοιίς.
957 2347 1179 2410 terrenorum.

209 2466 241 2511 ν.
260 2448 311 2530 16,
330 2449 380 2513 17.
397 2446 462 2514 Καί
477 2449 713 2537 ροόηθήσονται
732 2454 773 2518 τδι
787 2451 861 2539 ἔθνη
877 2455 914 2520 τὸ
1003 2468 1035 2514 v·
1061 2451 1112 2531 16,
1138 2452 1188 2515 17·
1211 2452 1258 2516 Εἰ
1286 2451 1444 2519 timebam
1467 2458 1578 2537 peotes
1599 2472 1712 2522 uomet

163 2549 264 2637 όνομό
285 2574 352 2636 σου,
375 2551 483 2638 Κύριε,
506 2557 561 2622 καὶ
583 2555 698 2635 πάντες
720 2557 750 2622 οἱ
773 2555 911 2644 βασιλεῖς
959 2557 1061 2636 torua,
1086 2555 1233 2635 Daciae,
1252 2560 1285 2621 ct
1298 2573 1404 2622 omues
1425 2562 1626 2640 reportare
1643 2559 1712 2642 plo·

164 2656 223 2741 τήν
238 2655 332 2736 δόξαν
347 2677 414 2740 σου,
431 2660 479 2724 ότι
501 2657 703 2747 οἰκοδομήσει
717 2660 834 2747 Κύριος
855 2664 914 2750 τήν
957 2658 1045 2723 vtum
1057 2662 1155 2740 ίιιιινι,
1174 2660 1253 2742 μνία
1263 2660 1433 2744 adplicabit
1446 2663 1604 2728 Dominam
1618 2664 1707 2744 Sica,

162 2760 253 2843 Σιίυν,
269 2762 323 2826 καὶ
337 2759 511 2846 ὀφθήσεται
524 2764 559 2830 ἐν
574 2775 613 2850 τῇ
629 2764 703 2850 δόξη
719 2768 831 2832 αὐτοῦ.
960 2765 993 2828 ct
1004 2761 1167 2828 uidebitur
1181 2764 1219 2828 ιἰι
1230 2761 1342 2847 ρίῦνίῦ
1356 2781 1427 2830 ενα.

206 2865 256 2931 Τὰ
271 2866 328 2951 μὲν
342 2865 417 2951 ἔθνη
434 2866 715 2954 ροῦηθήσονταιτδ
730 2870 831 2956 όνομα
845 2870 910 2936 Ko-
1003 2867 1128 2930 Gentes
1144 2867 1283 2949 quidem
1306 2869 1476 2933 timebunt
1497 2886 1622 2934 nomen
1643 2872 1707 2936 Do-

161 2966 239 3054 ρίου,
266 2969 296 3034 ol
321 2970 357 3035 δὲ
377 2967 554 3054 κρείττονες
581 2974 693 3055 αὐτῶν,
717 2973 748 3038 οἱ
770 2973 911 3060 βασιλεῖς
958 2970 1059 3050 mini;
1076 2973 1111 3034 et
1125 2972 1185 3054 qui
1197 2973 1320 3036 axillis
1334 2974 1481 3053 potiores
1496 2979 1587 3054 sunt,
1603 2991 1703 3054 reges

160 3073 220 3158 τήν
235 3071 329 3152 δόξαν
343 3075 450 3159 αῦτοῦ,
467 3077 514 3142 δτι
537 3076 723 3162 ᾠκοδόμησε
739 3080 797 3165 τήν
813 3079 906 3146 Σιών·
958 3075 1168 3141 verebuntur
1179 3078 1325 3154 gloriam
1338 3075 1421 3158 ejus,
1435 3079 1516 3160 quia
1527 3077 1708 3144 aedificavit

161 3176 230 3242 όδέ
244 3175 341 3264 φόόος
355 3181 458 3261 οὗτος,
474 3181 561 3265 φησί,
583 3179 762 3266 γενήσεται,
778 3183 858 3248 ἐπὰν
874 3183 910 3250 ά-
958 3178 1104 3243 Sionem.
1121 3181 1165 3243 Et
1175 3181 1277 3245 timor
1292 3182 1356 3244 iste
1369 3182 1443 3262 erit,
1460 3183 1582 3263 inquit,
1597 3198 1707 3263 quan-

161 3279 239 3368 ρέση
252 3303 302 3348 σοι
311 3286 370 3368 τήν
382 3283 464 3350 Σιὼν
475 3281 704 3372 οἰκοδομήσειν,
717 3289 772 3351 καί
782 3289 842 3372 τήν
850 3289 911 3375 σήν
960 3283 1002 3346 do
1025 3283 1192 3364 placuerit
1207 3285 1271 3348 tibi
1294 3289 1333 3348 ut
1352 3285 1432 3348 Sion
1456 3285 1651 3367 aedificetur,
1676 3291 1711 3351 et

161 3385 257 3452 πάλιν
269 3386 364 3467 δόξαν
378 3387 413 3452 έν
427 3397 471 3475 τῷ
486 3398 552 3474 ναῷ
568 3387 676 3470 δεῖξαι,
691 3391 713 3476 ή
728 3389 797 3456 ἐπεὶ
819 3390 911 3459 ἀσθε-
956 3392 1018 3451 tua
1032 3389 1157 3452 iterum
1180 3390 1292 3469 gloria
1308 3391 1343 3452 in
1359 3391 1484 3471 templo
1500 3391 1706 3472 ostendatur,

158 3489 244 3568 νείας
268 3501 324 3556 τοῦ
350 3490 434 3558 Θεοῦ
459 3490 702 3577 κατεγίνωσκον,
726 3493 768 3573 ὡς
795 3497 839 3582 μή
864 3497 909 3562 lc·
957 3493 1061 3556 etiam
1075 3497 1255 3575 postquam
1270 3495 1506 3558 accusaverint
1523 3493 1585 3558 Dei
1601 3495 1705 3558 imbe-

158 3594 292 3682 χθοντος
306 3604 363 3681 της
377 3594 520 3675 δουλείας
530 3597 689 3663 ἐκσπῦσαι
701 3598 834 3666 Ἰσίδαν.
848 3599 904 3666 Al
956 3597 1143 3677 ciuitatem,
1156 3599 1254 3680 quasi
1266 3615 1333 3660 non
1345 3599 1490 3662 valentis
1503 3601 1631 3680 eripere
1643 3601 1665 3662 J
1668 3616 1704 3661 u·

159 3697 217 3779 ξαν
231 3699 327 3765 αῦιοῦ
342 3699 438 3765 καλεῖ
450 3701 508 3786 τήν
522 3709 580 3786 της
595 3700 716 3780 πόλεως
736 3702 910 3788 νερυργίαν,
957 3701 1035 3764 dam
1057 3719 1078 3764 a
1100 3702 1306 3783 captivitate.
1331 3702 1481 3766 Gloriam
1504 3702 1578 3783 ejus
1607 3709 1706 3767 vocat

158 3800 228 3868 ἀντὶ
242 3811 299 3867 τοῦ
313 3802 407 3868 πόλιν
429 3805 488 3889 τήν
502 3802 584 3870 Σιὼν
607 3803 854 3890 οἰκοδομηθῆναι
876 3807 910 3872 έν
957 3821 1080 3868 novam
1107 3805 1256 3869 civitatis
1286 3806 1578 3886 instaurationem,
1607 3824 1647 3870 ac
1677 3808 1706 3871 si

158 3915 199 3992 τῇ
221 3904 362 3992 ιιροτέρμ
386 3905 477 3992 δόξῃ·
504 3907 635 3992 όψονται
661 3910 715 3973 τόν
740 3918 802 3975 τῶν
828 3909 910 3976 δλων
957 3906 1151 3972 dicat:Sion
1162 3909 1395 3973 ubiaedificata
1406 3909 1551 3974 fueritin
1563 3912 1707 3993 pristina

160 4007 253 4078 Θεόν.
268 4010 334 4075 Kal
356 4011 443 4096 τάχα
463 4012 550 4076 κατὰ
570 4013 630 4098 τήν
654 4010 782 4097 τρίντην
805 4013 912 4099 ἐπιδη-
956 4014 1078 4094 gloria,
1094 4012 1260 4077 videbunt
1273 4014 1382 4078 Deum
1406 4015 1565 4079 universo
1580 4015 1707 4078 mundo

160 4112 235 4201 μίαν
250 4113 451 4201 οἰκοδομήσει
464 4113 581 4200 Κύριος
596 4119 654 4202 τήν
666 4116 764 4199 Σιίυν,
780 4119 865 4182 κατὰ
875 4118 911 4184 δὲ
956 4117 1196 4181 dominantem.
1221 4120 1269 4182 Ac
1291 4117 1432 4182 fortasse
1459 4120 1495 4181 in
1521 4119 1630 4201 primo
1651 4120 1709 4184 ad·
1848 4153 1849 4158 ι

160 4220 220 4305 τήν
236 4217 385 4303 δευτέραν
407 4216 579 4304 ὀφθήσεται
594 4218 628 4286 ἐν
650 4229 689 4306 τῇ
705 4219 780 4306 δόξῃ
804 4221 909 4288 αὐτοῦ.
955 4226 1062 4285 ventu
1076 4222 1241 4286 Dominus
1256 4222 1437 4286 aedificabit
1448 4224 1538 4304 Sion,
1552 4225 1587 4287 in
1601 4224 1707 4288 altero

956 4332 1071 4392 autem
1086 4326 1257 4390 videbitur
1274 4329 1310 4390 in
1326 4328 1438 4406 gloria
1452 4347 1524 4392 sua.

999 4431 1062 4495 Vel
1076 4431 1179 4493 etiam
1191 4431 1257 4495 sic:
1273 4430 1437 4511 Christus,
1450 4449 1528 4496 caro
1543 4419 1642 4514 plene
1658 4431 1674 4496 f
1691 4466 1705 4479 ·

205 4525 251 4598 Ἢ
269 4531 325 4596 καί
339 4533 454 4610 οὕτως·
476 4530 643 4619 γενόμενος
658 4533 737 4619 σὰρξ
752 4533 842 4619 όλως,
854 4535 910 4599 καί
955 4539 1031 4600 etus
1046 4540 1082 4599 et
1092 4538 1309 4598 conversatus
1326 4535 1512 4615 nobiscum,
1524 4535 1705 4600 aedificavit

161 4634 332 4721 σκηνίισας
354 4636 388 4702 έν
409 4634 495 4723 ἡμῖν,
511 4636 698 4723 ᾠκοδόμησε
713 4640 772 4725 τήν
794 4639 911 4725 ἐκκλη-
956 4639 1159 4718 Ecclesiam,
1181 4639 1405 4720 spiritualiter
1434 4640 1514 4702 Sion
1540 4644 1704 4703 vocatam.

159 4737 242 4824 οίαν,
254 4748 472 4826 πνευματικῶς
484 4739 565 4806 Σιὼν
578 4740 824 4828 ὀνομαζομένην.
835 4740 912 4828 ’Orp-
956 4743 1133 4808 Videbitur
1155 4747 1270 4804 autem
1286 4743 1321 4804 in
1343 4743 1454 4820 gloria
1476 4760 1548 4822 sua,
1569 4743 1704 4824 quando

157 4841 290 4929 θήσεται
304 4844 340 4909 δὲ
354 4845 388 4909 έν
402 4853 441 4930 τή
465 4842 539 4928 δόξη
557 4843 661 4928 αὐτοῦ,
686 4846 762 4912 όταν
786 4844 908 4931 οκηνιίι-
957 4865 1036 4911 eum
1059 4847 1225 4927 hospitem
1241 4846 1348 4908 nostri
1362 4845 1573 4910 tabernaculi
1597 4848 1707 4910 intue-

157 4967 272 5026 σαντες
294 4947 328 5014 ἐν
348 4948 424 5035 ήμῖν
439 4949 546 5034 αὐτοῦ,
569 4949 762 5037 θεασώμεθα
784 4952 843 5038 τήν
858 4949 909 5016 δέ·
956 4949 1112 5014 bimurin
1120 4949 1231 5027 gloria
1242 4965 1314 5028 sua,
1323 4949 1463 5030 plenum
1472 4951 1593 5028 gratiae
1604 4955 1638 5014 et
1648 4968 1704 5014 ve·

193 5165 223 5205 ν.
236 5146 278 5204 15.
292 5147 358 5206 Vct.
374 5149 399 5203 5.
992 5161 1021 5202 v.
1034 5144 1078 5216 ld,
1092 5144 1135 5199 17.
1147 5143 1215 5202 Vat.
1227 5143 1254 5198 4.
1268 5140 1312 5200 cf.
1325 5142 1410 5200 Joan.
1425 5144 1449 5213 1,
1463 5144 1504 5198 14.
1600 5165 1601 5168 ¹
