4020 6098
819 423 864 486 IN
886 421 1073 486 Psntmos
1650 421 1714 486 217

172 563 269 650 λέγει,
284 565 306 651 ἡ
322 565 394 642 τοὺς
417 562 620 649 ἐνεργοῦντας
640 561 738 638 αὐτάς
760 560 921 647 δαίμονας.
966 561 1057 641 dicit,
1070 563 1125 626 vel
1136 561 1304 627 daemones
1318 563 1455 627 illorum
1466 563 1613 646 opifices.
1626 567 1713 629 Sene

172 667 231 733 Διά
246 669 285 754 δὴ
302 677 357 732 τοῦ
381 666 502 753 μοχλοῦ
517 669 552 732 τό
569 667 752 753 δυσκαμπὲς
770 667 848 751 πρὸς
862 667 922 750 τὴν
965 682 1026 747 per
1041 670 1154 730 vectes
1174 668 1289 745 eogIte
1310 669 1442 746 signori
1461 668 1606 732 arduum
1629 686 1715 751 opus

173 769 289 858 ἀρετὴν
300 781 357 836 τοῦ
367 766 558 857 ἡγεμονικοῦ
569 769 767 856 δεδηλῶσθαι
781 768 921 855 νομίζον.
967 787 1108 834 eummae
1129 771 1271 835 rationis
1294 771 1337 834 ad
1360 772 1521 835 virtutem
1541 789 1715 855 capessen-

966 875 1053 939 dem.
1168 894 1171 902 ·

215 997 248 1042 v.
274 979 325 1042 18.
349 969 420 1043 Πᾶν
444 977 554 1066 βρῶμα
575 977 764 1057 ἑόδελόξατο
785 977 808 1064 ἡ
832 978 921 1064 ψυχὴ
1008 997 1041 1042 v.
1059 978 1109 1042 18.
1129 979 1257 1043 Omnem
1271 995 1376 1044 eccam
1390 977 1631 1046 otominctccst
1644 983 1716 1046 cot

173 1083 284 1167 niteo,
299 1085 355 1149 καὶ
368 1085 504 1170 ἤγγισαν
518 1087 578 1163 ἕως
592 1084 772 1152 τῶνπυλῶν
787 1093 844 1150 τοῦ
858 1083 920 1149 dc·
965 1099 1020 1148 κιο
1032 1099 1152 1162 omnm,
1167 1083 1549 1166 appropinquaverunt
1562 1101 1663 1168 ιιςρυε
1676 1083 1720 1150 ad

172 1187 278 1254 νάτου.
965 1191 1160 1268 conpoctas
1175 1187 1299 1251 mortio.
1700 1235 1705 1247 .

217 1289 338 1378 Βριῖιμα
351 1302 407 1357 τοῦ
419 1302 534 1378 νοητοῦ
546 1294 642 1379 άρτου
658 1291 745 1378 φησί.
759 1291 922 1369 -Πύλας
1009 1291 1131 1354 Escem
1149 1292 1198 1354 eit
1212 1291 1424 1372 spiritualem
1447 1309 1584 1372 penem3
1599 1294 1714 1374 portes

173 1395 327 1478 θανάτου,
343 1399 436 1463 σκιὰν
450 1397 593 1463 θανάτου
608 1399 663 1462 καί
678 1395 791 1473 σκότος
806 1399 865 1484 τὴν
881 1397 923 1462 εἰ·
965 1413 1045 1458 vero
1061 1395 1179 1458 mortis
1199 1399 1233 1458 et
1256 1394 1412 1458 umbram
1427 1395 1546 1458 mortis
1569 1399 1604 1458 et
1625 1399 1717 1460 tene

173 1499 406 1587 δυλολατρείαν
422 1500 509 1587 φησί.
965 1499 1044 1563 bras
1059 1499 1142 1562 dicit
1157 1498 1392 1562 idololatriam.

214 1627 246 1672 v.
263 1609 315 1673 20.
333 1604 519 1673 Ἀπέστειλε
541 1608 594 1672 τόν
617 1603 721 1691 Λόγον
742 1604 851 1688 αὐτοῦ,
866 1606 922 1670 καί
1010 1623 1042 1669 ν.
1059 1607 1112 1670 20.
1129 1605 1227 1671 Misit
1249 1604 1381 1672 Verona
1402 1597 1507 1684 cumo,
1534 1607 1566 1668 et
1585 1603 1719 1672 ταπεινόν

171 1709 283 1775 ἰάσατο
298 1711 422 1793 αὐτοὺς,
438 1711 494 1775 καὶ
508 1709 662 1796 ἐρρύσατο
677 1710 791 1786 αὐτοὺς
807 1709 845 1774 ἐκ
860 1717 922 1776 τῶν
966 1725 1028 1789 σου,
1046 1713 1077 1775 et
1092 1709 1217 1790 m'pcit
1230 1726 1282 1774 coc
1296 1707 1335 1774 de
1350 1707 1542 1791 ουιννφίοίίσ
1553 1726 1672 1776 τοίνυν.

171 1813 348 1899 διαρθορῶν
363 1815 476 1880 αὐτῶν.
1477 1861 1480 1868 -
1505 1867 1510 1881 .

213 1915 344 2008 Ἰάσατο
353 1914 698 2002 αότοὺςόΛόγοςκατόι
709 1917 768 2002 τὴν
779 1912 918 1982 ἐπίνοιαν
1010 1917 1150 1984 sanavit
1166 1934 1223 1980 eos
1237 1917 1396 1998 Verbum,
1408 1915 1509 1998 juxte
1521 1916 1643 1980 medici
1658 1933 1714 1998 pe·

172 2020 298 2106 ίατροῠ·
328 2020 491 2108 ἐρρύσατο,
522 2019 682 2106 ἀναιρέσει
709 2029 840 2106 νομικῆς
864 2017 921 2083 λα·
966 2022 1100 2102 ritiem;
1117 2022 1254 2102 eripuit,
1270 2021 1404 2086 subiato
1419 2022 1508 2100 legis
1523 2022 1629 2085 cultu.

172 2123 287 2208 τρείας,
678 2149 685 2164 ·

214 2247 246 2292 ν.
262 2230 315 2308 21,
331 2230 385 2292 22.
400 2226 774 2314 Ἐξομιολογησάσθυσαν
789 2235 833 2314 τῷ
855 2225 920 2293 Κυ-
1010 2248 1042 2292 v.
1058 2231 1112 2310 21,
1128 2230 1181 2293 22.
1201 2229 1419 2312 Confiteootoo·
1440 2229 1576 2292 Domino
1590 2227 1719 2293 miceri-

171 2329 227 2414 ρίιρ
241 2331 281 2395 τά
296 2328 371 2416 neq
387 2332 494 2414 αὐτοῦ,
510 2333 565 2395 καί
587 2333 628 2396 τὰ
641 2330 808 2416 θαυμάσια
823 2332 920 2396 αὐτοῦ
966 2335 1081 2400 cordio
1094 2335 1175 2416 η’νιε,
1193 2339 1225 2400 et
1238 2333 1407 2398 mirabilia
1420 2335 1492 2416 ejus
1503 2334 1598 2417 filiis
1619 2331 1719 2402 omi»

171 2443 236 2512 τοῖς
250 2433 327 2511 υἱοῖς
338 2443 399 2500 τῶν
414 2433 594 2519 ἀνθρώπων.
607 2433 672 2500 Καὶ
683 2434 920 2534 ἐξαγγελλάτυι·
965 2457 1056 2522 πνους
1072 2445 1104 2505 et
1117 2440 1355 2504 connotantur
1368 2455 1463 2519 wera
1477 2439 1549 2520 ejus
1563 2437 1601 2501 io
1612 2435 1720 2503 octul-

172 2557 233 2602 σαν
247 2539 289 2602 τὰ
303 2539 383 2623 ἔργα
397 2538 493 2603 αὐτοῦ
508 2537 542 2605 ἐν
557 2539 753 2626 ἀγαλλιάσει.
966 2548 1095 2612 tatione.

215 2639 253 2707 Ὀ
280 2644 351 2720 τοὺς
373 2643 444 2726 περὶ
467 2641 615 2728 προνοίας
637 2641 843 2729 ἐπιστάμενος
870 2643 922 2711 λό-
1011 2651 1074 2725 Qui
1089 2649 1191 2731 probe
1206 2650 1302 2712 novit
1316 2649 1464 2713 rationes
1478 2647 1711 2729 providentie,

170 2767 256 2831 γους,
272 2748 363 2824 οὗτος
377 2745 501 2826 δοξάζει
516 2749 556 2811 τὰ
571 2744 646 2838 όλέη
663 2756 718 2812 τοῦ
729 2745 858 2832 Κυρίου.
872 2785 913 2796 -
970 2755 1027 2819 ille
1043 2753 1292 2819 misericordiae
1318 2754 1453 2816 Domini
1470 2751 1649 2830 glorificet.
1675 2785 1714 2797 -·-

171 2849 377 2936 Ἐξαγγὲλλει
387 2850 423 2915 δὲ
433 2852 474 2915 τὰ
485 2851 668 2936 ἔργααότοῠ
678 2851 713 2915 ἐν
721 2850 918 2936 ἀγαλλιάσει,
968 2861 1160 2923 Annuntiat
1182 2865 1295 2921 autem
1312 2875 1413 2939 opere
1435 2855 1510 2937 ejus
1526 2855 1561 2918 in
1586 2855 1716 2918 exulte·

171 2956 226 3019 καί
241 2955 335 3032 πᾶςό
357 2956 398 3019 τά
419 2956 463 3033 είς
485 2957 580 3020 αὐτὸν
598 2953 748 3041 γινόμενα
770 2945 919 3042 ὲξαγγὲλ-
970 2963 1073 3043 tione,
1090 2962 1297 3045 quicumque
1317 2962 1419 3025 etiem
1439 2977 1523 3038 erge
1544 2976 1580 3022 se
1604 2961 1716 3040 ipsum

170 3057 245 3142 λυν,
261 3061 316 3123 καί
329 3066 441 3144 πεῖραν
463 3059 612 3146 ἐσχηκὼς
626 3069 684 3146 τῆς
706 3062 803 3125 αὐτοῦ
826 3061 919 3147 ἐργα-
967 3072 1043 3130 octo
1058 3065 1226 3149 praedicet,
1244 3071 1278 3128 et
1299 3065 1569 3147 experimentum
1584 3063 1664 3128 feeit
1680 3064 1718 3126 il-

172 3161 253 3246 σίας,
268 3165 328 3250 οὐχ
343 3166 361 3228 t
375 3163 484 3240 ἁπλῶς
500 3165 541 3228 τὰ
554 3162 671 3249 ἑτέροις
685 3162 840 3250 γενόμενα
855 3163 921 3249 διη-
967 3172 1035 3235 lius
1050 3169 1293 3248 beneficentiae,
1310 3186 1378 3232 non
1394 3185 1473 3232 vero
1496 3168 1554 3231 ilie
1570 3167 1630 3248 qui
1644 3171 1718 3228 tan-

171 3267 334 3353 γούμενος.
899 3320 905 3330 .
967 3280 1042 3339 tum
1056 3291 1158 3355 opere
1173 3273 1209 3337 in
1224 3275 1355 3336 ceteris
1371 3273 1460 3336 foeta
1475 3274 1619 3334 enarret.

216 3391 248 3436 v.
265 3373 317 3436 23.
334 3369 373 3437 Oi
388 3369 631 3450 καταὸαίνοντες
646 3372 690 3449 εἰς
704 3371 876 3438 θάλασσαν
887 3371 922 3437 ἐν
1012 3397 1044 3442 ν.
1060 3380 1113 3443 23.
1134 3378 1196 3454 Qut
1215 3375 1408 3442 descendunt
1428 3376 1465 3440 io
1487 3391 1586 3454 more,
1604 3374 1642 3437 io
1663 3389 1720 3438 oo·

176 3473 305 3558 πλοίοις,
329 3485 490 3553 ποιοῦντες
504 3473 654 3562 ἐργασίαν
677 3475 711 3541 ὲν
734 3476 824 3540 dicct
847 3475 925 3540 πολ·
967 3484 1070 3565 nitus,
1088 3485 1287 3567 κεροίίοιιίου
1300 3485 1337 3548 io
1352 3483 1449 3564 cquis
1463 3481 1588 3546 multis.

174 3578 251 3658 λοῐς.

217 3681 445 3768 Παραθολικῶς
467 3693 568 3748 ταῦτα
589 3681 731 3750 τέθεικεν
758 3684 776 3749 θ
802 3681 924 3770 προφή·
1011 3692 1148 3757 Fictitio
1163 3709 1255 3754 more
1270 3691 1446 3772 proposuit
1456 3689 1528 3752 hcec
1539 3686 1713 3769 propheta,

173 3809 249 3874 της·
277 3787 365 3877 λέγει
386 3788 421 3854 δέ
443 3796 546 3871 τοῦτο,
570 3789 617 3852 ότι
639 3788 783 3873 καθάπερ
806 3788 835 3852 οί
851 3809 923 3854 ναυ-
968 3796 1003 3859 id
1019 3811 1099 3858 vero
1115 3795 1251 3857 asserit:
1276 3795 1414 3872 scilicet,
1432 3791 1718 3874 quemadmodum

172 3893 357 3979 τιλλόμενοι,
372 3895 482 3958 καὶτὰ
497 3893 623 3979 μεγάλα
645 3893 855 3978 διαπερῶντες
871 3913 924 3957 τιε-
968 3900 1028 3980 qui
1051 3901 1228 3978 navigent,
1243 3903 1277 3961 et
1299 3913 1426 3976 magne
1449 3897 1658 3960 emetiuntur
1673 3913 1717 3958 ω-

173 3997 270 4082 λάγη,
286 3997 493 4082 διαφερόντως
508 3999 565 4073 τὰς
579 3994 672 4073 θείας
693 3995 923 4082 μεγαλουργίας
968 4019 1084 4084 quom,
1100 4002 1323 4066 multifariam
1346 4001 1407 4064 Dei
1430 4005 1587 4082 portento
1601 4009 1741 4081 specu·¹

174 4103 287 4188 ὁρῶσι·
301 4101 431 4166 κλόδυσι
444 4099 922 4188 μὲνχσλεπῶςπεριπίττοντες,
968 4109 1092 4187 lentur,
1116 4125 1209 4170 nuno
1234 4106 1390 4187 procellis
1418 4121 1510 4182 aegre
1542 4101 1720 4183 circumje-

173 4207 262 4292 παρὰ
275 4215 381 4269 πᾶσαν
395 4206 431 4270 δὲ
446 4202 642 4290 ἀνθρωπίνην
657 4203 771 4270 tietdo
785 4213 842 4290 τῆς
861 4225 921 4268 σω·
968 4213 1050 4276 etati
1061 4259 1069 4291 ‚
1101 4229 1192 4274 nunc
1223 4215 1344 4291 praeter
1372 4226 1507 4272 omnem
1537 4208 1716 4270 hominum

174 4309 285 4396 τηρίας
296 4308 627 4386 άπολαόοντες·οότο)ς
636 4307 844 4374 καίἸουδαίοι
855 4317 923 4386 ταῖς
970 4334 1064 4397 spem
1076 4315 1310 4379 incolumitate
1322 4312 1528 4392 gaudentem
1544 4313 1593 4374 ite
1604 4313 1625 4376 J
1628 4311 1715 4374 udaei

174 4422 348 4502 συμφοραῖς
369 4411 503 4490 ἐκείναις
525 4411 762 4497 περιπεσόντες,
785 4413 841 4476 καί
863 4413 922 4498 τὴν
969 4425 1003 4484 et
1014 4421 1107 4483 hisce
1115 4419 1365 4484 calamitatibus
1377 4412 1559 4496 convoluti,
1570 4421 1603 4480 et
1614 4416 1714 4479 liber·

174 4517 352 4602 ἐλευθερίαν
368 4516 587 4603 ἀπειληφότες,
603 4519 662 4602 τὴν
677 4515 921 4602 θείανκατὲμα·
968 4529 1073 4590 tatem
1109 4525 1222 4607 adepti
1254 4523 1405 4587 divinem
1437 4521 1601 4585 virtutem
1634 4521 1718 4585 scite

173 4623 228 4690 θον
242 4623 380 4709 δύναμιν·
397 4621 462 4687 Καὶ
478 4623 534 4707 μὲν
550 4622 589 4708 δὴ
606 4623 661 4685 ναὶ
675 4622 790 4697 πάντες
802 4621 919 4706 ἅνθρνν
969 4631 1099 4712 experti
1113 4633 1204 4694 sunt.
1220 4630 1343 4691 Omnes
1362 4627 1534 4689 enimvero
1552 4625 1716 4704 hominen,

174 4747 228 4791 ποι
241 4729 301 4812 τὴν
317 4725 411 4836 ξὲνγν
429 4733 489 4791 τῶν
512 4724 705 4810 πραγμάτων
726 4727 857 4810 δρῶντες
873 4745 925 4810 με·
969 4735 1176 4818 quicumque
1210 4733 1457 4812 inexpectatum
1491 4734 1637 4794 cernunt
1667 4746 1718 4793 re-

210 4953 238 4991 v.
251 4936 293 5005 20,
306 4936 373 4991 Vct.
387 4935 411 4990 5.
968 4937 1047 5011 cepit
1065 4933 1275 5004 Theodorctus‚
1287 4933 1392 4990 ultime
1411 4951 1481 4990 vero
1503 4933 1614 5008 pseudo
1628 4933 1721 5008 Chry·

209 5041 239 5078 v.
252 5024 294 5093 21,
307 5025 350 5078 22.
363 5023 437 5080 Ibid.
969 5030 1124 5092 sostomm,
1132 5021 1210 5077 inter
1219 5019 1319 5094 spuria
1326 5019 1558 5079 Monteialoonii.
1570 5022 1607 5079 cf.
1614 5021 1720 5080 Metth.

208 5127 236 5167 v.
250 5107 294 5166 23.
311 5110 377 5168 Vct.
392 5111 417 5180 5,
430 5111 471 5168 16.
485 5110 596 5168 Schoiii
610 5117 725 5185 portem
737 5112 865 5185 priorem
876 5131 925 5172 ex·
971 5127 1039 5180 νιιι,
1050 5109 1094 5180 25,
1104 5109 1147 5162 26.
1396 5135 1400 5142 ·
