4020 6098
299 427 363 489 230
983 430 1194 492 ORIGENES

345 568 426 631 αθ.
445 564 693 653 Ἐξομολόγησις
710 568 770 633 ’καὶ
785 566 1050 654 μεγαλοπρέπεια,
1138 589 1169 633 ν.
1194 573 1224 635 3.
1258 571 1422 654 Confessio
1444 576 1476 636 ei
1500 571 1739 654 ooopoifioeotoo
1769 583 1849 652 opos

299 671 336 736 τὸ
352 671 444 755 ἔργον
459 673 566 752 αῦιοῦ,
582 674 637 738 καί
649 669 671 755 ἡ
685 670 868 756 δικαιοσύνη
884 672 982 736 αὐτοῦ
998 671 1050 758 μὲ-
1095 674 1176 754 ojooe,
1188 675 1367 756 otjourooo
1378 677 1449 758 ορίιι
1459 676 1615 741 menotio
1629 675 1780 742 εαοαίαιιι
1794 690 1851 739 soe

302 796 348 842 νει
363 777 407 852 εἰς
422 777 476 839 τόν
493 775 592 839 αἰῶνα
608 785 664 840 τοῦ
680 776 801 853 αἰῶνος.
1095 779 1173 844 coli.

342 877 383 944 Εἰ
397 876 418 961 ἡ
435 878 617 962 δικαιοσύνη
634 879 731 943 αὐτοῦ
747 877 832 964 μένει
848 879 891 956 εἰς
906 881 962 944 τόν
977 879 1050 944 αἰῶ·
1148 882 1183 945 Si
1194 881 1330 962 justitia
1346 881 1419 962 ejus
1435 886 1550 946 manet
1562 883 1598 947 in
1610 882 1772 946 saeculum
1788 897 1857 943 sae·-

299 1003 340 1047 να
355 991 411 1048 τοῦ
427 982 549 1064 αἰῶνος,
564 982 594 1046 σί
608 982 643 1046 δὲ
659 979 774 1046 δίκαιοι
790 981 842 1047 δια
857 985 916 1069 τὴν
931 983 1050 1047 δικαιο-
1095 986 1174 1065 euli,
1192 991 1225 1049 et
1236 985 1361 1066 sijusti
1372 1003 1434 1050 suo
1447 988 1583 1050 nomine
1596 990 1732 1067 propter
1746 983 1848 1065 justi-

300 1085 397 1170 σύνην
420 1086 628 1171 ὀνομάζονται
650 1083 774 1168 δίκαιοι,
797 1088 852 1150 καί
874 1087 964 1150 αὐτοὶ
986 1087 1050 1170 ἄρα
1094 1089 1178 1152 tiam
1201 1089 1373 1168 gaudent,
1400 1090 1465 1171 ipsi
1488 1105 1570 1168 ergo
1600 1091 1740 1151 mouent
1766 1103 1848 1168 quo·

301 1189 444 1278 μίνουσιν
460 1192 504 1269 είς
525 1191 578 1256 τόν
593 1189 692 1256 αίύινα
713 1199 769 1256 τοῦ
791 1191 921 1267 αίῦνος·
944 1190 1051 1268 καλῦς
1097 1209 1163 1274 que
1195 1193 1231 1255 in
1261 1197 1463 1274 perpetuum
1490 1210 1612 1255 sevum.
1639 1195 1740 1256 Recte
1766 1205 1849 1268 ergo

301 1296 356 1360 σύν
371 1294 458 1359 καὶὸ
480 1293 607 1370 Παῦλος
623 1295 724 1359 εἶπεν·
741 1292 850 1381 Ἡμεῖς
865 1294 900 1358 δὲ
915 1292 1052 1359 πάντοτε
1097 1295 1224 1358 Paulus
1239 1296 1288 1358 ait
1304 1319 1312 1359 :
1338 1317 1355 1356 α
1371 1297 1438 1358 Nos
1457 1313 1590 1376 semper
1610 1312 1689 1358 cum
1705 1295 1849 1358 Domino

301 1402 359 1465 σὺν
373 1395 480 1482 Κυρίῳ
496 1396 642 1483 ἐσόμεθα.
903 1461 908 1474 ,
1097 1399 1261 1463 erimus.»

344 1524 376 1568 v.
395 1506 446 1570 10.
460 1500 565 1588 Ἀρχὴ
582 1499 695 1587 σοφίας
707 1500 802 1589 φόύος
821 1501 914 1586 Θεοῦ,
931 1501 1051 1582 σύνεσις
1139 1521 1178 1566 v.
1197 1505 1247 1566 10.
1265 1503 1411 1569 'Initium
1431 1503 1598 1585 copientis
1619 1503 1716 1566 timor
1737 1502 1847 1566 Domi·

302 1608 338 1673 δὲ
353 1606 458 1693 ἀγαθὴ
475 1614 552 1670 πᾶσι
567 1614 631 1683 τοῖς
646 1615 787 1672 ποιοῦσιν
803 1605 912 1691 αὐτόν.
1094 1607 1141 1688 αι’,
1164 1607 1347 1673 intellectus
1366 1605 1466 1670 θοαιιε
1487 1604 1848 1688 mudasconensis

1095 1721 1176 1776 eum.

346 1816 474 1893 Σύνεσις
490 1814 595 1902 ἀγαθὴ
612 1812 732 1880 δίδοται
742 1823 808 1893 τοῖς
822 1824 945 1880 ποιοῦσι
957 1814 1051 1900 δηλο-
1148 1816 1345 1879 Intellectus
1367 1813 1476 1878 bonus
1491 1813 1592 1878 datur
1610 1813 1664 1878 his
1680 1814 1844 1877 nimirum

302 1919 368 1986 νότι
381 1922 439 2007 τὴν
455 1920 559 2006 ἀρχὴν
573 1928 631 2004 τῆς
647 1918 768 2004 σοφίας,
785 1920 891 2004 ὥσπερ
905 1929 963 2006 της
977 1920 1051 1985 δδοῦ
1097 1921 1156 2001 qui
1187 1923 1372 2001 operantur
1402 1919 1539 1982 initium
1574 1918 1758 2000 sapientiae,
1789 1936 1847 1982 ve-

301 2035 359 2111 της
375 2023 515 2109 ἀγαθῆς·
538 2025 618 2110 αὐτη
642 2022 677 2088 δέ
700 2024 783 2089 ἐστιν
805 2020 827 2108 ἡ
850 2021 973 2109 θεωρία
995 2032 1052 2108 της
1098 2023 1163 2087 luti
1191 2025 1328 2086 initium
1359 2023 1455 2086 bouae
1477 2024 1551 2101 vie,
1583 2041 1659 2104 quae
1689 2025 1766 2104 ipsa
1795 2027 1847 2087 est

304 2126 473 2214 ἀληθείας·
496 2128 582 2214 ἀρχὴ
599 2129 634 2192 τό
649 2137 748 2193 ποιεῖν
770 2128 811 2192 τό
832 2126 940 2192 δίκαια
954 2125 1052 2212 ύτιόρ-
1097 2128 1339 2208 contemplatio
1352 2127 1662 2190 veritatiszinitium
1675 2133 1726 2190 est
1737 2126 1846 2190 faeere
1859 2171 1862 2178 -

303 2253 372 2319 χει·
388 2234 485 2308 οὕτως
501 2231 586 2316 ἀρχὴ
603 2232 658 2295 καί
681 2231 841 2317 εἰσαγωγὴ
859 2231 904 2307 εἰς
923 2232 982 2316 την
997 2239 1052 2294 τοῦ
1097 2249 1137 2294 en
1153 2249 1240 2313 quae
1251 2229 1347 2310 justo
1362 2236 1453 2296 sunt.
1467 2231 1629 2294 Similiter
1644 2232 1846 2312 procamium

304 2337 387 2405 Θεοῦ
404 2335 526 2420 σοφίαν,
543 2336 602 2399 ούκ
617 2335 719 2419 ἀλλην
734 2335 900 2420 ούσαντης
914 2333 1050 2417 θεωρίας
1098 2339 1132 2399 et
1153 2336 1265 2399 aditus
1288 2335 1331 2398 ad
1360 2334 1563 2417 sapientiam
1586 2335 1657 2414 Dei,
1674 2352 1750 2417 quae
1776 2335 1846 2397 alia

303 2450 362 2525 της
385 2437 544 2525 ἀληθείας,
561 2439 579 2504 ὁ
597 2438 685 2517 θεῖός
707 2439 774 2502 ἐστι
796 2435 935 2523 φόόος,ό
958 2439 1051 2514 αύτδς
1095 2455 1163 2501 non
1194 2443 1374 2518 σείουσαι
1408 2439 1646 2519 contemplatio
1676 2440 1841 2518 veritatis,

304 2544 347 2623 ὢν
362 2554 426 2622 τοῖς
441 2553 633 2628 πρακτικοῖς,
650 2541 781 2619 δικαίοις
797 2540 1050 2628 ὀνομαζομένοις·
1096 2547 1148 2606 est
1170 2543 1272 2606 timor
1287 2543 1432 2621 Domini,
1448 2540 1538 2605 idem
1554 2543 1613 2622 qui
1632 2543 1781 2624 pertinet
1803 2541 1846 2606 ad

305 2649 400 2732 όνπερ
423 2650 477 2714 ούν
500 2649 568 2734 ἔχει
590 2647 685 2732 λόγον
707 2649 743 2711 τό
762 2655 861 2710 ποιεῖν
880 2647 922 2710 τόι
944 2644 1052 2711 δίκαια
1095 2646 1269 2726 facientes,
1285 2645 1328 2709 ed
1343 2662 1401 2710 eos
1424 2646 1483 2727 qui
1502 2645 1589 2726 justi
1611 2646 1842 2709 nominantur.

306 2754 383 2838 πρός
409 2755 467 2838 τὴν
494 2753 575 2835 ὁδόν,
598 2752 820 2818 retroverso
847 2750 930 2819 Θεοῦ
958 2749 1054 2837 φόόος
1097 2753 1148 2814 Ea
1163 2751 1272 2828 igitur
1286 2768 1361 2832 quoe
1384 2749 1563 2814 intercedit
1576 2749 1662 2812 ratio
1686 2751 1774 2814 inter
1792 2748 1840 2811 fe-

306 2859 384 2942 πρός
399 2859 458 2943 την
473 2856 598 2943 σοφίαν.
1097 2872 1173 2919 cere
1191 2853 1286 2935 justo
1305 2857 1339 2917 et
1357 2853 1481 2916 bonam
1504 2871 1578 2918 esse
1600 2853 1701 2933 viam,
1726 2853 1844 2917 eadem

1097 2959 1205 3022 currit
1219 2959 1375 3023 timorem
1391 2959 1479 3021 inter
1494 2962 1529 3021 et
1542 2957 1754 3040 sapientiam.

339 3212 368 3252 v.
381 3195 407 3249 θ.
421 3194 489 3252 Vat.
501 3195 528 3250 5.
541 3211 563 3250 u
576 3193 708 3251 Thessal.
720 3211 762 3266 iv,
776 3195 818 3251 16.
1134 3212 1162 3252 v.
1175 3194 1218 3250 10.
1231 3196 1299 3251 vit.
1312 3193 1338 3264 4.
1351 3195 1377 3250 5.
1389 3190 1479 3250 Oodd.
1492 3192 1603 3250 habent
1614 3195 1672 3262 δχει
1683 3194 1776 3264 λόγος.

887 3381 892 3388 ’
925 3389 1095 3469 Peoimus
1121 3389 1232 3470 CXI.
1269 3471 1274 3478 ,

352 3660 385 3706 v.
405 3645 433 3706 1.
457 3639 622 3724 Μακάριος
646 3640 726 3726 ἀνὴρ
749 3640 767 3706 δ
789 3639 982 3727 φοδούμενος
1004 3641 1058 3704 τόν
1145 3660 1178 3705 v.
1204 3644 1233 3706 1.
1249 3644 1372 3708 Beatus
1396 3643 1451 3707 σύν
1476 3643 1535 3725 ραι·
1550 3643 1642 3709 riost
1661 3643 1846 3722 Ιλοιαιιιαιιι,

307 3743 435 3831 Κύριον,
447 3747 481 3812 ἐν
492 3753 561 3824 ταῖς
574 3745 715 3824 ἐντολαῖς
728 3747 824 3811 αὐτοῦ
835 3744 969 3832 θελήσει
981 3743 1057 3830 σφό-
1102 3745 1140 3810 io
1154 3745 1319 3812 nomeu
1334 3746 1404 3828 ojus
1419 3749 1509 3828 cripit
1523 3749 1633 3814 ιιίιιιίε.

308 3848 326 3913 δ
370 3899 378 3914 .

328 3870 393 4019 ροεῑΗ
408 3953 553 4032 ὑπόθεσις
567 3963 623 4020 τοῦ
639 3952 699 4040 ρια’
720 3953 847 4040 ψαλμοῦ
862 3954 947 4020 ἐστιν
963 3956 1056 4039 αῦτη.
1146 3955 1217 4018 Ηοο
1233 3958 1284 4018 est
1300 3955 1421 4035 psalmi
1443 3974 1498 4020 cm
1521 3960 1763 4034 argumentum.
1785 3958 1850 4020 Per

306 4057 353 4122 Δι’
363 4059 439 4124 όλου
454 4068 511 4123 τοῦ
526 4058 652 4145 ψαλμοῦ
669 4057 881 4144 διδασκόμεθα
895 4058 966 4124 τίνα
980 4057 1055 4142 πρό·
1100 4061 1212 4121 totum
1219 4059 1388 4140 psalmum
1396 4059 1740 4141 edocemurquaenam
1752 4077 1848 4140 spec-
1871 4125 1877 4132 ,

308 4183 396 4226 σεστι
410 4172 475 4240 τοῖς
498 4160 701 4248 φούουμόνοις
715 4162 768 4226 τδν
790 4158 926 4245 Κύριον·
949 4160 979 4225 εί
996 4155 1054 4226 τινι
1100 4167 1174 4226 tent
1189 4162 1231 4225 ad
1245 4163 1403 4226 timentes
1414 4164 1607 4227 Dominum.
1624 4165 1703 4227 Haeo
1719 4179 1799 4226 vero
1815 4163 1847 4228 si

338 4351 388 4408 Po.
409 4369 469 4411 cx1.
481 4370 510 4410 v.
530 4353 556 4407 1.
575 4351 644 4408 Vat.
663 4351 691 4408 4.
708 4350 805 4423 Hujus
825 4350 929 4424 optimi
948 4349 1058 4408 codicis
1101 4355 1210 4424 prester
1222 4367 1337 4406 omnem
1349 4350 1417 4408 Oris
1429 4351 1511 4408 aurei
1522 4369 1641 4421 morem,
1655 4351 1753 4424 erupit
1768 4369 1853 4408 exor-

305 4437 471 4495 describere
488 4438 667 4511 incoeperam
679 4439 845 4509 elegantem
864 4443 895 4494 et
912 4437 1059 4510 prolixam
1102 4437 1184 4495 dium
1195 4437 1227 4494 in
1239 4438 1397 4511 abruptum
1409 4443 1439 4494 et
1456 4438 1593 4511 pedestre
1606 4437 1750 4494 scholium
1766 4436 1855 4495 illud:

306 4525 453 4600 peginam,
466 4527 517 4584 vix
529 4543 589 4581 non
602 4524 742 4581 disertius
755 4541 842 4596 quem
854 4523 929 4578 alias
941 4523 1059 4582 nomine
1101 4528 1209 4594 Σφόδρα
1221 4543 1265 4594 μοι
1282 4529 1361 4579 δοκεῖ
1374 4529 1412 4578 τῦ
1424 4527 1496 4579 ιδλει
1511 4530 1559 4580 τοῦ
1572 4527 1622 4592 πρὸ
1634 4529 1728 4579 ιοῦτοο
1746 4527 1853 4593 ψαλμοῦ

308 4612 445 4684 Origenis
468 4618 609 4683 ornatam,
628 4612 682 4668 sed
700 4611 809 4668 sensim
826 4610 959 4667 insonuit
986 4610 1059 4667 mihi
1103 4615 1212 4667 διιεοδαι
1229 4615 1261 4666 ιδ
1276 4617 1421 4680 προοίμιον,
1432 4613 1493 4666 κτλ
1511 4616 1542 4668 et
1560 4617 1667 4668 catere
1683 4627 1749 4682 quse
1769 4609 1856 4666 nobis

307 4700 428 4770 clangor
444 4697 590 4768 insolitus,
608 4698 736 4770 stetique
755 4698 902 4754 attonitus
917 4698 956 4753 ad
972 4702 1059 4768 ψοχην
1102 4705 1184 4755 recto
1197 4716 1281 4754 amne
1292 4697 1397 4768 fluunt,
1416 4704 1559 4769 qnantum
1570 4697 1616 4755 ria
1634 4715 1738 4771 sparsa
1754 4696 1786 4753 in
1798 4696 1858 4753 tria

306 4789 462 4855 φιλόσοφον,
474 4785 559 4857 quasi
571 4785 609 4842 ad
621 4791 765 4841 tesseram
775 4783 986 4858 chrysostomi.
1003 4785 1060 4842 Ou-
1103 4785 1213 4841 codicis
1230 4783 1326 4841 nostri
1338 4784 1457 4856 scholia,
1470 4782 1522 4840 sed
1535 4799 1552 4839 e
1564 4783 1655 4840 variis
1673 4781 1857 4840 diverticulis

306 4871 385 4928 curri
397 4871 436 4928 ad
448 4870 717 4942 Monteialooninm,
730 4870 781 4942 qui
793 4880 898 4927 aureos
915 4889 1060 4928 commen·
1104 4871 1292 4928 cohaerentia.
1311 4870 1387 4940 Quid
1400 4871 1490 4942 ergo?
1508 4871 1599 4926 Plura
1611 4887 1676 4942 quse
1694 4869 1856 4942 descripse-

306 4957 408 5028 torios,
418 4957 497 5013 haud
510 4957 574 5014 sine
584 4957 675 5030 largis
685 4955 798 5012 lacunis
808 4957 936 5028 collegit,
948 4963 978 5014 et
989 4957 1062 5014 inci·
1105 4977 1177 5028 rem,
1191 4957 1321 5031 oportuit
1333 4975 1380 5014 me
1392 4958 1483 5013 missa
1495 4956 1601 5027 facere,
1614 4973 1649 5012 ao
1660 4955 1760 5012 futuro
1773 4956 1856 5013 Mon·

308 5043 339 5099 di
346 5044 378 5100 in
384 5043 530 5116 psalmum
538 5061 598 5114 cxi,
605 5061 671 5098 eum
680 5060 746 5099 meo
754 5042 907 5114 Vaticano,
914 5049 983 5117 poet
991 5063 1061 5117 pau·
1106 5043 1265 5101 teieloonio
1277 5043 1422 5115 reliquum
1434 5042 1617 5099 committere
1634 5043 1786 5117 problema
1797 5041 1856 5099 sol-

305 5148 348 5201 οι,
366 5136 603 5200 consentaneum,
616 5128 674 5186 nisi
695 5127 774 5203 quod
792 5129 895 5186 stetim
910 5129 947 5186 ab
965 5129 1060 5203 initio,
1105 5129 1518 5200 vendumcfisao.1,1s.Ps.
1533 5146 1581 5201 cx,
1594 5131 1638 5185 10.
