4036 6090
808 435 850 496 IN
874 433 1059 496 PsALMos
1654 437 1714 500 127

177 557 230 622 ἐπὶ
243 556 414 622 καταλύσει
424 564 482 642 της
498 557 659 644 μοχθηρᾶς
672 558 757 644 ζωῆς
770 555 921 635 θάνατον,
968 558 1037 620 11118
1067 562 1219 638 mortem,
1249 560 1460 626 dissolvendo
1491 581 1713 628 aerumnosam

177 662 229 724 iva
244 659 302 744 ζῆν
325 659 452 745 ποιήσῃ,
468 663 523 726 καὶ
545 660 701 747 συγκλείει
716 665 772 740 τὰς
788 660 923 745 ἀλόγους
968 661 1083 740 vitam,
1100 667 1139 724 ut
1152 663 1266 726 vivere
1283 663 1392 746 180181,
1412 671 1514 748 atque
1530 669 1711 734 illiberales

178 765 281 830 αὐτῶν
295 764 449 850 δυνάμεις,
472 765 573 850 κιηνη
597 765 779 852 λεγομένας,
795 767 838 844 είς
853 776 922 832 τοῦ·
969 779 1085 827 earum
1109 764 1471 848 180111818811118118
1499 771 1614 853 dictas,
1637 792 1714 838 con·
1754 753 1760 760 ¹

179 889 235 933 τον
250 870 304 934 τόν
318 867 469 934 θάνατον·
485 870 565 934 ὥστε
587 867 757 936 ἀποὸαλεῖν
771 872 829 955 την
846 869 923 955 pab-
968 867 1076 931 cludit
1091 869 1126 930 in
1142 873 1299 933 mortem:
1316 873 1364 935 118
1379 878 1418 935 11
1436 874 1566 954 rejiciat
1588 880 1713 956 proter·

177 972 239 1057 λην
254 973 348 1059 ζωην,
365 975 420 1037 καί
434 975 492 1058 την
507 973 632 1059 ἐμπαθῆ
654 972 785 1058 κίνησιν.
801 969 923 1059 Ὥσπερ
968 989 1046 1033 vam
1079 973 1185 1036 vitam
1219 975 1543 1059 immoderatumque
1575 985 1713 1043 motum.
1809 1051 1814 1063 ,

178 1077 212 1142 δὲ
235 1077 264 1142 σί
285 1077 478 1162 πρωτότοκα
499 1079 539 1142 τά
561 1077 656 1142 διπλᾶ
681 1077 924 1164 κληρονομοῦσι,Ι
968 1076 1063 1140 Sicut
1077 1081 1191 1140 autem
1213 1079 1432 1160 primogeniti
1455 1082 1622 1163 duplicem
1649 1083 1715 1146 hae·

177 1184 233 1247 καί
245 1181 375 1248 πλείονα
390 1184 481 1267 τιμὴν
493 1183 601 1267 ἔχουσι
616 1184 703 1268 παρά
713 1192 779 1260 τοῖς
787 1191 921 1267 γονεῦσι,
969 1180 1121 1244 1011118118
1133 1185 1262 1262 partem
1274 1186 1471 1266 sortiuntur,
1489 1185 1715 1268 majoremque

179 1307 234 1350 και
250 1285 308 1350 εἰσὶ
323 1285 515 1371 πρωτότοκοι
537 1284 619 1353 Θεοῦ
635 1287 665 1352 οἱ
683 1286 923 1373 ἀπογεγραμμὲ-
968 1284 1129 1348 honorem
1140 1286 1265 1350 habent
1279 1306 1299 1350 a
1311 1290 1532 1370 genitoribus,
1545 1293 1715 1373 etiamque

178 1399 226 1454 νοῖ
240 1388 273 1454 ἐν
289 1392 420 1475 οὐρανῷ,
436 1393 490 1456 τόν
506 1392 600 1456 αὐτόν
619 1391 734 1476 τρόπον
749 1394 804 1456 καί
819 1390 924 1458 σίτων
968 1389 1030 1452 Dei
1045 1394 1126 1453 sunt
1139 1391 1357 1470 primogeniti
1377 1394 1436 1474 qui
1452 1393 1487 1456 in
1511 1395 1595 1458 coelo
1612 1396 1714 1458 ascri-

178 1493 355 1579 Αἰγυπτίων
376 1494 567 1580 πρωτότοκοι
585 1494 698 1580 διπλῆν
719 1496 778 1580 την
793 1495 924 1561 κόλασιν
968 1492 1106 1576 111111,
1130 1494 1246 1558 eodem
1269 1497 1367 1560 modo
1389 1499 1625 1580 Aigypticrum
1648 1499 1714 1580 pri-

178 1597 417 1684 κληρονομοῦσι.
440 1599 506 1665 Καί
528 1601 577 1687 81η
600 1603 639 1666 ἂν
664 1601 861 1688 πρωτότοκος
879 1611 923 1687 τῷ
969 1600 1134 1678 mogeniti
1149 1600 1252 1683 duplo
1267 1602 1418 1680 gravius,
1434 1603 1532 1682 quasi
1550 1600 1713 1680 1110118-

178 1700 313 1788 διαβόλιρ
329 1702 346 1766 ό
361 1711 482 1787 πρῶτος
504 1705 589 1790 αὐτῷ
611 1705 771 1791 γεννηθείς
793 1707 827 1771 ίν
851 1705 922 1792 δόγ-
968 1704 1129 1786 reditatis,
1148 1707 1351 1786 plectuntur.
1376 1706 1462 1780 Quin
1485 1705 1569 1769 forte
1591 1707 1713 1786 primo·

178 1825 251 1889 ματι
262 1804 415 1890 ἀλλοτρίῳ
426 1806 591 1892 σωτηρίας,
605 1811 670 1874 οίον
685 1809 922 1894 Μαρκιωνισταὶ
968 1809 1107 1887 genitus
1122 1809 1254 1872 Diaboli
1269 1811 1333 1873 erit
1347 1811 1478 1890 primus
1500 1810 1551 1874 illi
1574 1812 1712 1888 genitus

178 1911 236 1974 οὐκ
251 1911 308 1976 είσι
322 1909 524 1995 πρωτότοκοι,
542 1912 626 1978 ἀλλά
641 1911 801 1996 Μαρκίων.
969 1915 1005 1976 in
1024 1911 1175 1977 doctrina
1189 1895 1293 1976 saluti
1307 1913 1448 1993 infensa,
1471 1915 1618 1995 qualiter
1644 1931 1712 1977 non

968 2019 1190 2082 Marcionistae
1204 2022 1286 2082 sunt
1306 2018 1535 2099 primogeniti,
1556 2018 1614 2082 sed
1629 2019 1714 2082 Mar·

967 2140 1052 2188 cion.
1717 2175 1722 2184 .

221 2220 287 2285 Καὶ
302 2221 405 2307 ὥσπερ
420 2222 442 2306 ἡ
458 2223 590 2311 ἀπαρχὴ
608 2235 669 2292 τῶν
684 2226 781 2312 ἁγίων
796 2226 921 2293 ἀνάντει·
1011 2229 1054 2292 Ε1
1064 2227 1346 2310 quemadmodum
1355 2227 1513 2307 primitia
1519 2229 1711 2290 sanctorum

178 2345 229 2388 ται
240 2333 283 2410 τῷ
299 2325 378 2412 Θεῷ,
396 2329 493 2406 σότως
507 2326 529 2412 η
541 2338 603 2395 τῶν
617 2328 798 2417 Αἰγυπτίων
809 2341 852 2419 τῷ
863 2353 922 2398 πα-
967 2336 1036 2398 1180
1056 2333 1222 2412 dicantur,
1248 2332 1297 2394 ita
1322 2331 1530 2412 percussioni
1554 2330 1713 2410 primitiae

177 2437 296 2513 ταγμῷ,
313 2430 363 2493 ίνα
375 2431 453 2515 μετὰ
464 2433 521 2516 την
534 2431 683 2519 ἀπαρχὴν
695 2433 766 2499 τότε
777 2435 919 2523 κολασθῇ
966 2439 1213 2520 AEgyptiorum,
1228 2436 1311 2500 adeo
1326 2439 1366 2498 ut
1383 2433 1521 2498 calcatis
1540 2433 1710 2514 primitiis,

178 2535 232 2596 καί
246 2533 286 2596 τὰ
296 2531 392 2598 λοιπά
402 2543 459 2619 της
471 2535 629 2623 ἀπαρχης.
642 2537 736 2603 Κατὰ
748 2538 852 2625 μέντοι
862 2543 921 2627 τὴν
966 2544 1068 2608 etiam
1083 2542 1214 2623 reliqua
1229 2544 1304 2622 post
1318 2557 1374 2602 088
1389 2539 1586 2619 puniantur.

179 2635 328 2721 ἱστορίαν,
343 2636 364 2721 ἡ
380 2637 498 2724 δεκάτη
522 2641 629 2727 πληγὴ
654 2652 717 2720 τοῖς
740 2644 919 2730 Αἰγυπτίοις
1010 2646 1124 2723 Quoad
1137 2651 1252 2709 autem
1267 2643 1452 2722 historiam,
1467 2642 1597 2706 decima
1608 2645 1713 2724 plaga

177 2739 360 2825 ἐπαχθεῖσα,
390 2741 530 2821 θάνατος
558 2745 599 2829 ἠν
628 2755 689 2812 τῶν
719 2749 792 2833 παρ’
814 2752 919 2829 αὐτοῖς
966 2752 1133 2834 AEgyptiis
1149 2751 1304 2831 impacta,
1324 2747 1481 2811 interitus
1500 2749 1573 2810 eret
1594 2764 1710 2811 eorum

177 2843 393 2927 πρωτοτόκων,
417 2845 479 2912 ἀπό
501 2847 670 2933 ἀνθρώπων
695 2851 754 2930 ἕως
775 2853 920 2938 κτήνους,
967 2856 1269 2938 primogenitorum
1285 2853 1328 2916 81
1338 2851 1532 2915 hominibus
1547 2869 1654 2934 usque
1669 2852 1713 2916 ad

179 2950 233 3012 καί
246 2949 320 3026 ἴσως
334 2949 384 3014 ἐπὶ
398 2953 453 3037 μὲν
464 2961 525 3018 τῶν
540 2953 709 3040 ἀνθρώπων
724 2967 784 3024 τῶν
795 2969 919 3044 πρῶτον
967 2962 1156 3042 paemene
1172 2959 1322 3036 fortasse,
1337 2955 1427 3037 quod
1441 2959 1571 3036 spectat
1592 2955 1634 3018 ad
1656 2957 1715 3019 bo·

177 3052 360 3139 τεχθὲντων,
385 3055 648 3140 κυρίολεκτοῦοαν
670 3063 758 3147 εὗρεν
785 3065 802 3129 ό
825 3063 921 3131 Δαυίδ
967 3066 1098 3129 minum
1132 3063 1396 3145 primogenitos,
1428 3060 1536 3124 David
1567 3062 1715 3141 repperit

179 3161 237 3244 την
253 3159 450 3244 πρωτότοκον
465 3161 588 3247 φωνήν·
604 3164 654 3229 ἐπὶ
670 3165 705 3230 δὲ
719 3177 780 3234 τῶν
796 3169 921 3256 ἀλόγων
967 3169 1018 3232 111
1035 3168 1204 3249 propriam
1219 3166 1307 3229 hanc
1325 3182 1441 3228 vocem
1456 3165 1714 3246 primasium

181 3261 269 3342 ζώων
291 3263 441 3351 ἀπαρχὴν
461 3266 557 3334 πόνου
572 3271 612 3333 τόν
634 3271 818 3355 πρωτότοκα
833 3277 920 3340 εἰπε·
969 3271 1058 3354 quod
1080 3288 1161 3335 vero
1183 3271 1330 3353 pertinet
1350 3269 1393 3332 ad
1416 3269 1630 3332 rationabilia
1645 3271 1715 3333 ani·

179 3377 280 3432 ταῦτα
293 3371 354 3454 γὰρ
367 3381 431 3448 τοῖς
442 3371 671 3458 ζωοτροροῦσιν
682 3375 812 3464 ἀπαρχὴ
826 3378 921 3445 πόνου
966 3378 1079 3456 malia,
1105 3375 1284 3455 usurpavit
1310 3374 1483 3454 primitias
1509 3371 1638 3436 1110118.
1666 3371 1716 3436 118

180 3469 307 3555 γίνεται.
330 3472 486 3560 Ἀνηρὲθη
510 3476 607 3541 δὲτὰ
630 3481 685 3566 μὲν
707 3489 769 3548 τῶν
799 3481 922 3568 ἀλόγων
968 3481 1093 3561 quippe
1109 3482 1189 3542 sunt
1204 3477 1293 3558 apud
1309 3477 1463 3539 alumnos
1475 3493 1633 3556 pecorum
1642 3476 1716 3556 pri-

179 3575 374 3660 πρωτότοκα,
389 3580 473 3657 όπως
488 3580 586 3667 ζημία
601 3583 796 3651 ὁποπὲσωοιν
808 3587 837 3651 cl
849 3609 921 3652 κεκ-
966 3584 1065 3646 mitte
1076 3581 1209 3646 laboris.
1222 3580 1361 3644 Sublata
1372 3584 1486 3642 autem
1497 3577 1714 3657 suntjumen-

180 3679 325 3766 τημένοι·
341 3684 381 3747 τά
395 3683 430 3748 δὲ
445 3693 505 3750 τῶν
517 3684 686 3771 ἀνθρώπων
697 3690 749 3753 ἐπὶ
758 3699 802 3775 τῷ
814 3711 921 3776 πειρα-
967 3691 1080 3750 torum
1096 3685 1334 3766 primogenita,
1357 3687 1397 3748 ut
1418 3684 1552 3746 muletae
1573 3681 1715 3761 subjice-

178 3783 271 3868 θηναι
292 3797 452 3872 συμφορᾶς
474 3791 546 3866 τοὺς
569 3792 725 3870 τοιούτους
747 3793 876 3878 γονέας·
900 3795 922 3860 ἃ
967 3796 1084 3856 181111
1106 3805 1328 3872 ρο888888188;
1352 3787 1571 3868 primogeniti
1600 3790 1714 3849 autem

177 3891 250 3974 ἦτοι
271 3891 424 3976 ἐπιτιμίαν
446 3895 541 3979 ἔσχον
562 3897 597 3960 τό
619 3895 729 3961 θανεῖν
751 3905 812 3963 τῦν
836 3897 919 3964 ίδίων
966 3895 1153 3972 hominum,
1172 3899 1211 3956 ut
1232 3890 1427 3970 hujusmodi
1449 3892 1604 3970 parentes
1627 3891 1715 3952 cala-

179 3994 347 4080 όιμαρτιῦν.
359 3991 405 4060 Ἠ
419 3996 508 4064 οὐδὲν
522 3996 715 4084 ἑὸλάπησαν,
728 4001 782 4064 καί
797 4001 921 4066 παιδεό-
967 3999 1102 4062 mitates
1131 3995 1385 4077 experirentur:
1408 3994 1467 4075 qui
1494 3993 1713 4073 primogeniti

180 4119 258 4178 σεως
281 4101 385 4166 ἀλλων
407 4103 501 4166 ἕνεκα
521 4100 725 4186 τεθνήκασιν·
751 4104 922 4190 ἀδιάφορον
967 4105 1027 4167 aut
1042 4103 1077 4165 in
1092 4116 1226 4182 poenam
1242 4115 1381 4163 snorum
1397 4103 1610 4178 peccatorum
1630 4115 1717 4162 mor·

179 4207 241 4289 γόιρ
256 4207 291 4270 τό
305 4203 459 4287 τεθνάναι,
474 4206 528 4270 καὶ
543 4207 579 4269 τό
594 4203 627 4284 ἐξ
640 4205 783 4291 ἀνάγκης
794 4208 923 4295 συμὸαῖ-
967 4210 1035 4270 tem
1051 4205 1195 4283 subiere,
1208 4206 1269 4266 aut
1283 4203 1313 4266 81
1329 4201 1466 4265 innocui
1478 4200 1613 4280 fuerint,
1625 4202 1715 4265 obie-

179 4329 243 4372 νον.
259 4307 342 4393 Πρὸς
358 4308 384 4373 δ’
396 4307 547 4394 ἀλήθειαν
562 4309 788 4397 ἀνεξερεύνητα
802 4315 843 4378 τόι
856 4313 922 4399 κρί-
967 4315 1048 4375 1111
1061 4310 1104 4373 ad
1119 4314 1268 4372 caeteros
1283 4305 1530 4384 castigandum.
1547 4308 1612 4369 Par
1623 4307 1713 4369 enim

180 4433 265 4498 ματα
280 4423 334 4478 τοῦ
350 4413 443 4481 Θεοῦ.
966 4420 1019 4481 881
1046 4415 1143 4493 mori,
1166 4417 1200 4478 et
1215 4411 1304 4495 quod
1327 4428 1369 4474 ex
1388 4409 1587 4473 necessitate
1609 4409 1714 4472 conti-

966 4521 1029 4598 git.
1056 4522 1102 4583 Re
1125 4517 1261 4598 quidem
1284 4531 1365 4578 vera
1386 4513 1620 4577 inscrutabilia
1633 4515 1715 4576 sunt

961 4625 1092 4706 judicia
1106 4623 1178 4686 Dei.
1803 4615 1805 4619 ’

222 4728 316 4793 Κατὰ
327 4727 361 4792 δὲ
372 4726 551 4812 ἀναγωγὴν,
564 4725 632 4790 ἐπεὶ
643 4733 856 4809 catapalastus
865 4725 921 4792 At·
1010 4731 1180 4804 Quantum
1195 4729 1309 4788 autem
1324 4722 1366 4785 ad
1385 4721 1616 4785 sublimiorem
1638 4738 1711 4784 sen-

176 4853 293 4918 γυπτος
307 4831 451 4896 καλεῖται
461 4839 523 4907 πᾶς
538 4829 556 4894 ό
571 4831 641 4913 περὶ
654 4838 716 4914 γην
730 4829 833 4912 τόπος,
846 4829 875 4894 σί
887 4831 921 4894 ἐν
964 4847 1051 4910 sum,
1064 4846 1170 4911 quum
1183 4826 1404 4910 spiritualiter
1412 4827 1578 4889 vocitetur
1589 4827 1712 4906 AEgyp·

176 4935 277 5020 τούττμ
298 4932 505 5020 διατρίδοντες
528 4933 691 5020 Αἰγύπτιοι
710 4933 920 5020 προσαγορεύ-
965 4942 1020 4999 tus
1047 4934 1252 5014 quicumque
1275 4936 1373 4993 terrra
1388 4930 1492 5008 locus,
1512 4930 1572 5011 qui
1596 4929 1642 4992 ibi
1657 4929 1712 4994 de·

177 5062 275 5108 σνται.
292 5040 405 5125 Χάριτι
419 5039 474 5106 οὖν
489 5038 572 5106 Θεοῦ
594 5039 711 5103 τούτων
726 5047 787 5102 τῶν
802 5036 920 5124 Αίγυπ-
965 5042 1063 5117 gunt,
1075 5035 1226 5118 AEgyptii
1237 5035 1459 5115 appellantur.
1475 5033 1592 5096 Gratia
1603 5033 1712 5111 igitur

176 5148 248 5214 τίων
261 5147 300 5212 τά
315 5153 424 5231 πρῦτα
435 5142 616 5230 γεννήματα
627 5150 684 5226 τῆς
700 5143 806 5228 ψυχῆς
818 5144 921 5209 αὐτῶν
964 5143 1026 5206 Dei
1041 5141 1183 5223 eripitur
1208 5137 1328 5203 horum
1344 5138 1580 5222 AEgyptiorum
1601 5137 1711 5220 prima
1742 5127 1752 5152 “
