4006 6090
278 436 342 502 366
937 439 1149 510 ORIGENES

274 582 321 649 lia
335 582 417 649 lelix
430 581 604 650 Macrinus
616 583 802 666 permissus
814 589 874 664 est,
887 583 1023 649 modum
1111 583 1262 650 calcaria
1278 585 1313 648 in
1328 585 1447 667 primis
1462 583 1597 650 addidit
1611 583 1715 650 codex
1727 585 1821 650 Vati·

274 690 429 770 excessit,
445 690 557 753 aiens:
576 711 593 749 c
617 690 708 771 Opus
726 707 808 754 sane
831 689 1023 770 egregium,
1066 707 1173 756 canus
1190 689 1284 769 1789,
1297 691 1386 754 inter
1397 689 1627 754 Colonnenses
1645 707 1762 754 recens
1777 693 1820 753 A·

274 796 305 858 si
321 796 501 877 Scriptura
513 809 617 858 sacrae
630 794 795 874 notitiam,
807 798 961 858 veterum
974 795 1024 856 in·
1055 796 1227 878 postolico
1239 795 1386 877 hospitio
1397 802 1548 878 receptos
1565 795 1819 872 handnltimus,

274 896 1023 980 terpretumccpiosamsupellectilem,doctas
1067 917 1168 980 quem
1191 897 1289 962 facila
1312 899 1552 964 aestimaverim
1581 898 1819 981 prestantissi-

273 1000 316 1066 de
341 1000 509 1083 cujusque
527 1003 648 1084 psalmi
665 1007 802 1065 auctore
819 1005 853 1066 et
872 1007 1022 1083 tempore
1066 1019 1122 1067 mo
1137 1002 1281 1066 abbatie
1303 1003 1521 1066 'laurinensis
1552 995 1705 1086 κειμηλίῳ
1727 1002 1819 1064 simi·

273 1105 524 1169 observationes
538 1107 754 1186 spectaveris.
773 1126 790 1166 s
867 1106 872 1156 S
1013 1159 1017 1164 .
1044 1099 1053 1128 ’”
1066 1109 1144 1187 lem,
1158 1111 1273 1188 utpote
1289 1105 1446 1186 ejusdem
1464 1106 1597 1186 indolis,
1610 1110 1644 1168 et
1655 1106 1692 1168 in
1704 1103 1819 1168 eodem

317 1211 477 1290 Princeps
492 1225 573 1273 vero
590 1211 648 1274 ille
663 1211 819 1276 inventor
841 1209 951 1274 tribus
966 1227 1023 1292 po·
1066 1212 1178 1292 amplo
1200 1211 1372 1273 volumine
1403 1214 1539 1273 tantum
1566 1209 1820 1290 quinquaginta

273 1315 444 1378 tissimum
455 1312 627 1378 codicibus
643 1331 727 1380 usus
738 1320 797 1380 est:
810 1314 1021 1396 Taurinensi,
1065 1316 1211 1394 psalmos
1226 1317 1472 1392 asservantem3
1490 1315 1525 1376 in
1541 1329 1618 1394 quo,
1634 1313 1729 1376 nullo
1745 1311 1813 1374 fere

272 1419 488 1497 coislinianq
501 1418 701 1482 colbertino.
719 1420 867 1494 Quorum
880 1418 1029 1499 primus,
1066 1434 1168 1482 versu
1193 1418 1326 1498 omisso,
1353 1418 1467 1483 omnia
1494 1417 1712 1482 continentur
1737 1433 1814 1497 quaa

273 1519 403 1584 ceteris
418 1527 452 1584 et
463 1519 677 1601 praestantior
691 1525 725 1584 et
736 1521 872 1586 uberior
883 1521 920 1583 in
935 1523 1022 1602 psal·
1064 1513 1162 1584 nobis
1174 1517 1266 1584 dedit
1290 1498 1585 1602 Monteialconius3
1613 1521 1726 1584 sedet
1747 1521 1816 1583 alia

272 1642 328 1690 mo
339 1623 599 1706 quadragesimo
607 1625 760 1690 luctuose
768 1625 954 1694 deficiebat.
967 1627 1027 1688 lll-
1065 1623 1154 1688 ielici
1171 1624 1325 1696 ubertate
1341 1626 1377 1688 in
1393 1623 1510 1690 eodem
1526 1623 1656 1688 florent.

272 1735 325 1794 ter
337 1729 475 1798 scholiis
486 1725 646 1809 jejunior,
657 1727 747 1792 haud
762 1731 836 1793 sine
847 1727 1022 1796 multisla-
1110 1729 1153 1792 lt
1167 1727 1307 1792 floribus
1323 1731 1429 1809 spinae
1452 1745 1520 1791 non
1536 1727 1668 1792 desunt.
1685 1729 1813 1793 collato

270 1832 1021 1915 cunis,vixadnonogesimumquintnmper-
1064 1832 1145 1896 hinc
1171 1832 1299 1896 atinde
1329 1833 1536 1896 exuberante
1563 1831 1816 1912 commentario,

270 1937 434 2016 tingebat.
462 1937 596 2002 Tertius
614 1938 722 2002 multo
750 1937 929 2017 recentior,
946 1954 1022 2019 pro-
1065 1937 1175 2004 mults
1190 1936 1328 2018 quidem
1336 1938 1579 2001 sedunensem
1592 1937 1746 2000 sinenlla
1760 1954 1818 2000 va·

269 2038 377 2103 lixum
393 2039 562 2110 decimum
586 2045 743 2105 octavum
757 2059 861 2122 supra
878 2044 1021 2105 centesi·
1064 2042 1184 2108 rietate
1207 2041 1406 2105 referebant.
1423 2042 1539 2119 Multa,
1563 2045 1603 2103 ut
1618 2039 1699 2118 dixi,
1717 2040 1817 2104 editis

269 2160 374 2222 mum,
396 2142 456 2208 sed
471 2144 529 2206 vix
551 2160 629 2206 cum
646 2144 792 2206 exilibus
815 2144 960 2224 laciniis,
976 2163 1019 2207 as-
1064 2147 1226 2226 auctiora,
1254 2146 1407 2209 eamdem
1434 2149 1467 2210 et
1493 2146 1689 2208 continuam
1711 2143 1816 2208 telam
1880 2157 1885 2168 ·

269 2264 332 2326 gre
346 2247 599 2328 assequebatur.
623 2249 814 2329 Quidquam
831 2249 922 2312 ultra
945 2251 1020 2313 nul·
1063 2255 1178 2314 texere
1204 2249 1362 2314 mirabar.
1382 2249 1450 2313 Nec
1475 2250 1581 2312 satis:
1610 2249 1712 2311 etiam
1735 2250 1816 2311 lem-

268 2351 340 2431 libi,
363 2369 423 2432 per
437 2367 554 2415 omnes
575 2356 713 2416 catenas
734 2354 951 2435 Parisienses,
967 2372 1020 2418 oc-
1062 2357 1155 2416 mata
1169 2371 1246 2434 que
1260 2352 1334 2418 fuse
1347 2353 1569 2416 ‘laurinensis
1589 2353 1817 2434 persequitur,

268 2454 426 2518 currebat
449 2454 597 2534 impigro
612 2459 646 2518 et
660 2457 765 2519 alacri
788 2458 953 2540 linurino,
976 2460 1026 2524 ob·
1062 2458 1179 2521 eadem
1194 2457 1373 2538 stupebam
1389 2456 1425 2520 in
1441 2457 1606 2520 Vaticano
1622 2456 1740 2536 relegi,
1756 2473 1817 2518 au-

268 2559 452 2622 immanem
471 2558 604 2622 hiatum
620 2559 880 2642 obstupescenti.
1062 2564 1147 2643 geri,
1163 2562 1335 2643 perpoliri.

288 2707 290 2712 -
312 2664 486 2728 Attonitus
502 2663 573 2744 ipse
595 2667 765 2728 assurexit
779 2669 931 2746 Angelus
952 2668 1019 2731 lda-
1106 2665 1187 2730 lnde
1213 2667 1357 2746 questio
1376 2664 1571 2745 multiplex:
1598 2681 1638 2728 ao
1665 2665 1813 2745 primum

269 2767 333 2845 ius,
350 2769 408 2850 qui
425 2771 476 2832 tot
490 2767 667 2849 desperata
682 2767 819 2834 detexit.
835 2793 853 2832 e
869 2771 930 2836 His
942 2788 1017 2852 ego,
1061 2769 1154 2831 subit
1163 2767 1414 2848 inquirendum,
1430 2784 1551 2830 annon
1559 2767 1603 2831 ab
1613 2768 1728 2848 aliquo
1738 2769 1819 2832 sub·

268 2871 391 2952 inquit,
417 2871 507 2953 apud
533 2873 822 2939 Montiauconium
851 2875 958 2956 lectis,
984 2881 1019 2938 et
1063 2874 1139 2938 dolo
1154 2873 1381 2955 metaphraste
1397 2874 1591 2938 cavendum
1607 2874 1704 2938 nobis
1719 2875 1773 2937 sit.

268 2993 347 3038 cum
362 2992 425 3038 nec
440 2975 531 3056 apud
546 2977 694 3041 corderii
711 2978 848 3059 quidem
863 2983 1018 3043 catenam
1087 2979 1168 3044 *Sed
1178 2983 1333 3042 catenam
1348 2982 1519 3056 tenemus,
1533 2979 1569 3041 in
1582 2994 1651 3059 qua
1661 2977 1704 3041 ad
1717 2979 1821 3042 liuse-

269 3081 455 3145 Ensebinm
471 3081 603 3162 uspiam
612 3082 823 3165 postdictum
832 3085 1027 3149 terminum·
1060 3083 1156 3147 bium
1190 3082 1357 3146 accedunt
1390 3083 1571 3162 Origenes,
1603 3082 1820 3162 Athanasius,

268 3185 401 3249 laudari
416 3183 576 3266 viderem,
592 3189 735 3268 quesivi
751 3189 870 3252 sedulo
885 3191 1018 3253 invati·
1062 3187 1221 3264 Basilius,
1252 3185 1427 3268 Didymus,
1461 3186 1622 3269 cyrillus,
1654 3189 1819 3267 Asterius,

267 3288 363 3353 canis
384 3289 567 3369 codicibus,
586 3292 755 3374 numquid
777 3293 862 3357 forte
886 3296 1017 3376 lateret,
1064 3289 1304 3369 Theodoretus,
1318 3290 1386 3353 alii.
1399 3291 1447 3352 Ne
1459 3287 1708 3370 fundoquidem
1720 3292 1816 3355 audi·

268 3391 359 3475 quod
366 3393 657 3474 ultrapraedictam
667 3395 851 3460 editionem
864 3415 1019 3474 excurre-
1061 3397 1137 3457 tnm
1152 3397 1204 3459 est
1218 3399 1415 3457 catenarum
1432 3395 1629 3473 eclogarios,
1649 3396 1709 3475 qni
1724 3411 1813 3457 com-

268 3501 330 3560 ret.
352 3497 444 3576 Ergo
459 3496 502 3560 ad
524 3504 660 3562 catenas
676 3499 855 3563 Vaticanus
878 3517 1017 3564 conver·
1062 3497 1195 3579 pendiis
1212 3515 1320 3580 usque
1336 3498 1540 3578 importunis
1556 3498 1591 3560 in
1606 3503 1739 3562 veteres
1754 3516 1815 3562 aas·

267 3615 358 3663 sus...
373 3603 441 3664 tres
460 3601 575 3664 inveni
592 3601 627 3664 in
650 3602 775 3681 quibus
798 3601 937 3668 Eusebii
962 3619 1018 3665 ex·
1062 3601 1133 3664 vire
1164 3602 1295 3679 solent,
1327 3615 1480 3680 unquam
1506 3601 1648 3666 lacinias
1678 3602 1815 3666 auxisse

267 3709 382 3784 carpta
403 3719 472 3767 non
485 3704 733 3768 contemnenda
748 3721 856 3787 usque
872 3705 914 3768 ad
930 3707 1018 3787 psal·
1061 3721 1141 3768 suas
1153 3704 1384 3783 incrementis,
1404 3703 1544 3768 uberius
1564 3709 1599 3768 et
1616 3706 1818 3770 concinnius

267 3807 345 3870 terii
359 3805 462 3870 finem
478 3809 652 3888 leguntur.
669 3829 686 3869 a
708 3812 788 3884 Quae
807 3811 923 3874 statim
947 3827 1016 3873 nno
1063 3811 1199 3893 proprio
1214 3813 1322 3872 marte
1338 3809 1488 3872 intrusis.

268 3911 393 3976 haustu
410 3913 538 3994 recepit
552 3913 767 3997 inexplebilis
782 3915 844 3993 vir,
868 3918 902 3977 et
916 3915 952 3977 lu
968 3919 1017 3977 to-
1103 3916 1278 3992 Praeterea,
1301 3929 1379 3976 cnm
1395 3913 1444 3976 ibi
1459 3913 1495 3976 in
1512 3913 1628 3977 eodem
1647 3915 1810 3978 comitatu

267 4033 323 4078 mo
338 4017 383 4080 1v
394 4016 611 4080 Bibliotheca
622 4033 718 4080 novae
730 4019 868 4082 Petrum
885 4019 1014 4101 publici
1061 4023 1292 4096 congerantur
1315 4017 1471 4095 integrae
1494 4023 1647 4081 veterum
1666 4021 1814 4099 paginae,

262 4118 453 4198 jurisiecit.
1060 4121 1178 4202 quales
1215 4119 1306 4201 apud
1341 4121 1524 4201 Mauricos,
1553 4123 1643 4203 apud
1674 4124 1811 4204 Maium,

311 4223 403 4302 Ergo
429 4227 539 4288 totum
567 4241 652 4308 opus
678 4229 717 4290 tu
732 4227 858 4291 dixeris
882 4227 1015 4291 abunde
1061 4225 1277 4290 sirmondum
1300 4228 1335 4287 et
1357 4225 1442 4288 alios
1462 4227 1656 4306 magistros,
1672 4227 1813 4292 sincere

265 4327 496 4410 profligatum.
523 4329 598 4408 Ego
619 4335 743 4409 tamem
759 4330 841 4394 dnm
859 4329 1015 4410 disjectos
1060 4333 1273 4409 reputantur,
1301 4330 1361 4410 qui
1388 4327 1428 4391 fit
1452 4335 1492 4392 ut
1518 4331 1611 4393 solus
1633 4330 1813 4410 Eusebius,

266 4434 425 4512 origenis
437 4431 593 4496 flosculos
605 4434 812 4516 colligerem,
826 4434 925 4498 toties
935 4435 1016 4498 inci·
1059 4432 1178 4497 fraude
1201 4437 1363 4512 mutatus,
1381 4433 1569 4498 incolumis
1592 4451 1659 4498 non
1682 4451 1814 4498 reman-

266 4535 301 4598 di
313 4537 348 4598 in
355 4535 605 4600 novasEnsebii
615 4539 769 4619 paginas,
778 4537 963 4618 saepissima
975 4541 1017 4602 A·
1059 4537 1165 4605 serit?
1182 4539 1241 4604 sed
1256 4538 1340 4620 quid
1352 4537 1441 4618 juris
1456 4538 1497 4602 de
1516 4540 1590 4621 ipso
1602 4539 1816 4604 Monteialco·

265 4639 472 4704 damantinia
487 4641 627 4720 vicinas,
643 4639 761 4706 affines
774 4647 808 4705 et
822 4658 1014 4723 germanas,
1063 4644 1112 4708 nii
1125 4644 1282 4724 Eusebio,
1291 4660 1392 4725 quem
1406 4642 1453 4706 ibi
1466 4641 1654 4708 totumiere
1665 4645 1814 4722 legimus

265 4744 369 4810 immo
396 4761 462 4807 non
485 4746 590 4808 semel
616 4744 681 4808 sub
707 4751 852 4827 utroque
878 4747 1014 4810 nomine
1063 4743 1224 4826 αὐτολιξεί
1236 4752 1252 4811 i

264 4849 401 4930 positas,
428 4853 467 4914 ut
492 4850 674 4915 vehemens
700 4851 785 4914 mihi
808 4851 1014 4916 desiderium
1105 4855 1194 4917 Num
1220 4869 1305 4932 ergo
1326 4851 1494 4916 Eusebius
1517 4853 1588 4932 ipse
1610 4867 1698 4915 novo
1719 4852 1832 4943 operi·

264 4952 451 5032 incesserit,
477 4954 580 5017 etiam
606 4957 682 5036 post
708 4960 804 5020 vasta
830 4957 1015 5035 grandium
1059 4959 1243 5038 accinctus,
1253 4959 1431 5037 inceptam
1440 4957 1571 5036 ruperit
1585 4955 1698 5036 telam,
1711 4960 1752 5019 nt
1762 4957 1809 5019 al-

265 5071 453 5120 messorum
468 5060 577 5140 tergo,
593 5059 704 5140 spicas
723 5061 907 5141 colligendi
923 5061 1017 5126 dere·
1059 5067 1172 5126 teram
1197 5061 1468 5140 redintegraret?
1489 5063 1595 5124 Nemo
1616 5060 1650 5124 id
1680 5077 1812 5123 conces-

265 5159 374 5224 lictas.
1063 5166 1155 5246 serit,
1171 5167 1199 5230 si
1216 5164 1474 5230 Monteialoonlo
1489 5163 1628 5244 dederit,
1642 5163 1733 5244 quod
1753 5164 1812 5227 vix
