4044 6104
271 431 334 496 440
956 437 1170 501 ORIGENES

277 573 313 637 θν
328 572 367 638 έιι
381 579 438 659 τῆς
455 573 512 658 [οῖ.
529 572 635 660 οἱονεί]
651 571 784 660 καρδίας
798 575 820 660 ῆ
836 581 898 638 τῶν
909 575 1029 661 σπλάγ-
1080 575 1169 659 apud
1182 595 1275 658 eum,
1290 551 1380 659 qnod
1396 580 1491 660 quasi
1512 597 1553 642 ex
1580 579 1689 661 corde,
1716 584 1771 645 vel
1789 599 1831 645 ex

277 694 362 762 χνυν
377 675 571 765 προήγαγεν,
596 678 668 744 ἀλλ’
679 678 715 742 οὐ
730 678 857 764 συνᾴδει
878 679 979 764 τούτῳ
994 681 1031 742 τὸ
1083 683 1271 746 visceribus
1283 681 1409 762 eduxit,
1426 688 1462 744 at
1475 684 1590 747 minus
1605 685 1640 748 id
1654 703 1733 748 cum
1744 687 1832 749 serie

278 779 415 867 ἑφεξῆς,
439 782 509 847 ἀλλ’
534 784 601 849 έστί
623 782 790 869 πρόσωπον
816 786 853 860 τὸ
878 803 1031 870 προφητι-
1077 787 1236 866 concinit,
1254 787 1313 850 sed
1336 787 1483 850 occurrit
1505 787 1701 869 prophetice
1715 805 1829 871 perso-

275 887 343 952 ιιόν.
361 885 435 964 Πῶς
456 889 517 973 γὰρ
533 887 567 954 ἐν
583 899 644 975 τῷ·
666 885 795 973 Ὥραῖος
816 889 930 953 κάλλει
944 891 1032 974 παρὰ
1075 907 1129 952 na.
1155 891 1326 966 Quomodo
1345 892 1436 953 enim
1459 891 1495 953 in
1518 889 1627 955 hisce:
1661 893 1831 973 ύῖοετίοῦαα

274 990 347 1066 τοὺς
363 988 448 1066 υἱούς
471 999 532 1055 τῦν
549 990 729 1076 ἀνθρώπων,
755 994 793 1057 ἐκ
814 1001 872 1076 τῆς
886 994 962 1076 πρὸς
978 992 1031 1057 ἀν·
1066 991 1182 1074 scruto
1191 993 1362 1075 prcfiliis
1373 991 1546 1072 lominum,
1559 996 1829 1076 excomparatio·

275 1092 418 1178 θρύπους
434 1093 625 1180 συγκρίσεως
641 1098 699 1182 τῆν
715 1097 876 1182 ὑπεροχὴν
891 1097 1027 1181 ἔχειτοῦ
1079 1113 1122 1158 ne
1146 1113 1225 1158 cum
1248 1096 1442 1160 hominibus
1468 1097 1731 1176 praecellentiam
1758 1100 1832 1179 pul·

273 1196 430 1282 ιιάλλους;
447 1197 521 1276 Πῶς
535 1199 570 1262 δέ
584 1202 622 1264 τὸ
634 1199 686 1264 διὰ
701 1209 812 1265 τοῦτο·
826 1197 980 1285 Ἔχρισέν
992 1219 1028 1264 σε
1077 1200 1282 1264 chritudinis
1298 1201 1444 1282 accipit?
1459 1201 1630 1275 Quomodo
1652 1207 1831 1283 propterea

275 1299 399 1382 ὁΘεθς,
423 1302 440 1364 θ
463 1300 543 1380 Θεύς
563 1323 638 1388 σου;
662 1302 776 1390 οὐγὰρ
792 1303 896 1367 εἶπεν·
918 1301 1030 1388 Ἔχρι-
1073 1305 1214 1368 dicitur:
1233 1305 1337 1369 Uccit
1358 1309 1387 1369 tc
1404 1306 1502 1383 Deus,
1521 1306 1610 1370 Deus
1624 1309 1736 1370 mette?
1757 1307 1831 1370 Non

275 1403 318 1469 σθ
329 1425 375 1469 σε.
393 1403 431 1469 Τί
446 1407 501 1470 ούν
517 1426 611 1491 φασιν
623 1405 652 1470 οἱ
667 1416 840 1491 προφῆται·
862 1404 1028 1491 έξηρεύξα
1074 1409 1156 1472 dicit
1179 1410 1270 1473 enim
1281 1434 1287 1472 :
1300 1411 1375 1488 Ego
1397 1411 1481 1473 unxi
1496 1415 1541 1473 te.
1552 1413 1619 1474 Cur
1634 1427 1718 1489 ergo
1733 1411 1834 1474 aiunt

275 1528 330 1594 το;
353 1508 462 1595 έπειδῆ
486 1511 547 1595 γὰρ
562 1508 584 1593 ἡ
600 1508 698 1594 έρυγῆ
718 1509 802 1574 έστιν
817 1519 940 1596 πνεῦμα
955 1530 1028 1593 κρυ-
1073 1532 1113 1594 pr
1120 1513 1266 1594 ophetae:
1280 1514 1728 1596 Etutctocittlitenimquum
1738 1532 1833 1578 eruc·

274 1609 355 1697 φίον,
372 1615 457 1679 κατὰ
479 1615 538 1700 τὴν
561 1613 648 1692 ζέσιν
669 1622 727 1699 τῆς
747 1622 866 1699 τροφῆς
889 1614 1028 1699 deotpu-
1073 1619 1162 1681 tatio
1174 1619 1220 1682 sit
1228 1619 1398 1681 oecultum
1412 1616 1537 1681 flamen
1546 1619 1636 1698 quod
1648 1637 1691 1682 ex
1702 1619 1769 1682 cibi
1778 1635 1833 1682 co-

274 1716 431 1802 γνυμένης
445 1729 508 1784 τῶν
523 1718 734 1806 πομφολύγων
757 1719 809 1783 tul
825 1720 861 1782 το·
884 1720 949 1784 duo
964 1721 1030 1784 δια-
1080 1723 1192 1785 ctione
1208 1723 1429 1802 irrumpentis
1445 1723 1481 1785 in
1495 1720 1617 1800 bullas,
1630 1740 1767 1786 sursum
1779 1740 1835 1786 ex·

274 1821 475 1905 πνευόμενον,
492 1821 650 1907 ὀτραφείς
665 1830 709 1906 τῷ
725 1820 818 1900 ζῶντι
833 1823 920 1906 ἄρτῳ
934 1822 1031 1908 τῷέτι
1076 1827 1241 1907 spiratur,
1268 1826 1325 1887 ille
1347 1825 1407 1905 qui
1429 1824 1580 1887 nutritus
1603 1829 1655 1888 est
1682 1842 1769 1905 pene
1791 1825 1833 1889 de

272 1921 341 1987 τοῦ
360 1925 495 2008 ούρανοῦ
530 1922 715 2004 καταθάντι,
745 1927 800 1988 καὶ
837 1924 1027 2010 ἐμπλησθεὶς
1074 1930 1159 1993 coelo
1167 1928 1400 2008 descendente,
1409 1933 1443 1991 et
1454 1930 1615 2009 impletus
1624 1945 1678 1991 om
1686 1930 1722 1992 ni
1730 1929 1833 1993 verbo

274 2029 368 2092 παντὶ
391 2026 508 2113 ῥήματι
531 2026 771 2113 ἒκπορευομένῳ
798 2028 851 2093 διὰ
874 2029 1028 2114 στόματος
1075 2033 1165 2114 quod
1188 2033 1230 2096 ab
1250 2049 1307 2095 ore
1323 2033 1384 2095 Dei
1406 2032 1565 2113 procedit,
1586 2034 1833 2098 eructationem

275 2129 369 2214 Θεοῦ,
387 2130 566 2216 πρόσφορον
577 2138 643 2208 τοῖς
655 2129 797 2216 βρώμασι
811 2131 957 2215 προίεται
970 2133 1030 2217 την
1075 2137 1160 2199 cibis
1175 2152 1363 2214 congruam
1380 2136 1522 2214 emittit3
1549 2137 1597 2198 ita
1612 2141 1651 2197 ut
1671 2153 1714 2198 ex
1736 2136 1835 2216 spiri·

274 2235 404 2321 έρυγὴν,
417 2234 459 2311 ὡς
474 2237 529 2299 οῦν
541 2234 580 2299 έκ
591 2234 722 2319 λογικῆς
733 2237 789 2299 καί
802 2233 925 2321 ἀγαθῆς
941 2234 1031 2319 [arip
1079 2240 1166 2302 tueli
1186 2243 1220 2300 et
1242 2238 1329 2301 bono
1347 2237 1447 2300 corde
1470 2237 1621 2319 proferet
1644 2255 1834 2301 sermonem

274 2336 355 2423 δίας]
371 2338 466 2423 λύγον
478 2337 597 2424 ἀγαθὸν
612 2337 826 2424 ἐξερεύγεται·
841 2339 933 2425 ὁγὰρ
947 2338 1028 2425 ἀγα·
1077 2343 1254 2423 optimum.
1280 2342 1428 2403 «Bonus
1454 2342 1545 2404 enim
1560 2341 1662 2404 homo
1678 2359 1723 2404 ex
1746 2342 1834 2404 bono

273 2439 327 2519 θὸς
343 2441 505 2527 ἄνθρωπος
521 2443 560 2507 ἐκ
573 2452 629 2507 τοῦ
650 2441 771 2526 ἀγαθοῦ
787 2441 956 2528 θησαυροῦ
971 2452 1029 2528 τῆς
1075 2445 1185 2509 cordis
1201 2444 1362 2508 thesauro
1380 2444 1494 2508 educit
1504 2445 1644 2512 bonum.
1662 2467 1679 2506 ν

273 2543 407 2630 καρδίας
422 2547 521 2612 αὐτοῦ
535 2544 706 2631 προσφέρει
721 2549 757 2610 τὸ
772 2545 905 2632 ἀγαθόν.
1297 2575 1300 2580 ’

318 2670 350 2715 ν.
368 2653 397 2716 3.
413 2647 543 2736 Ὥραῖυς
554 2649 667 2717 κάλλει
685 2652 774 2735 παρὰ
786 2653 859 2728 τοὺς
871 2651 957 2728 υἱούς
967 2659 1029 2715 τῶν
1117 2671 1148 2715 v.
1166 2655 1196 2715 3.
1222 2650 1526 2733 opericulosa-ma
1537 2669 1609 2735 pre
1619 2653 1715 2745 filiis
1736 2653 1835 2719 tomi-
1934 2670 1942 2689 ·

276 2753 458 2840 ἀνθρώπων.
1074 2773 1166 2820 oum.

318 2860 415 2926 Κατὰ
428 2863 570 2947 μὲντοὺς
586 2860 632 2946 0',
646 2860 760 2946 ὡραῖος
770 2861 883 2926 κάλλει
894 2868 938 2946 τῷ
954 2881 1029 2945 προ·
1118 2860 1288 2942 Equidem
1309 2859 1411 2940 juxta
1437 2879 1519 2942 nxx,
1537 2862 1700 2943 perime
1715 2861 1834 2944 sortito

273 2964 403 3032 λαθόντι
425 2963 523 3051 στίχῳ
539 2966 745 3032 συνάπτεται·
768 2966 858 3030 τὸδὲ
881 2964 1029 3048 έθραῦιθν
1074 2968 1241 3046 superiori
1269 2969 1437 3032 versiculo
1463 2968 1664 3032 adnectitur.
1685 2968 1750 3031 Sed
1772 2968 1829 3032 he-

274 3070 330 3133 ααί
345 3069 374 3132 οἱ
389 3067 494 3132 λοιποὶ
517 3069 550 3148 έξ
574 3067 684 3153 ἑτέρας
707 3068 810 3155 ἀρχῆς
834 3069 911 3133 αὐτὸ
931 3087 1029 3152 προη-
1074 3069 1227 3134 braicum
1240 3073 1440 3152 psalterium
1454 3078 1488 3135 et
1499 3074 1613 3136 caeteri
1629 3073 1830 3152 interpretes

274 3171 438 3258 νέγιιαντο,
463 3175 542 3238 ὥστε
566 3175 644 3239 εἶναι
668 3174 709 3238 τὰ
731 3183 841 3259 πρῦτα
862 3181 920 3257 τῆς
943 3172 1028 3259 ίρδῆς
1075 3190 1117 3234 ex
1132 3175 1239 3237 altero
1252 3176 1388 3239 exordio
1404 3177 1490 3239 illud
1502 3177 1682 3256 protulere,
1700 3182 1739 3239 ut
1750 3193 1827 3257 quae

276 3274 450 3363 προοίμιον,
471 3279 550 3343 εἶναι
565 3279 600 3343 δέ
616 3281 675 3364 τῆν
690 3279 768 3364 ὑπὲρ
783 3289 839 3343 τοῦ
857 3278 1029 3365 ἀγαπητοῦ
1073 3280 1278 3360 praecedunt,
1294 3281 1365 3344 sint
1382 3281 1506 3343 cantici
1521 3281 1733 3360 prooemium,
1749 3281 1831 3344 inci·

275 3381 360 3468 ίρδῆν
375 3383 441 3448 ἀπὸ
456 3393 529 3449 τοῦ·
551 3379 680 3468 Ὡραῖος
695 3383 818 3465 κάλλει,
833 3394 890 3449 τοῦ
905 3405 1028 3470 προφη-
1076 3383 1149 3462 piat
1169 3387 1285 3445 autem
1313 3383 1354 3446 de
1369 3383 1492 3446 dilecto
1518 3385 1691 3448 canticum
1706 3385 1749 3447 ab
1775 3385 1830 3449 his

270 3496 363 3552 -τικοῦ
379 3498 478 3572 χοροῦ
499 3486 648 3573 λέγοντος
664 3493 742 3572 πρὸς
763 3487 877 3553 αὐτόν·
899 3487 1028 3572 Ὡραῐος
1078 3486 1208 3550 verbis:
1221 3487 1390 3568 Spectatus
1395 3487 1521 3570 sorem,
1537 3505 1614 3568 quae
1626 3488 1668 3551 cd
1685 3489 1831 3571 ipsuma

275 3592 306 3655 el
318 3591 440 3656 κάλλει.
464 3591 504 3657 Εἰ
518 3594 580 3677 γὰρ
595 3595 651 3656 καί
666 3593 710 3669 είς
732 3591 867 3678 γέγονας
890 3601 951 3656 τῶν
974 3592 1027 3657 ᾰν-
1078 3592 1180 3655 choro
1196 3591 1389 3673 prophetico
1401 3591 1618 3669 diriguntur:
1638 3594 1689 3656 'lu
1704 3595 1832 3674 specio-

275 3694 416 3781 θρύπυν,
433 3695 575 3760 ἀλλὀὐκ
589 3697 657 3760 ἔστι
680 3694 875 3782 παραθαλεϊν
890 3702 935 3779 τῷ
949 3695 1027 3759 κάλ·
1074 3713 1133 3759 sus
1148 3694 1256 3757 forma
1279 3713 1329 3758 es:
1354 3696 1480 3758 etenim
1503 3697 1724 3775 quantumvis
1737 3714 1828 3761 uuus

274 3800 324 3864 λει
336 3821 393 3864 σου
405 3799 523 3883 ἕτερον,
535 3809 580 3887 τῷ
592 3801 677 3864 κατὰ
688 3802 747 3885 τῆν
761 3798 878 3884 ἀρετὴν
890 3797 1026 3884 δηλαδή·
1077 3798 1185 3862 iaetus
1201 3801 1249 3862 sis
1264 3797 1452 3878 hominum,
1475 3797 1565 3861 absit
1580 3816 1660 3862 vero
1687 3804 1726 3862 ut
1741 3801 1831 3864 alius

275 3904 365 3988 παρθι
387 3903 422 3967 δέ
445 3911 488 3989 τῷ
503 3901 650 3989 προφήτῃ
671 3902 716 3967 τύ·
741 3900 810 3968 Οίυι
833 3903 918 3987 εἶχεν
934 3902 1024 3983 εἶδος,
1077 3902 1139 3964 tibi
1152 3903 1188 3965 in
1202 3901 1456 3982 pulchritudine
1465 3902 1667 3982 conferetur,
1681 3921 1721 3966 ea
1731 3905 1831 3967 nimi-

276 4009 349 4073 οῦδὲ
364 4006 494 4090 κάλλος,
511 4010 564 4074 τὸν
580 4009 714 4092 σταυρὸν
736 4009 792 4072 καί
806 4005 958 4083 τὸπάθος
974 4007 1028 4090 δη·
1075 4023 1151 4067 rum
1167 4023 1242 4086 quae
1257 4004 1300 4069 ad
1315 4007 1477 4068 virtutem
1491 4007 1649 4086 pertinet.
1668 4009 1738 4070 Hoc
1749 4025 1831 4070 vero

276 4111 337 4176 λοῐ.
361 4110 545 4196 Ἐπηγαγεν
567 4112 641 4198 γάρ·
656 4109 843 4195 Ἀνθρωπος
865 4111 898 4176 έν
919 4110 1028 4194 πληγῆ
1074 4109 1323 4190 propheticum:
1343 4111 1530 4192 «Speciem
1547 4127 1615 4175 non
1640 4110 1753 4191 hebet,
1777 4129 1835 4174 ne·

275 4217 319 4281 ὢν
330 4218 385 4280 καί
396 4216 485 4294 εἰδὼς
500 4215 605 4302 φέρειν
618 4215 777 4301 μαλακίαν
788 4214 957 4300 ῆτιμάσθη,
973 4217 1030 4278 καί
1074 4230 1140 4294 que
1161 4213 1315 4293 formem,
1332 4235 1349 4274 υ
1379 4232 1516 4277 crucem
1531 4219 1566 4276 et
1579 4216 1779 4295 passionem
1791 4216 1836 4279 si·

276 4323 336 4386 οῦκ
351 4320 511 4408 ἐλογίσθη.
535 4317 607 4384 Ὀτι
628 4321 663 4385 δέ
687 4319 720 4399 ἐξ
743 4318 852 4404 έτέρας
875 4317 978 4403 ἀρχῆς
993 4318 1028 4382 έν
1074 4317 1233 4398 gnificat:
1250 4319 1344 4383 addit
1358 4321 1467 4383 enim:
1495 4321 1589 4383 «Vir
1617 4320 1784 4400 dolorum,
1799 4325 1836 4383 et

274 4435 319 4512 τῷ
334 4425 470 4511 έθραῦιῷ
492 4434 595 4491 κεῖται
610 4426 655 4489 τύ·
676 4424 791 4510 ὡραῖος
810 4423 932 4504 κάλλει,
956 4419 1028 4506 έδη-
1074 4422 1185 4486 sciens
1208 4421 1295 4486 ferre
1319 4423 1562 4501 infirmitatem,
1590 4424 1754 4504 quoniam
1777 4422 1835 4485 ab·

276 4531 376 4596 λυσεν
390 4528 531 4608 Ἀκύλας
548 4533 605 4617 μέν
621 4530 727 4596 είπύν·
738 4529 861 4595 Κάλλει
875 4526 1028 4593 έκαλλιύ-
1073 4526 1248 4590 sconditur
1272 4528 1389 4590 vultus
1404 4526 1478 4607 ejus
1504 4532 1538 4590 et
1552 4526 1744 4608 despectus,
1770 4543 1828 4589 ne-

276 4636 335 4720 θης
350 4636 413 4700 ἀπὸ
436 4635 509 4700 υἱῶν
526 4632 715 4720 ἀνθρώπων·
738 4635 755 4698 ὁ
779 4635 813 4699 δέ
837 4632 1027 4719 Σύμμαχος·
1075 4648 1141 4712 que
1161 4635 1338 4713 reputatus
1352 4637 1414 4695 est.
1440 4631 1570 4707 »Quod
1597 4647 1713 4693 veroa
1740 4645 1829 4692 novo

276 4733 401 4804 Κάλλει
422 4737 521 4814 καλὸς
543 4738 572 4802 εί
592 4739 681 4823 παρὰ
695 4740 768 4815 τοὺς
784 4737 871 4813 υἱοὺς
892 4745 954 4802 τῶν
977 4735 1030 4800 ἀν·
1075 4737 1212 4802 exordio
1242 4736 1477 4818 proficiscatur
1499 4734 1698 4799 hebraicum
1726 4733 1828 4798 illud:

314 5097 343 5138 ν.
365 5081 391 5136 3.
412 5081 449 5136 In
469 5081 533 5137 eod.
553 5081 646 5138 Vatic.
669 5078 935 5152 Compendiaforte
960 5086 1029 5135 sunt
1076 5077 1229 5150 Hexapliu.
1242 5095 1326 5150 quere
1336 5077 1424 5151 paulo
1437 5075 1533 5134 fusius
1545 5073 1735 5148 proferuntur
1745 5090 1833 5148 quem

279 5163 434 5239 editorum,
446 5165 498 5224 sed
510 5183 549 5225 ex
561 5165 692 5240 pleniore
704 5164 873 5239 archetypo,
887 5166 977 5222 etiam
997 5165 1031 5226 in
1075 5162 1157 5252 apud
1170 5163 1255 5220 Field
1267 5181 1300 5236 rr,
1313 5165 1373 5218 161.
