4044 6104
309 425 375 488 436
978 431 1185 498 EUSEBIUS

308 588 373 653 ριε·
396 567 489 654 μόνος
511 570 572 654 γάρ
598 571 676 655 πρὸς
701 571 868 649 τοσούτους
894 572 954 658 οὐχ
987 574 1052 651 οίος
1096 577 1185 640 circo
1200 593 1258 640 oro
1272 576 1461 656 suppleret
1474 575 1643 656 deprecor,
1660 593 1703 639 ne
1723 575 1846 639 mede·

308 670 461 758 ἀντέχειν.
478 672 523 738 Σὺ
547 675 611 757 οὖν,
628 674 740 754 δΘεός
764 697 832 761 μου,
849 677 892 761 μὴ
910 675 1051 764 ἀποστῇς
1096 683 1278 762 relinquas,
1304 682 1455 760 Domine,
1482 682 1575 745 solus
1605 681 1697 744 enim
1727 685 1845 745 contra

309 776 365 841 ἀπ’
374 776 461 863 ἐμοῦ,
484 777 605 864 πάρεσο
620 777 655 843 δέ
671 801 722 865 μοι
746 779 929 866 βοηθόςκαὶ
951 781 1052 869 φύλαξ
1097 791 1148 876 tot
1162 791 1195 849 et
1210 790 1332 866 tommo,
1355 802 1422 848 non
1450 786 1479 850 io
1495 802 1560 863 ego
1587 803 1664 850 sum
1680 786 1740 868 qui
1765 786 1847 849 resi·

308 889 365 966 τθς
380 881 458 967 ἐμῆς
476 881 642 968 σωτηρίας·
1100 894 1198 954 etam.
1213 892 1264 954 Tu
1280 906 1373 969 ergo,
1390 890 1481 953 Deus
1497 907 1603 969 meus,
1630 907 1673 952 ne
1688 889 1848 954 discesse-

1100 996 1148 1060 ris
1162 1013 1183 1058 o
1198 1012 1262 1074 me,
1277 993 1335 1058 sed
1350 998 1421 1058 esto
1436 994 1521 1057 mihi
1532 999 1696 1077 petronus
1710 997 1745 1056 et
1757 993 1848 1056 salu-

1100 1099 1145 1162 tis
1160 1116 1243 1162 mere
1258 1101 1380 1162 custos.

852 1302 1019 1381 Peolmuc
1048 1300 1296 1382 XXXVIII.

351 1547 382 1590 v.
402 1530 464 1592 γη,
480 1529 536 1608 τις
551 1532 586 1595 τι
602 1529 692 1609 τέλος
706 1540 750 1618 τῷ
765 1530 904 1615 Ἰοιθοον,
922 1532 987 1619 pop
1007 1541 1051 1618 τῳ
1138 1508 1758 1617 v.1-3.Jistnemrutton,0utuum
1781 1539 1850 1601 ua-

306 1627 411 1696 Δαυίδ.
426 1631 521 1697 Είπα·
533 1634 661 1719 φυλάξω
675 1637 732 1712 τὰς
747 1635 837 1713 όδούς
853 1658 921 1722 μου,
937 1645 994 1701 τοῦ
1006 1638 1049 1721 μη
1094 1637 1172 1702 uidi.
1189 1639 1289 1702 Diei:
1315 1640 1498 1705 Custodiam
1518 1643 1592 1706 otoo
1605 1659 1703 1721 κισασ,
1732 1646 1771 1707 ttt
1784 1661 1850 1706 αοκ

307 1733 497 1820 ἁμαρτάνειν
511 1739 546 1804 ἐν
560 1737 690 1824 γλῶσση
707 1761 778 1826 μου·
790 1737 906 1824 ἐθέμην
921 1747 965 1825 τῷ
981 1738 1050 1804 στό·
1094 1742 1280 1824 delinquam
1300 1744 1337 1808 io
1358 1743 1473 1828 linquo
1491 1761 1569 1810 αισα.
1586 1745 1685 1810 Posui
1706 1746 1758 1809 ort
1778 1763 1846 1809 mco

307 1837 383 1925 ματί
397 1863 456 1927 μου
480 1840 636 1928 φυλακὴν,
652 1843 687 1908 ἐν
708 1852 752 1930 τῷ
774 1853 926 1928 συστῆναι
940 1847 994 1909 τόν
1016 1842 1052 1909 ἁ·
1095 1845 1561 1927 σατίοιίίααι,εανιεαιιιιὲνίαντί
1572 1855 1722 1930 peccam
1735 1848 1847 1914 aduor-

307 1944 470 2028 μαρτωλόν
484 1945 624 2013 ἐναντίον
648 1968 718 2032 μου.
733 1945 928 2033 Ἐκωφῶθην
944 1948 1000 2012 καί
1021 1947 1053 2013 ἐ·
1094 1967 1168 2014 oum
1189 1968 1247 2015 mc.
1266 1950 1413 2014 Obmutoi
1434 1955 1466 2015 et
1485 1950 1681 2017 humilictur
1702 1967 1785 2031 oum,
1814 1956 1849 2017 et

308 2049 505 2135 ταπεινῶθην
519 2053 574 2116 καί
589 2047 724 2137 ἐσίγησα
738 2050 773 2131 ἐξ
787 2050 924 2136 ἀγαθῶν,
946 2052 1002 2116 καί
1015 2052 1051 2116 τδ
1095 2055 1178 2118 suot
1195 2070 1216 2118 α
1229 2054 1328 2133 boum,
1348 2061 1379 2120 et
1392 2054 1481 2120 dolor
1494 2073 1583 2121 oecos
1597 2059 1769 2121 renuere
1782 2061 1841 2122 est.

311 2152 444 2238 άλγημά
460 2176 519 2239 μου
535 2153 757 2240 άνεκαινίσθη,
772 2158 870 2223 Vetto.
887 2157 961 2237 647,
977 2157 1008 2221 2.

352 2255 417 2321 Καὶ
432 2259 530 2335 οὕτως
545 2258 668 2343 νοήσεις
686 2255 759 2324 καθ’
769 2255 907 2342 ἱστορίαν
922 2258 1052 2344 φεύγον-
1141 2264 1184 2326 Et
1201 2263 1282 2326 item
1298 2263 1466 2344 didiceris,
1493 2264 1579 2328 duce
1594 2263 1746 2343 historio,
1777 2281 1849 2327 me·

308 2381 349 2424 τα
363 2363 416 2426 τόν
432 2360 532 2448 μέγαν
554 2361 650 2428 Δαυὶδ
665 2371 720 2428 τοῦ
737 2362 926 2449 πατραλῴου
942 2362 1052 2440 παιδός
1096 2385 1206 2446 gnum
1221 2369 1319 2431 illum
1334 2369 1507 2449 Davidem,
1523 2386 1629 2450 quum
1645 2368 1772 2447 fugerit
1793 2373 1848 2452 ty-

305 2466 365 2551 την
379 2465 556 2551 τυραννίδα,
570 2464 588 2531 ό
600 2465 712 2554 Σεμεεί
721 2469 807 2532 κατὰ
816 2469 876 2553 τὴν
891 2466 963 2533 ὁδόν
975 2467 1053 2531 orte-
1096 2471 1272 2535 ronnidem
1284 2471 1347 2535 filii
1355 2473 1541 2554 parricidae,
1553 2473 1739 2537 occurrisse
1748 2474 1783 2536 iu
1791 2475 1848 2537 Se-

304 2569 479 2655 παντησας,
495 2575 550 2639 καὶ
566 2573 688 2659 μῶλους
703 2570 852 2654 ἔθαλλεν,
872 2571 927 2635 καὶ
948 2569 1053 2656 λόγοις
1096 2577 1163 2640 mei
1185 2575 1288 2656 juxte
1307 2577 1410 2656 viem,
1438 2577 1498 2659 qui
1524 2577 1642 2655 glebas
1667 2575 1787 2656 injecit
1811 2582 1847 2640 et

305 2673 504 2760 ἐλοιδορεῖτο,
521 2677 620 2762 ἄνδρα
635 2677 817 2763 παράνομον
829 2676 884 2741 καί
895 2675 995 2760 ἄνδρα
1006 2672 1054 2739 αἱ·
1096 2681 1213 2744 sannis
1240 2697 1317 2743 eum
1356 2681 1534 2760 impetivit,
1573 2679 1740 2761 injustum
1766 2697 1846 2743 eum

305 2779 412 2864 μάτων
433 2779 616 2848 ἀποκαλῶν·
631 2781 716 2846 άλλά
730 2781 769 2866 τῇ
787 2778 913 2865 συνήθει
927 2779 1052 2864 φιλοσο-
1094 2802 1219 2848 vocans
1231 2788 1265 2848 et
1278 2785 1392 2848 virum
1403 2787 1633 2866 sanguinum3
1649 2785 1709 2850 sed
1720 2803 1781 2867 pro
1796 2785 1848 2848 iu-

305 2883 363 2970 φία
376 2884 537 2972 χρώμενος
559 2887 577 2951 ό
593 2885 692 2972 μέγας
707 2884 812 2968 Δαυὶδ,
836 2883 872 2948 οὐ
889 2884 983 2970 μόνον
997 2886 1052 2948 αθ·
1096 2888 1170 2951 dole
1185 2906 1249 2952 suc
1259 2906 1413 2952 summus
1424 2889 1542 2970 David,
1557 2890 1779 2971 philosophice
1794 2891 1845 2953 in-

304 2989 358 3067 τδς
372 2990 432 3055 οὐκ
445 2990 599 3076 ἠμύνατο,
615 2991 699 3056 ἀλλὰ
721 2993 776 3055 καί
791 2998 852 3055 τῶν
867 2997 1053 3076 στρατηγῶν
1097 2991 1253 3072 dulgerm,
1269 3008 1336 3054 non
1359 2995 1469 3057 solum
1485 2994 1587 3058 minis
1607 2995 1767 3076 pepercit,
1786 2993 1846 3058 sed

305 3092 362 3159 ἕνα
375 3094 564 3179 πειραθέντα
585 3092 809 3162 κατακοντίσαι
830 3094 988 3161 ἐκώλυσεν
1011 3094 1052 3160 εἰ·
1098 3112 1205 3157 unum
1221 3113 1263 3158 ex
1278 3096 1445 3161 militibus
1461 3101 1653 3178 promptum
1671 3098 1715 3161 od
1734 3097 1846 3162 confo-

306 3196 431 3282 ρηκῶς·
456 3197 577 3284 Ἄφετε
600 3199 704 3283 αὐτόν,
727 3198 805 3264 διότι
826 3197 943 3284 Κύριος
968 3200 1054 3264 εἶπεν
1098 3197 1258 3262 diendum
1277 3218 1355 3263 cum
1377 3202 1518 3282 spiculo,
1541 3203 1691 3266 coercuit
1712 3201 1844 3265 diceus:

306 3302 391 3386 αὐτῷ
406 3304 494 3368 κακά
504 3302 609 3391 λέγειν
619 3306 674 3369 τόν
685 3303 791 3386 Δαυίδ,
799 3307 854 3368 καὶ
866 3301 912 3381 τίς
923 3303 990 3388 ἐρεῖ
1000 3301 1053 3368 αθ
1091 3323 1117 3388 ,ι
1141 3304 1248 3367 Sinite
1275 3321 1363 3383 eum,
1384 3305 1465 3385 quic
1487 3306 1652 3369 Dominus
1674 3306 1843 3368 commisit

307 3413 370 3491 τῷ·
392 3404 423 3470 τί
436 3407 613 3492 πεποίηκας
629 3411 741 3490 οότως;
757 3408 841 3485 ὅπως
862 3407 924 3473 ίδοι
937 3407 1053 3493 Κύριος
1097 3409 1129 3472 ei
1141 3413 1180 3472 ut
1202 3408 1418 3473 malediceret
1429 3408 1560 3490 Devidi,
1584 3415 1618 3474 et
1640 3409 1716 3492 quis
1738 3409 1843 3472 dicet:

305 3513 364 3597 την
383 3511 569 3577 ταπείνωσίν
593 3533 661 3599 μου,
684 3514 740 3578 καί
764 3510 980 3578 ἀνταποδόσει
1002 3534 1054 3598 μοι
1098 3516 1164 3576 Cur
1179 3514 1228 3577 sic
1244 3513 1374 3578 fecisti?
1391 3515 1445 3578 SIo
1461 3515 1563 3577 etiem
1579 3518 1618 3578 ut
1628 3515 1718 3578 Deus
1730 3515 1844 3578 videat

304 3615 422 3700 Κύριος
437 3616 544 3701 ἀγαθά
566 3616 634 3683 ἀντὶ
649 3627 706 3702 της
720 3615 863 3700 κατάρας
887 3616 983 3682 αὐτοῦ
997 3626 1053 3703 της
1097 3615 1314 3680 afflictionem
1326 3635 1446 3697 meam,
1459 3623 1494 3681 et
1504 3617 1670 3682 retribuet
1681 3617 1765 3682 mihi
1777 3620 1842 3683 Do·

305 3721 339 3784 ἐν
354 3729 394 3805 τῇ
410 3719 514 3808 ἡμέρᾳ
529 3720 638 3806 ταύτῃ.
651 3720 781 3808 Πολλην
804 3719 906 3786 τοίνυν
928 3742 1054 3806 συμφω-
1097 3721 1210 3784 minus
1225 3721 1314 3784 bone
1328 3740 1388 3803 pro
1404 3723 1504 3787 istius
1516 3722 1751 3787 maledictione
1767 3741 1844 3805 quae

305 3820 374 3888 νίαν
397 3827 474 3909 πρὸς
500 3823 596 3910 τήνδε
625 3823 763 3909 ἱστορίαν
786 3825 854 3909 ἔχει
883 3825 975 3889 τοῦδε
996 3834 1052 3888 τοῦ
1098 3827 1133 3888 iu
1146 3826 1209 3889 hoc
1224 3826 1278 3889 die
1292 3825 1365 3890 fit».
1382 3828 1515 3890 Interea
1527 3827 1673 3890 multum
1689 3844 1768 3890 cum
1780 3825 1845 3890 boc

305 3927 434 4012 ψαλμοῦ
448 3929 490 3992 τά
504 3927 603 4013 ῥητά·
626 3928 749 4014 πολλὴν
764 3929 827 4014 γὰρ
848 3927 1052 4014 προμήθειαν,
1097 3929 1239 3995 historie
1253 3946 1456 3994 consensum
1472 3929 1597 3992 hubent
1608 3928 1711 4010 hujus
1723 3931 1845 4012 psalmi

305 4033 411 4118 φησίν,
438 4041 495 4118 της
523 4032 671 4118 γλώσσης
697 4032 908 4118 ἐποιησάμην,
935 4031 1053 4098 εὐόλισ-
1095 4033 1268 4114 prooemiu.
1284 4034 1425 4096 Multam
1441 4032 1482 4098 de
1501 4033 1633 4115 lingua,
1651 4037 1711 4114 eit,
1733 4038 1847 4098 caute-

304 4137 359 4200 θον
373 4145 465 4201 τοῶτο
480 4135 689 4222 διαφερόντως
704 4138 740 4201 τό
764 4134 872 4222 μορίαν
886 4137 1052 4222 ἐπιστάμε·
1096 4136 1164 4198 lom
1180 4136 1295 4217 habui,
1313 4155 1416 4218 quum
1435 4138 1605 4201 lubricum
1624 4139 1670 4202 sit
1691 4156 1759 4219 prae
1777 4155 1847 4201 om-

305 4261 368 4322 νος,
384 4243 438 4306 καὶ
450 4241 514 4307 οἶόν
525 4263 583 4307 τινι
594 4238 702 4326 τειχίιμ
714 4240 833 4324 ταύτην
846 4240 895 4305 ἀεί
910 4237 1053 4324 περιέόα-
1097 4239 1197 4303 uibus
1224 4240 1413 4303 membrum
1429 4241 1514 4304 illud
1538 4241 1643 4323 probe
1658 4243 1778 4320 sciens,
1804 4260 1845 4304 ec

304 4345 370 4427 λον,
382 4345 443 4431 obp(
458 4347 575 4431 ἥκιστα
589 4344 624 4409 δὲ
638 4343 735 4431 ἡνίκα
748 4344 766 4409 δ
779 4343 892 4430 Σεμεεὶ
907 4343 1002 4409 οὐδὲν·
1015 4344 1051 4429 η·
1096 4361 1229 4424 semper
1241 4345 1339 4424 quasi
1353 4362 1450 4407 muro
1463 4363 1538 4408 eom
1553 4347 1696 4426 munivi,
1708 4363 1846 4428 praeeer-

304 4449 471 4535 δικημένος
494 4447 649 4534 άντέστη·
671 4448 767 4515 αὐτόν
781 4449 842 4535 γάρ
865 4447 1051 4534 ἁμαρτωλὸν
1096 4449 1158 4512 tim
1180 4467 1260 4512 vero
1276 4449 1410 4529 quondo
1434 4451 1553 4528 semei,
1571 4451 1666 4513 nullo
1681 4467 1717 4513 re
1731 4451 1843 4529 laesus,

304 4553 347 4632 ῶς
362 4553 471 4620 ἄδικον
486 4553 644 4640 ὀνομάζει.
658 4551 1052 4640 Τηνικαῶταγάρέκωφῶ-
1096 4554 1245 4633 obstitit3
1275 4555 1347 4635 ipse
1386 4555 1476 4618 enim
1506 4559 1715 4635 peccatorem
1745 4559 1845 4616 vocat

304 4659 362 4743 θην
381 4660 435 4723 καὶ
458 4656 669 4742 ἐταπεινώθην
689 4659 746 4723 καί
767 4656 903 4744 ἐσίγησα
925 4657 959 4736 ἐξ
974 4657 1051 4742 ἀγα
1096 4658 1269 4738 injustum.
1285 4659 1420 4722 Etenim
1439 4663 1521 4722 tunc
1535 4656 1791 4740 sordetrficbom,
1810 4661 1843 4721 et

303 4763 375 4847 θῶν,
398 4763 468 4828 ἀντὶ
489 4763 599 4829 τούτου
620 4761 762 4828 ἐντεῦθεν
784 4761 895 4847 κέρδος
917 4761 1052 4848 προσμί-
1095 4761 1298 4840 humiliato,
1314 4767 1348 4826 et
1356 4762 1580 4842 siloiobouio,
1591 4779 1652 4844 pro
1660 4779 1699 4824 eo
1707 4763 1842 4825 lucrum

303 4888 375 4949 νων,
391 4869 444 4932 καί
459 4868 495 4932 τὸ
510 4867 643 4954 άλγημά
659 4888 718 4954 μου
731 4865 942 4950 άνεκοιινίσθη,
959 4865 1011 4931 ὑπ’
1022 4868 1052 4931 ἐ·
1096 4865 1174 4928 inde
1197 4871 1388 4946 expectabo,
1404 4883 1441 4932 oo
1463 4864 1553 4930 dolor
1566 4881 1656 4930 morto
1669 4870 1842 4930 ναιοοαίαν

339 5105 388 5159 Ps.
411 5122 544 5174 xxxrur,
566 5124 594 5162 v.
618 5107 672 5160 1-3.
690 5104 785 5161 Vetic.
797 5103 979 5160 Perficiendo
994 5101 1053 5160 edi-
1097 5099 1169 5155 tiam
1190 5101 1223 5156 in
1235 5101 1292 5156 fine
1315 5099 1459 5158 editorum
1471 5099 1562 5156 addes
1583 5117 1649 5156 oum
1660 5103 1762 5155 nostro
1780 5098 1844 5155 cort

304 5197 402 5247 torum
424 5191 566 5266 prooemio
594 5197 695 5248 nostro
720 5191 886 5248 necessario
910 5195 1002 5248 erent.
1015 5191 1053 5244 E·
1097 5185 1844 5259 raonrpogteuovitpr.ct11.Reg.xvl‚5s0qq,
