3966 6104
298 390 362 454 608
838 391 1024 458 SANCTUS
1047 385 1294 458 METHODIUS

296 531 356 617 ζης
379 531 448 599 Ποῦ
463 531 498 598 δὲ
519 533 569 618 ής,
585 533 639 598 ὅτε
661 531 724 618 ἐγὼ
747 533 806 618 τήν
820 541 881 619 γῆν
903 533 1045 619 εἰργαζθ·
1087 535 1213 600 audes?
1241 535 1503 618 detonseris,
1526 539 1662 620 quando
1685 560 1749 624 ego
1775 549 1848 610 ter·

296 658 376 722 μην;
400 635 455 716 Τίς
468 637 508 722 ης
525 637 612 721 τότε;
628 637 703 724 ήδη,
720 639 827 722 φησίν,
843 636 1042 715 ἐπεπτώκεις.
1087 659 1158 704 ram
1189 641 1419 706 fabricabami
1449 643 1526 724 quia
1553 648 1636 708 tuno
1667 664 1741 712 eras
1777 653 1846 713 tu?

294 741 360 806 Καὶ
374 743 436 829 γὰρ
452 743 486 807 ἐν
500 751 540 827 τῇ
556 741 643 827 ἀρχῇ
658 751 716 828 τής
737 745 954 828 κασμοπσιίας,
970 743 1044 808 σκθ-
1085 746 1174 824 Jam,
1192 745 1314 824 inquit,
1331 744 1509 809 cecideras.
1527 749 1680 829 Namque
1694 752 1731 814 iu
1746 755 1845 834 prin·

294 865 347 923 τσς
360 845 412 930 ήν,
429 847 534 932 φησὶν,
557 845 664 910 ἐπάνω
678 855 736 930 τής
751 845 898 912 ἀθθσσοο.
923 846 1043 924 Σκότος
1085 848 1174 929 oipio
1197 848 1389 926 creationis,
1408 848 1557 912 tenebra
1572 857 1670 915 eraut
1684 871 1788 936 super
1803 874 1843 919 a·

295 957 397 1032 τοῠτο,
421 950 459 1014 od
481 947 606 1014 κτισθὲν
628 947 751 1029 σκότος,
768 949 852 1014 ἀλλὰ
869 969 1044 1035 προαιρετι-
1085 951 1236 1034 byssum,
1248 968 1316 1015 nou
1340 951 1487 1016 tenebrae
1512 955 1579 1016 illae
1595 973 1671 1037 quae
1686 975 1729 1020 ex
1743 977 1843 1023 erea-

293 1061 358 1129 κῶς
373 1051 549 1139 ἀρξάμενον
570 1053 649 1118 εἶναι
671 1052 785 1132 σκότος
807 1063 846 1138 τῇ
870 1063 925 1119 τοῦ
941 1057 1044 1139 φωτὸς
1085 1057 1177 1118 tione
1191 1062 1283 1136 aunt,
1301 1057 1360 1120 sed
1376 1073 1416 1120 aa
1431 1058 1544 1148 caligo
1556 1077 1631 1140 quae
1646 1062 1840 1128 voluntatis

296 1155 452 1243 στερήσει.
1085 1161 1170 1223 vitio
1186 1161 1322 1242 incepit,
1340 1163 1427 1226 lueis
1442 1163 1641 1243 privatione.

339 1283 371 1327 v.
388 1265 419 1328 5.
436 1259 490 1340 Τίς
506 1261 593 1327 ἔθετο
609 1263 651 1327 τὰ
666 1261 765 1349 μέτρα
780 1263 896 1348 αθτής;
1128 1283 1159 1326 ν.
1176 1266 1207 1326 5.
1226 1264 1427 1345 Quirpoaoit
1440 1268 1723 1349 mortuoram?

338 1365 502 1432 Μεθσδίου.
525 1365 607 1454 Οὐχὶ
621 1370 657 1432 τὸ
681 1366 803 1454 μέτρον,
820 1367 906 1433 ἀλλὰ
926 1368 968 1433 τὰ
990 1366 1043 1453 μέ-
1127 1369 1200 1431 Non
1223 1368 1331 1431 dixit:
1355 1385 1549 1450 musarum,
1568 1370 1627 1435 aad
1649 1373 1843 1454 pluraliter,

295 1491 364 1555 τρα,
379 1471 431 1537 ἵνα
446 1472 503 1549 τὰς
525 1470 676 1557 διαφορὰς
691 1480 749 1556 της
770 1481 831 1558 γης
850 1470 1041 1557 παραστήσῃ
1085 1475 1124 1534 ut
1148 1471 1346 1536 discrimina
1373 1478 1575 1554 proponeret
1600 1481 1725 1540 terram
1749 1477 1844 1540 inter

294 1584 352 1661 της
366 1574 439 1640 τόδε
452 1597 483 1640 τι
496 1579 595 1662 τυχὸν
617 1575 775 1661 φερούσης
793 1577 849 1640 καὶ
863 1583 920 1659 τῆς
936 1574 1042 1659 ἐτερόν
1084 1574 1178 1637 illam
1201 1593 1277 1656 quae
1295 1575 1429 1640 obviam
1452 1594 1488 1640 se
1510 1578 1578 1658 dat,
1594 1583 1629 1642 et
1647 1580 1749 1644 aliam
1773 1585 1843 1644 ter·

294 1701 332 1763 τι,
348 1682 404 1746 καί
419 1679 521 1765 ἄλλης
536 1679 626 1746 ἄλλο.
1083 1696 1156 1742 ram
1171 1697 1247 1761 quae
1258 1680 1392 1744 diversa
1403 1699 1440 1746 se
1454 1681 1588 1763 habeat,
1600 1689 1634 1747 et
1646 1685 1749 1748 aliam
1761 1703 1843 1767 qnae

244 1789 245 1792 ’
1083 1783 1192 1847 aliter.

338 1909 369 1954 v:
387 1891 416 1954 θ.
433 1886 488 1967 Τίς
503 1887 780 1974 δέἐστινὸβαλὼν
794 1887 880 1955 λίθον
894 1898 1042 1976 γωνιαῖον
1125 1905 1157 1949 ν.
1175 1887 1205 1950 6.
1219 1886 1265 1953 At
1277 1889 1353 1972 quia
1366 1894 1417 1956 est
1430 1891 1488 1973 qui
1501 1891 1594 1958 misit
1615 1885 1755 1976 lapidem
1776 1907 1838 1958 aar

294 1992 343 2059 ἐπ’
356 1993 472 2078 utriq
1078 1991 1228 2074 putorem
1241 1999 1447 2074 supereum?

336 2096 499 2163 Μεθοδίου.
523 2094 631 2183 Μέχρι
652 2096 765 2162 τούτου
783 2095 882 2162 ἐλθὼν
897 2096 915 2161 ὁ
938 2096 1039 2183 μακά·
1126 2097 1200 2159 Ηωο
1216 2114 1325 2178 usque
1340 2115 1541 2178 progressus
1564 2100 1627 2164 iste
1643 2099 1762 2164 beatus
1778 2118 1840 2180 pa·

295 2223 361 2287 ριος
376 2203 493 2288 πατὴρ,
516 2203 607 2279 οθτος
621 2199 876 2266 καίκαταπαθει
895 2210 951 2266 τοῦ
967 2201 1041 2266 ὑπο-
1081 2205 1144 2279 ter,
1171 2199 1273 2263 finem
1297 2203 1441 2283 imponit
1464 2205 1716 2285 commentaria,
1740 2204 1841 2267 velut

295 2305 466 2393 μνήματος,
479 2306 560 2371 ὥστε
574 2316 651 2392 γοῦν
666 2307 768 2391 εθρεῐν
781 2305 868 2373 λίθον
883 2315 1039 2392 γωνιαῖον.
1081 2319 1190 2384 usque
1208 2304 1291 2368 dum
1306 2305 1475 2368 invenerit
1495 2306 1643 2388 lapidem
1658 2309 1758 2372 illurn
1775 2326 1838 2372 an·

294 2411 398 2478 Τοῦτο
412 2410 543 2477 δύναται
558 2413 615 2476 καί
636 2411 680 2489 είς
696 2412 749 2476 τὸν
767 2409 931 2500 Μονογενή
947 2413 968 2498 il
982 2421 1040 2477 τοῦ
1081 2410 1248 2488 gularem.
1272 2410 1370 2473 Valet
1388 2410 1451 2473 hoo
1467 2411 1570 2474 etiam
1586 2410 1704 2474 referri
1724 2412 1760 2474 in
1784 2412 1841 2474 Fi-

296 2511 382 2580 Θεοῠ
403 2513 485 2597 rus,
508 2512 550 2579 δι’
565 2512 651 2600 ἡμᾶς
669 2513 873 2600 σαρκωθέντα
889 2515 1038 2598 νοεῖσθαι,
1080 2514 1167 2577 lium
1189 2513 1251 2578 Dei
1273 2513 1503 2595 unigenitum,
1520 2519 1656 2596 propter
1678 2532 1739 2579 noa
1762 2533 1836 2580 ear-

292 2621 378 2686 κατθι
391 2621 428 2684 τὸ
442 2621 477 2686 ἐν
490 2619 646 2706 ψαλμοῖς·
668 2617 764 2686 Λίθον
785 2621 821 2685 dv
843 2619 1039 2707 ἀποδοκίμα-
1081 2635 1160 2681 nem
1183 2617 1310 2681 laetum
1329 2618 1432 2700 Juxta
1454 2620 1615 2701 psalmos:
1641 2620 1835 2702 «Lapidem

293 2746 353 2791 σαν
366 2723 397 2789 σί
418 2723 667 2810 οἰκοδομοῦντες,
685 2722 714 2788 σί
736 2733 798 2790 τῶν
814 2721 975 2789 Ἰουδαίων
997 2725 1040 2790 δι·
1082 2739 1183 2802 quem
1199 2723 1465 2804 reprobaverunt
1486 2723 1702 2806 edificantes,
1726 2727 1840 2804 magi-

293 2826 458 2910 δάσκαλοι,
473 2829 564 2906 οὖτος
579 2827 733 2915 ἐγεννήθη
755 2829 799 2906 εἰς
821 2827 967 2914 κεφαλήν
980 2849 1041 2915 γω-
1081 2826 1144 2889 atri
1158 2827 1179 2889 J
1183 2826 1365 2908 udaeorum,
1389 2828 1461 2909 ipse
1476 2828 1586 2894 iaetus
1606 2834 1658 2893 est
1679 2829 1714 2892 in
1732 2835 1840 2912 eaput

282 2929 370 3009 νίας.
382 2929 593 3016 Εθδοκίᾳγθιρ
603 2941 659 2996 τοῦ
671 2930 796 3016 Πατρθς
808 2929 907 2996 ἐλθὼν
919 2931 969 2996 ἐπὶ
980 2941 1040 3017 γης
1082 2931 1245 3007 anguli.»
1270 2931 1509 2996 Benedictioue
1533 2933 1623 2996 euim
1646 2935 1756 2997 Patris
1780 2950 1839 2997 ve·

293 3043 431 3120 συνήρεν
444 3035 479 3100 ἐν
493 3034 594 3121 ἐαυτῷ
608 3038 683 3113 τοὺς
697 3034 753 3100 δύο
764 3034 872 3117 λαοὺς,
887 3043 948 3100 τῶν
962 3035 1040 3102 'loo
1082 3035 1180 3098 niens
1193 3033 1227 3096 in
1240 3039 1375 3114 terram,
1387 3034 1567 3115 conjunxit
1582 3038 1619 3100 in
1630 3055 1666 3102 se
1679 3037 1764 3104 duos
1779 3057 1839 3120 po-

294 3138 390 3204 δοιίων
404 3141 504 3204 τεκαὶ
515 3137 622 3220 ἐθνῶν,
638 3139 743 3223 ὥσπερ
760 3137 869 3224 ἀμέλει
880 3141 935 3204 καὶ
951 3138 1041 3225 θγω-
1082 3137 1189 3217 pulos,
1205 3137 1225 3200 J
1230 3136 1402 3202 udaeorum
1418 3142 1453 3200 et
1467 3141 1634 3220 gentium,
1649 3143 1740 3206 siout
1755 3147 1837 3223 apte

293 3251 391 3321 νιαῖος
402 3239 486 3320 λίθος
497 3239 696 3328 ἀμφοτέρους
708 3240 1039 3328 συνδεῖτοθςτοίχους.
1083 3241 1242 3318 angulari
1263 3241 1374 3322 lapide
1389 3241 1456 3305 duo
1474 3245 1563 3308 mur-i
1579 3245 1788 3310 vinciuntur.

337 3367 369 3412 v.
385 3350 415 3412 7.
438 3345 591 3411 Ἠινεσάν
607 3365 645 3430 με
668 3354 756 3431 φωνή
781 3344 904 3431 μεγάλη
924 3346 1041 3425 πάντες
1126 3363 1158 3406 ν.
1174 3343 1205 3407 7.
1218 3344 1716 3432 amputationemque
1729 3368 1839 3418 omma

294 3447 425 3535 ἄγγελοί
439 3471 507 3536 μου.
1082 3447 1281 3532 αιιροῖίικεθ.

336 3553 501 3620 Μεθοδίου.
516 3553 614 3640 Φωνὴ
638 3553 672 3618 δέ
688 3553 824 3640 μεγάλη,
840 3553 861 3639 ή
888 3555 1041 3642 μεγαλεῖα
1127 3557 1199 3617 Vox
1215 3571 1342 3633 magna
1358 3555 1484 3619 illaesi
1499 3571 1575 3636 quae
1598 3559 1775 3636 magnalia
1789 3559 1838 3622 lo-

292 3656 503 3744 φθεγγομένη,
515 3657 556 3735 ὡς
572 3659 607 3721 τὸ
624 3656 851 3724 ἀπσστολικόν·
866 3658 970 3724 Ἰδετε
981 3681 1042 3744 τεη-
1083 3660 1209 3738 quitur,
1238 3663 1276 3721 ut
1303 3659 1389 3722 illud
1416 3661 1656 3740 apostolieum:
1682 3661 1837 3726 «Videte

291 3763 391 3840 λικοῐς
406 3763 477 3850 ὑμῖν
491 3762 655 3849 γράμμασι
670 3764 807 3848 ἔγραψα,
822 3765 889 3843 ταῖς
899 3767 941 3830 τὰ
955 3765 1040 3851 τηλι-
1082 3761 1240 3843 qualibus
1257 3763 1382 3826 litteris
1395 3763 1491 3827 vobis
1506 3766 1711 3846 scripserim,
1724 3787 1742 3826 ν
1761 3769 1834 3830 tam

292 3879 397 3934 καῦτα
411 3867 557 3952 δηλονότι
571 3865 786 3954 σημαίνουσιν.
1083 3883 1209 3945 magua
1225 3884 1345 3949 nempe
1360 3867 1650 3946 significantibus.

337 3994 368 4038 v.
387 3975 438 4037 1o.
460 3971 576 4049 Ἦλθες
598 3973 633 4037 δὲ
656 3972 709 4037 ἐπὶ
730 3974 838 4059 πηγὴν
860 3972 1040 4057 θαλάσσης,
1125 3987 1157 4031 v.
1177 3972 1226 4034 16.
1239 3971 1408 4053 Numquid
1417 3973 1513 4037 inisti
1523 3973 1567 4038 od
1566 3972 1696 4055 sontem
1706 3976 1838 4042 morio?

293 4077 328 4144 ἐν
342 4077 377 4140 δὲ
390 4077 510 4161 ίχνεσιν
526 4071 669 4149 ἀθῦσσου,
681 4077 931 4162 περιεπάτησαςς
1082 4078 1141 4138 out
1154 4075 1192 4138 ia
1206 4077 1355 4159 neatipiis
1366 4076 1477 4158 αθμοεθ
1490 4078 1691 4144 ανιθιιίαείίθ

339 4178 621 4246 metuebantur
643 4181 695 4246 ἐπὶ
717 4182 775 4266 τήν
797 4180 966 4247 θάλασσαν
988 4183 1041 4248 τὸν
1128 4182 1256 4243 Rursus
1270 4181 1311 4244 ad
1329 4183 1476 4262 pelagus
1493 4200 1683 4247 sermonem
1698 4201 1840 4262 couver-

294 4284 390 4370 λόγον
407 4283 598 4370 μετήγαγεν,
613 4284 673 4370 οὐχ
688 4282 731 4361 ὡς
754 4283 806 4348 ἐπὶ
819 4293 881 4369 γήν
904 4293 960 4369 της
981 4284 1042 4349 θοι-
1083 4285 1137 4366 tit,
1154 4301 1221 4347 uon
1237 4285 1334 4365 quasi
1350 4303 1452 4367 super
1466 4291 1592 4350 terram
1611 4305 1704 4350 mare
1719 4294 1838 4371 staret,
1968 4317 1969 4358 1

293 4389 417 4473 λάσοης
438 4387 586 4473 ἐχούσης,
610 4386 682 4452 ἀλλ’
693 4386 735 4464 ὡς
755 4390 798 4474 μή
821 4387 1040 4474 ἐκλειπούσης,
1083 4388 1142 4452 aed
1157 4389 1264 4452 veluti
1280 4390 1523 4456 inexhaustum
1547 4391 1593 4455 sit
1606 4396 1771 4473 tauquam
1795 4411 1839 4458 ex
1968 4405 1969 4450 ι

292 4491 438 4578 καθάπερ
460 4493 569 4580 πηγὴν
591 4490 738 4577 ἐχούσης.
765 4529 802 4538 -
827 4490 883 4570 Εἰς
906 4491 1042 4558 ἄθυσσον
1083 4492 1175 4556 fonte
1196 4493 1348 4574 perenni.
1367 4529 1405 4540 ·-
1430 4495 1528 4558 Multi
1545 4497 1581 4558 in
1604 4496 1765 4579 abyssum
1781 4498 1838 4562 de·

294 4596 407 4662 τολλοί
428 4593 703 4680 καταθεθήκασιν·
727 4593 967 4683 καταβεθήκασι
994 4597 1041 4678 δὲ,
1084 4595 1836 4680 scenderunt.Descenderuntautem,utiviu·

326 4793 354 4832 v.
373 4773 507 4849 dilatio.
525 4773 616 4830 iidem
633 4778 665 4830 at
681 4774 847 4848 Moaquana.
867 4775 917 4848 qui
934 4777 1041 4848 glossae
1084 4773 1192 4831 oues.
1211 4791 1301 4845 oxum,
1322 4777 1534 4846 22.Is.11„a.
1557 4775 1673 4834 Nomen
1690 4777 1839 4836 Methodii
1968 4793 1969 4834 Τ

291 4862 386 4918 instar
397 4861 489 4917 addit.
501 4864 534 4916 τό
546 4865 652 4930 μίτραν,
660 4863 744 4930 ήγοον
753 4866 800 4918 τὸν
807 4866 919 4930 κανόνα,
928 4867 960 4917 τὸ
969 4870 1041 4933 opot-
1084 4861 1137 4918 vix
1148 4861 1238 4934 hujus
1250 4862 1308 4918 loni
1319 4862 1400 4918 tollit
1412 4861 1578 4934 caliginem.

291 4966 355 5004 νιον.
368 4947 475 5004 Noster
486 4947 558 5007 alibi
573 4945 693 5004 videtur
710 4947 866 5004 admittere
878 4949 1042 5007 creationes
1118 4965 1145 5001 r.
1158 4949 1183 5003 7.
1196 4947 1291 5006 Vatia.
1305 4949 1373 5020 749.
1384 4947 1428 5004 ef.
1440 4949 1521 5005 Jahn
1533 4949 1552 5004 1.
1565 4947 1586 5005 1.
1600 4949 1666 5006 osi.
1680 4967 1719 5020 vr,
1734 4953 1775 5006 11.

293 5051 396 5090 novae.
1121 5055 1146 5093 ν.
1169 5038 1211 5094 16.
1234 5037 1328 5096 Vatio.
1347 5037 1408 5106 338,
1426 5037 1487 5107 697,
1506 5037 1567 5109 749,
1587 5037 1647 5094 ito.
1666 5038 1840 5109 Moequana.
1968 5033 1969 5056 ¹

330 5137 355 5173 r.
367 5122 392 5175 6.
406 5119 512 5190 Regin.
524 5121 556 5177 in
569 5138 626 5194 qno
639 5124 670 5176 τὸ
683 5123 830 5191 ὑπόμνημα,
849 5120 1042 5192 Mosquaneia.
1086 5123 1226 5192 Quaedam
1244 5121 1334 5179 habat
1351 5122 1432 5179 Jahn
1449 5139 1477 5193 p.
1488 5123 1556 5188 ils.
