4020 6098
799 451 843 514 IN
866 449 1051 512 PSALMOS
1647 455 1710 518 229

209 585 294 669 Ἕως
309 589 348 656 ἂν
365 587 415 676 tri
433 592 504 667 τοὺς
523 588 653 676 ἐχθρούς
672 610 728 654 σου
746 588 914 654 ὑποπόδιον
1004 591 1109 654 Doacc
1124 603 1244 669 porcam
1265 589 1414 656 inimicos
1440 597 1512 657 tace
1537 593 1710 658 scabellum

167 705 228 761 τῶν
242 696 347 760 ποδῶν
362 715 430 761 σου·
445 695 558 781 ἐχθρὸς
573 691 782 778 διαφερόντως
793 691 851 778 μίν
865 692 915 757 tc·
953 689 1073 772 pedam
1088 696 1226 756 ίτωινιω.
1251 694 1414 758 Inimicus
1434 713 1494 776 per
1516 705 1712 760 autonoma-

166 794 241 866 τινό
255 798 400 878 δτάὸολος
414 801 470 864 καί
485 799 514 862 οἱ
529 798 640 864 τούτου
655 797 794 863 διάκονοι
808 794 914 882 δαίμο-
959 798 1012 860 sin
1036 797 1198 860 Diabolus
1222 801 1282 877 est,
1306 796 1451 879 ejusque
1473 800 1622 863 ministri
1644 800 1713 862 dae-

167 924 229 988 νες,
242 906 319 989 πρὸς
334 904 369 968 δὲ
383 904 504 981 τούτοις
519 905 572 967 καί
588 902 617 966 οί
631 911 696 979 τοῖς
710 900 808 978 θείοις
821 902 917 966 αὐτοῦ
960 919 1092 981 mones;
1107 905 1184 983 post
1198 901 1259 965 hos
1274 907 1389 965 autem
1406 903 1457 965 illi
1473 905 1576 966 etiam
1589 905 1649 984 qui
1662 904 1710 968 di-

164 1007 363 1094 ττηριίγμασιν
402 1004 656 1087 ἀντιπίπτοντες,
686 1003 833 1069 Ἰουδαῖοι
863 1005 918 1069 καί
960 1005 1050 1068 vinis
1069 1003 1143 1084 ejus
1158 1007 1335 1086 praeconiis
1351 1005 1529 1086 obsistunt,
1546 1007 1656 1071 Judaei
1678 1014 1712 1070 et

168 1105 335 1196 Ἕλληνες.
351 1110 396 1179 Τὸ
412 1111 446 1175 δὲ
457 1111 516 1188 ἕως
529 1111 566 1173 οὐ
586 1107 700 1194 χρόνον
716 1107 917 1192 σημαντικὸν,
963 1110 1081 1173 Graeci.
1105 1111 1175 1172 Hoc
1197 1126 1278 1172 vero
1300 1108 1499 1189 adjunctum
1525 1111 1620 1175 ιίοιτοτ
1643 1130 1710 1175 non

167 1215 239 1280 ἀλλ’
263 1214 375 1300 ἰδίωμα
392 1222 449 1302 τῆς
466 1221 593 1298 γραφῆς
624 1211 675 1277 ἐπί
687 1220 743 1276 τοῦ
758 1207 918 1275 ἀδιαλείπ-
961 1215 1012 1276 est
1030 1213 1190 1294 temporis
1209 1212 1384 1294 indicium,
1400 1215 1459 1279 sed
1482 1218 1642 1281 solemnia
1661 1219 1711 1282 di-

165 1341 226 1398 τως
249 1319 299 1385 ἀεί
312 1317 459 1386 τίθεσθαι.
960 1316 1027 1379 ctio
1043 1316 1234 1396 Scriptura,
1251 1320 1291 1379 ut
1304 1334 1415 1380 aevum
1431 1325 1633 1400 perpetuum
1647 1325 1714 1385 sta-

960 1422 1050 1481 tuat.
1488 1472 1492 1479 ,

209 1550 242 1594 ν.
260 1531 290 1594 7.
312 1526 372 1594 Ἐκ
394 1525 566 1613 χειμάρῥοο
586 1525 620 1590 ἐν
642 1523 705 1610 ὁδῷ
727 1521 839 1604 πίεται,
862 1522 915 1589 διὰ
1002 1541 1034 1586 ν.
1051 1524 1081 1586 7.
1096 1525 1144 1587 Dc
1159 1527 1299 1589 torrente
1313 1526 1351 1589 ia
1364 1526 1420 1590 aia
1435 1525 1524 1608 bibet,
1535 1534 1710 1611 propterca

166 1641 260 1698 τοῦτο
276 1630 394 1716 ὑψώσει
410 1629 564 1715 κεφαλήν.
961 1626 1119 1692 crcllalit
1132 1633 1237 1710 caput.

208 1732 364 1819 Ζητήσεις
379 1736 433 1798 τὸν
448 1734 486 1798 ἐκ
501 1731 674 1820 χειμάρῥου
690 1730 724 1796 ἐν
739 1731 802 1816 ὁδῷ
813 1729 915 1796 πίνον·
1005 1731 1161 1810 Inquires
1174 1732 1257 1813 quid
1269 1733 1323 1812 sit,
1336 1734 1518 1799 Dominam
1531 1737 1571 1801 de
1582 1743 1711 1806 torren-

160 1861 202 1904 τα
216 1838 343 1924 Κύριον,
367 1839 422 1903 καί
437 1837 490 1903 διὰ
504 1839 540 1902 τὸ
562 1835 660 1902 πίνειν
684 1835 723 1901 ἐκ
743 1835 916 1921 χειμάρῥου
961 1840 994 1898 te
1009 1835 1134 1915 bibere,
1151 1841 1261 1900 eccur
1280 1855 1320 1901 eo
1335 1839 1424 1919 quod
1446 1840 1571 1904 biberit
1586 1861 1628 1906 ex
1644 1849 1711 1908 tor·

161 1943 197 2010 ἐν
212 1943 275 2028 ὁδῷ
290 1942 431 2028 ὑψοῠντα
442 1944 501 2028 τὴν
513 1939 670 2027 κεφαλὴν,
684 1940 780 2026 οἶμαι,
793 1937 916 2006 ἐκείνου
961 1944 1056 2003 rente
1073 1941 1109 2003 in
1124 1941 1191 2021 via,
1209 1943 1335 2006 exaltet
1349 1949 1451 2026 caput
1465 1964 1577 2026 suum,
1594 1966 1636 2011 ex
1658 1967 1708 2032 eo,

164 2046 221 2132 ἀφ’
232 2049 269 2111 οὑ
285 2045 324 2111 ἐκ
338 2045 510 2133 χειμάροον
525 2045 622 2122 ὅντως
638 2042 729 2110 πίνει.
746 2084 788 2094 -
804 2043 843 2110 Εἰ
865 2043 917 2110 διὰ
961 2045 1089 2124 opinor,
1113 2044 1205 2125 quod
1228 2063 1264 2108 re
1287 2063 1368 2109 vera
1384 2049 1425 2112 de
1448 2053 1596 2115 torrente
1612 2053 1708 2118 bibit.

162 2160 256 2216 τοῦτο
278 2149 397 2236 ὑψώσει
417 2152 477 2235 τὴν
498 2147 643 2234 κεφαλὴν
666 2149 797 2213 corato
817 2148 914 2234 Χρισ-
965 2183 1003 2194 -
1036 2148 1071 2209 Si
1099 2151 1278 2229 propterea
1304 2155 1407 2232 caput
1428 2171 1530 2216 sunm
1553 2157 1707 2222 Christus

162 2258 226 2336 τὸς,
241 2255 351 2340 ἐπειδὴ
368 2255 406 2318 ἐκ
420 2263 475 2318 τοῦ
490 2251 665 2339 χειμίτρῥου
677 2261 733 2316 τοῦ
749 2253 783 2318 ἐν
797 2261 837 2338 τῇ
853 2252 916 2337 ὁδῷ
963 2253 1174 2332 exaltaverit,
1191 2252 1281 2334 quod
1302 2254 1428 2319 biberit
1450 2274 1574 2340 aquam
1599 2261 1633 2323 in
1654 2264 1711 2326 via

163 2362 250 2424 ἔπιεν
264 2359 356 2444 ὕδωρ,
373 2358 459 2444 τάχα
475 2357 492 2422 ὁ
507 2356 677 2443 χείμαρῥος
689 2360 743 2422 τὸν
755 2357 789 2422 ἐν
801 2365 844 2442 τῷ
857 2354 915 2443 βίῳ
964 2373 1006 2420 ex
1028 2361 1186 2435 torrente,
1210 2355 1351 2422 fortasse
1377 2363 1508 2425 torrens
1537 2363 1714 2441 significat

38 2494 41 2500 Δ
164 2465 266 2548 τούτῳ
280 2463 422 2529 θάνατον
438 2464 533 2528 αὐτοῦ
549 2460 703 2549 σημαίνει,
721 2461 756 2526 ὃν
771 2463 805 2527 ἐν
821 2463 913 2547 εὐαγ-
961 2464 1103 2523 mortem
1122 2478 1219 2524 suam
1231 2461 1267 2523 in
1279 2462 1342 2525 hac
1353 2463 1434 2543 vita,
1450 2481 1553 2545 quarn
1565 2468 1601 2530 in
1614 2485 1713 2532 evan-

166 2566 284 2654 γελίοις
295 2566 445 2652 ποτήριον
456 2566 615 2652 ὀνομάζει·
627 2565 744 2650 Πάτερ,
760 2563 871 2650 λέγων,
888 2565 916 2630 εἰ
963 2565 1065 2643 geliic
1088 2564 1228 2628 calicem
1252 2569 1478 2648 nuncupavit:
1504 2572 1643 2653 «Pater,
1660 2575 1710 2638 in-

168 2673 299 2738 δὺνατόν
314 2672 390 2755 ἐστι,
406 2669 588 2757 παρελθέτω
602 2672 639 2736 τὸ
650 2669 801 2756 ποτήριον
813 2679 914 2735 τοῦτο.
963 2669 1048 2750 quit,
1057 2668 1087 2732 si
1098 2668 1258 2750 possibile
1271 2674 1332 2750 est,
1344 2675 1495 2736 transeat
1510 2677 1599 2739 calix
1615 2678 1710 2742 iste.»

168 2774 235 2840 Kal
253 2775 366 2841 πάλιν·
387 2771 489 2840 Ὅταν
505 2774 628 2859 ὑψωθῶ,
644 2776 740 2859 φησίν
759 2774 776 2839 ὁ
792 2774 915 2860 Σωτὴρ,
963 2774 1011 2836 Ac
1026 2775 1199 2855 praterea:
1224 2775 1338 2836 «cum
1360 2775 1530 2840 exaltatus
1545 2776 1650 2859 luere,
1664 2780 1713 2843 in-

171 2879 307 2945 είλαύσω
323 2878 428 2945 πάντα
443 2883 519 2964 πρὸς
535 2877 679 2965 ἐμαυτόν.
964 2876 1040 2956 quit
1062 2876 1225 2955 Salvator,
1250 2877 1364 2939 omnia
1385 2878 1518 2942 traham
1536 2879 1578 2944 ai
1594 2900 1648 2946 me
1665 2885 1714 2965 ip-

963 2997 1050 3042 sum.
1066 2999 1083 3038 ν

202 3204 230 3245 v.
242 3189 268 3244 7.
278 3187 347 3245 Vnt.
359 3187 385 3242 4.
397 3187 467 3242 Luc.
480 3204 570 3257 xxm,
582 3187 626 3243 39.
641 3185 771 3258 Origoni,
783 3191 818 3242 at
830 3195 919 3258 snpra
963 3183 1096 3254 vidimea,
1108 3183 1134 3238 ia
1146 3203 1174 3243 ν.
1188 3185 1204 3240 7
1217 3184 1347 3242 decimus
1359 3193 1424 3242 erat
1436 3193 1534 3256 στίχος.

796 3383 964 3462 Ρεαίαιιιε
991 3381 1074 3458 ΟΧ.

212 3583 244 3628 v.
264 3566 292 3628 1.
307 3561 603 3649 Ἐξομολογήσομαί
617 3583 676 3644 σοι,
689 3561 796 3646 Κύριε,
813 3561 846 3626 ἐν
858 3559 916 3643 ὅλῃ
1008 3578 1039 3622 v.
1048 3562 1076 3622 1.
1089 3559 1262 3642 cnofitebor
1269 3561 1338 3640 ciri,
1349 3563 1495 3645 Domine,
1507 3567 1543 3629 ia
1551 3570 1612 3631 toto
1621 3568 1710 3634 corde

167 3667 283 3752 καρδίᾳ
299 3689 368 3753 μου,
385 3667 418 3731 ἐν
432 3666 529 3752 βουλῇ
545 3665 659 3732 εὺθὲων
671 3667 726 3730 καί
737 3674 916 3752 συναγωγῇ.
962 3680 1039 3742 αισα,
1051 3663 1404 3743 iacoaciliojastoacm
1418 3671 1449 3731 cl
1463 3672 1711 3753 coaqreaalioac.

212 3771 320 3858 Βουλὴ
336 3773 391 3836 καί
407 3774 575 3857 συναγωγὴ
592 3769 708 3836 είνθέων
723 3770 819 3855 γενεά
834 3769 917 3834 ἐστιν
1006 3768 1191 3831 Consilium
1218 3772 1252 3830 et
1272 3773 1496 3850 congregatio
1526 3771 1708 3855 justorum,

167 3874 291 3942 εὐθίων.
309 3875 403 3941 Είποι
418 3875 446 3938 δ’
457 3878 496 3940 ἄν
511 3896 575 3953 τις·
591 3874 651 3954 Δός
667 3895 719 3960 μοι
735 3873 851 3962 βουλὴν
866 3875 916 3938 εὐ·
961 3878 1130 3936 rectorum
1143 3875 1390 3950 estgeneratio.
1403 3876 1535 3940 Dixerit
1549 3876 1634 3942 forte
1647 3880 1707 3942 ali·

168 3979 257 4062 θέων,
282 3979 417 4045 ἑκάστου
440 3990 502 4045 τῶν
524 3979 558 4045 ἐν
580 3982 619 4064 τῇ
636 3979 734 4066 βουλῇ
758 3980 846 4058 ὄντος
869 3981 917 4044 eo
961 3978 1047 4059 quis:
1059 3976 1145 4040 Cedo
1157 3976 1241 4039 mihi
1253 3979 1436 4043 concilium
1448 3985 1617 4044 rectorum
1628 4001 1710 4064 quo-

167 4081 246 4169 θείᾳ,
263 4082 376 4169 ὁμοίως
386 4086 442 4148 καί
453 4084 650 4171 συναγωγὴν,
662 4087 716 4150 καί
727 4082 916 4171 ἐξομολογή-
961 4081 1709 4168 rumunusquisqueaitinconciliojustitiae,

164 4208 262 4273 σομαι
276 4187 311 4252 ἐν
333 4188 391 4271 ὅλῃ
416 4186 530 4272 καρδίᾳ
545 4189 660 4265 αὐτοῖς.
684 4186 795 4253 Ἔστιν
817 4189 915 4272 ἅγιος,
960 4203 999 4248 ac
1024 4185 1183 4248 similiter
1204 4190 1505 4266 congregationem
1524 4188 1710 4270 justorum,

164 4293 250 4358 ἔστιν
264 4291 370 4357 εὐθεῖα
391 4294 534 4377 γραμμὴ,
550 4293 618 4376 ἥτις
640 4290 673 4370 ἐξ
695 4293 765 4357 ίσου
788 4300 853 4368 τοῖς
867 4286 917 4377 ἐφ’
961 4296 995 4354 et
1009 4287 1193 4352 confitebor
1207 4290 1275 4353 illia
1291 4292 1327 4354 in
1344 4297 1413 4357 toto
1429 4293 1528 4356 corde
1543 4311 1627 4357 meo.
1640 4297 1707 4357 Ex-

165 4396 284 4481 ἐαυτῆς
300 4394 439 4482 σημείοις
462 4406 572 4461 κεῖται.
589 4393 659 4461 Οὐκ
680 4396 743 4482 ἐγὼ
759 4397 794 4461 δὲ
811 4395 913 4483 μόνος,
961 4391 1034 4454 istit
1047 4389 1195 4464 samius,
1212 4385 1327 4456 θίίὲίίῒ
1344 4399 1435 4457 recta
1451 4396 1551 4477 linea,
1567 4413 1653 4477 quae
1672 4399 1707 4460 in

165 4499 253 4566 ἀλλὰ
267 4502 321 4564 καί
338 4502 394 4564 σὺν
410 4499 479 4585 ἐμοὶ
494 4509 555 4564 τῶν
571 4497 734 4565 cocciaco
751 4498 914 4584 σύλλογος,
958 4492 1094 4572 punctis
1109 4509 1151 4554 ex
1166 4508 1264 4573 aequo
1278 4510 1381 4574 super
1400 4513 1474 4559 eam
1494 4500 1612 4579 positis
1629 4517 1709 4565 con·

165 4603 238 4669 κατ’
249 4603 370 4669 ἐκεῖνον
393 4603 508 4688 [εἶπον
532 4599 669 4688 Martia
692 4603 732 4666 τὰ
754 4603 834 4687 ἔργα
851 4599 915 4666 Κυ-
960 4597 1060 4660 sistit.
1083 4599 1198 4678 Neque
1221 4612 1286 4674 ego
1308 4598 1410 4679 solua,
1431 4603 1491 4667 sed
1514 4607 1547 4665 et
1572 4621 1706 4668 mecum

48 4755 54 4778 .
165 4705 257 4793 piacl,
269 4704 485 4792 ἐξεζητημένα
499 4705 658 4771 πάντατὰ
681 4702 852 4790 θελήματα
865 4705 919 4769 αὐ-
965 4707 1080 4766 coetus
1101 4703 1246 4783 piorum,
1262 4718 1321 4781 per
1343 4704 1499 4782 singulas
1514 4723 1612 4772 voces
1635 4706 1714 4792 [cla-

167 4821 235 4875 τοῦ.
966 4811 1051 4869 mat:
1067 4809 1188 4888 Marna
1202 4821 1298 4885 opera
1316 4808 1475 4892 Domiar]:
1498 4811 1714 4895 acquisitam

962 4928 1068 4981 amaea
1082 4909 1261 4974 calcatores
1284 4909 1363 4990 ejas.

203 5152 252 5210 Pe.
274 5171 322 5223 cx,
336 5172 363 5212 v.
378 5156 403 5211 1.
417 5155 476 5214 Vat
485 5155 514 5211 4.
527 5153 633 5212 Mutila
642 5157 712 5210 cunt
723 5152 850 5210 fortasse
861 5158 923 5211 tam
969 5146 1073 5206 ultima
1084 5139 1189 5200 scholii
1199 5139 1291 5199 verba
1302 5155 1391 5213 qaam
1402 5139 1508 5214 psalmi
1520 5141 1694 5200 νοτείιιιιΙιιι.Ι
