4006 6090
743 495 786 558 nv
809 496 1008 560 Pssauou
1031 481 1174 562 oxvlu.
1218 488 1220 494 ’
1655 503 1720 565 aco

186 629 315 716 δωρεὰν,
330 632 385 696 καὶ
400 630 460 696 ῦπό
482 640 543 698 των
556 629 659 717 λόγων
679 651 737 698 σου
759 631 932 700 έόειλέασεν
975 651 1026 700 mc
1036 637 1156 719 protis,
1173 641 1206 702 et
1218 653 1239 702 c
1252 637 1357 704 σενόιζν
1372 640 1439 705 taio
1451 639 1653 724 formidavit
1666 662 1720 711 cor

184 731 342 818 ἠκαρόέα
364 757 434 822 μου.
457 733 710 822 Ἀγαλλέασυμαι
733 735 796 822 έγθι
818 736 870 802 dol
890 738 933 804 τά
976 755 1104 819 νόστοιο,
1138 739 1284 808 amitob
1313 760 1368 827 epo
1392 761 1490 828 ευμεν
1518 746 1645 830 eloquio
1666 753 1724 814 θυι

185 838 279 924 λόγιά
293 861 361 922 σου,
377 839 419 918 ὡς
435 840 452 905 ό
468 836 619 925 εθρίσιιων
635 839 737 904 σοιῦλοι
751 838 864 906 πολλά.
974 843 1061 910 νάσοιό
1081 845 1139 927 qui
1159 846 1285 913 ιἰοοσιιίό
1305 849 1410 929 spolio
1431 849 1544 916 molto.

229 943 267 1010 ‘0
282 944 316 1010 ἐν
330 952 374 1030 τῷ
385 943 552 1010 διώκεσθαι
566 943 807 1028 ῦπόάργόντων,
820 943 933 1011 οὐδένα
1019 949 1108 1011 Dum
1142 951 1311 1032 principes
1350 969 1428 1016 eum
1463 957 1724 1035 persequuntur,

185 1048 242 1134 μέν
257 1049 359 1112 αῦτῦν
373 1045 575 1134 ρσῦσθμενος,
597 1047 717 1114 δειλιῦν
740 1047 775 1111 δὲ
796 1047 855 1112 ὑπό
870 1055 931 1114 νῦν
977 1048 1115 1136 [justus]
1131 1053 1252 1118 horum
1269 1056 1440 1121 neminem
1456 1056 1651 1136 formidans,
1666 1056 1726 1121 sed

185 1151 289 1237 λόγων
303 1161 359 1217 τοῦ
378 1151 471 1233 Θεοῦ,
488 1154 618 1237 ὕστερον
640 1151 866 1237 άγαλλιάσεται
880 1152 931 1217 dai
975 1155 1100 1219 timens
1114 1173 1136 1218 a
1160 1158 1273 1222 verbis
1288 1159 1360 1240 Dei,
1391 1160 1527 1226 tendam
1558 1161 1728 1225 exultabit

184 1257 227 1320 τά
242 1257 324 1321 αὐτά
334 1255 437 1341 λόγια,
449 1255 682 1342 ὡςόεθρέσκων
698 1257 801 1323 σκῦλα
815 1255 930 1322 πολλά.
975 1273 1077 1338 super
1099 1260 1159 1323 illa
1175 1262 1318 1342 eloquia,
1334 1264 1421 1330 σι’σιιό
1438 1265 1497 1347 qai
1511 1266 1640 1331 iaomit
1656 1282 1727 1346 apo·
1830 1283 1834 1292 “

185 1357 223 1426 ‘0
246 1360 309 1424 άπὸ
330 1369 393 1426 τῶν
418 1358 515 1427 έθνῦν
536 1359 613 1438 λαός
635 1359 807 1446 χαριέντως
829 1371 931 1427 ταῦτα
976 1359 1025 1424 lic
1045 1362 1159 1428 molto.
1177 1365 1340 1431 Gentium
1363 1370 1520 1450 populus,
1537 1369 1654 1434 eadem
1669 1373 1725 1435 lae-

185 1463 259 1549 ἐρεῐ,
289 1463 382 1531 οἱονεὶ
415 1464 590 1543 σκυλεύσας
612 1467 665 1530 τόν
694 1466 733 1532 la
761 1474 930 1552 περιτομῆς
975 1466 1146 1532 tabundus
1159 1467 1328 1552 effabitur,
1343 1490 1383 1536 ac
1398 1473 1427 1537 ei
1443 1475 1639 1555 spoliaverit
1654 1478 1722 1558 ple·

186 1569 275 1651 λαόν,
292 1571 344 1634 ότε
359 1568 455 1634 έλαόε
473 1572 513 1634 τὰ
528 1570 620 1655 λόγια
634 1579 690 1634 τοῦ
703 1569 796 1651 Θεοῦ,
812 1569 834 1635 θ
848 1577 931 1654 πρῦ-
975 1569 1052 1634 bem
1079 1573 1314 1639 circumcisam
1340 1576 1475 1657 quando
1507 1579 1635 1661 recepit
1656 1581 1722 1643 elo·

185 1694 234 1738 τοι
247 1673 395 1739 Ἰουδαῖοι
408 1671 867 1759 έπιστεύθησαν.Ἀληθηςκαῑ
881 1673 932 1738 σό-
976 1675 1059 1754 quia
1088 1675 1160 1756 Dei,
1192 1679 1340 1758 primum
1362 1679 1491 1746 Judoeis
1521 1682 1722 1747 concredita.

182 1797 236 1855 τος
251 1778 269 1842 ό
284 1776 388 1864 λόγος,
404 1778 421 1843 ό
436 1778 498 1863 γάρ
513 1777 640 1865 θερμῶς
654 1781 776 1863 περὶτὰ
789 1779 866 1844 θεῖα
880 1776 931 1842 λό
977 1779 1135 1844 Sineerus
1147 1786 1198 1844 est
1212 1799 1322 1848 sermo
1334 1782 1546 1864 hujusmodi:
1559 1788 1619 1868 qui
1631 1787 1722 1850 enim

182 1902 238 1968 για
250 1881 454 1968 διακείμενος,
469 1881 620 1949 τάναντία
636 1880 828 1968 μυσαττέθω.
975 1898 1089 1946 amore
1111 1883 1236 1963 flagrat
1265 1886 1459 1952 divinorum
1489 1890 1724 1972 eloquiorum,

976 1987 1146 2050 contraria
1161 1992 1293 2069 oportet
1307 1991 1384 2055 odio
1400 1991 1533 2056 habeat.

225 2090 279 2177 Τῷ
293 2087 474 2173 έδειλέασεν,
497 2089 566 2157 ἀντὶ
580 2099 635 2156 τοῦ
655 2089 815 2173 εῦλάόετσ,
831 2089 928 2177 έγρή-
947 2130 953 2140 1
1018 2091 1142 2154 Vocem
1145 2091 1347 2174 semitionii
1357 2113 1417 2177 pro
1427 2097 1553 2162 υσιθόειε
1563 2101 1611 2163 eat
1626 2115 1724 2162 usur·

181 2217 270 2263 σατο.
287 2233 329 2246 -—
343 2194 403 2261 Ἐκ
421 2202 483 2259 τῦν
504 2193 745 2281 προρερομένων
767 2193 929 2280 έγιιλημά-
975 2195 1079 2275 pavit.
1103 2197 1196 2260 Inter
1210 2197 1354 2262 crimina
1369 2217 1445 2281 quea
1460 2201 1496 2264 in
1515 2202 1725 2284 scripturam

181 2322 243 2366 των
256 2301 323 2366 ἐστὶ
337 2309 376 2386 τῇ
391 2308 498 2385 γραφη
515 2300 570 2364 καὶ
592 2301 628 2364 τό
644 2297 807 2385 εἰρημένον
822 2298 930 2365 ένταῦ
974 2298 1205 2380 intentantur,
1232 2302 1335 2366 etiam
1366 2321 1474 2368 unum
1508 2309 1560 2370 est
1593 2323 1726 2370 comma

182 2404 223 2470 θοι
238 2405 342 2490 ῥητόν,
362 2403 450 2488 παρά
463 2411 525 2469 τῦν
547 2404 591 2489 μὴ
608 2399 832 2488 ἐπισταμένων,
850 2399 929 2487 μήτε
973 2400 1232 2484 hieronicarum,
1245 2411 1394 2489 exparte
1406 2408 1544 2474 illorum
1558 2409 1618 2493 qni
1630 2411 1727 2489 igno

181 2508 258 2595 ποέηι
271 2508 435 2594 προφάσει,
452 2507 532 2597 μήτε
551 2505 627 2592 cole
641 2506 771 2592 δυνάμει
792 2506 928 2591 λελάλη-
973 2509 1053 2569 rant
1072 2507 1145 2572 sive
1168 2525 1330 2589 quorsum
1349 2516 1512 2594 spectent,
1526 2513 1599 2578 sive
1617 2530 1724 2595 quan-

182 2636 234 2679 ται
248 2615 288 2679 τά
302 2615 378 2698 άγια
391 2613 484 2699 λόγια
504 2620 565 2678 τῶν
579 2613 718 2698 γραφῶν.
735 2609 832 2697 Ὁρᾷς
852 2613 926 2698 γάρ,
974 2611 1048 2672 tum
1077 2611 1215 2676 valeant
1235 2617 1354 2678 sancta
1378 2616 1630 2696 scripturorum
1649 2633 1722 2680 ora·

183 2719 287 2801 ρασῑν,
302 2718 358 2782 τόν
372 2715 540 2802 προφήτην
564 2714 797 2782 ἀκολουθοῦντα
811 2723 855 2802 τῷ
869 2715 929 2781 πά-
974 2714 1062 2777 cula.
1082 2714 1169 2780 Ecce
1191 2717 1292 2798 enirn,
1312 2718 1421 2800 aiunt,
1443 2719 1641 2802 prophetam
1664 2721 1721 2784 ob·

183 2820 284 2906 θειτῷ
295 2818 930 2906 νακόστῳένάνθρόποις,όειλιόινάνειλη-
974 2819 1220 2897 temperantem
1247 2822 1402 2902 pessimae
1429 2822 1605 2888 bominum
1633 2823 1725 2888 infir-

182 2923 275 3010 ρέναι
297 2925 360 2990 άπό
382 2935 443 2991 τῦν
457 2924 570 3011 λόγων,
593 2927 635 2992 ὢν
656 2946 751 3010 φησιν
773 2925 852 2991 εἶναι
874 2931 929 2990 τοῦ
975 2921 1098 3002 mitati,
1117 2928 1156 2987 ut
1178 2941 1301 3005 pavore
1324 2928 1527 3009 corripiatur
1548 2945 1591 2992 ex
1609 2929 1721 2993 verbis

182 3027 274 3096 Θεοῦ.
289 3029 363 3108 Πῦς
386 3032 440 3096 οὖν
455 3029 721 3117 ἀπολογησόμεθα
742 3029 834 3116 ἡμεῖς
855 3031 927 3115 περὶ
974 3044 1051 3108 qun
1061 3028 1125 3091 Dei
1136 3045 1209 3092 esse
1221 3028 1355 3094 latetur.
1369 3031 1539 3106 Quomodo
1552 3049 1635 3112 ergo
1646 3033 1720 3096 vin·

181 3144 240 3221 της
254 3135 391 3202 ἐνταῦθα
412 3134 585 3222 λεγομένης
600 3136 766 3218 έπαινετης
792 3132 927 3217 δειλιᾱςγ
974 3131 1162 3196 dicabimus
1183 3149 1244 3196 nos
1259 3133 1302 3198 ab
1317 3135 1468 3214 allegata
1489 3137 1544 3201 bic
1559 3136 1723 3202 laudabili

183 3237 386 3308 Ἀπουστέον.
974 3234 1443 3318 formidineldudirejubeo.

226 3341 266 3410 Οἱ
288 3343 496 3436 έγκαλοῦντες
518 3352 628 3426 ταῦτα,
651 3337 808 3428 Ἕλληνές
830 3343 927 3408 εἰσιν·
1018 3340 1082 3416 Qui
1108 3341 1244 3405 crimini
1266 3359 1307 3405 ea
1328 3349 1476 3424 vertunt,
1499 3346 1607 3409 Graeci
1629 3349 1720 3410 sunt.

180 3447 220 3512 ἵν’
232 3447 344 3524 αὐτοὺς
359 3445 516 3534 πείσωμεν
531 3449 586 3512 καὶ
603 3449 676 3524 τοὺς
692 3445 852 3533 οἰομένους
867 3447 927 3512 ὑπό
972 3446 1049 3510 Jarn
1067 3449 1106 3508 ut
1119 3445 1323 3510 suadeamus
1339 3450 1374 3511 et
1389 3448 1479 3529 ipsos
1495 3455 1529 3513 et
1543 3467 1600 3515 eos
1615 3453 1721 3515 simul

178 3558 237 3635 της
250 3549 455 3635 πιθανότητος
469 3559 531 3616 τῦν
545 3549 648 3637 λόγων
660 3552 772 3633 αὐτῶν,
788 3551 926 3635 παράῦ
972 3549 1032 3629 qui
1052 3547 1220 3613 facundia
1236 3550 1358 3615 horum
1374 3569 1575 3617 sermonum
1590 3555 1726 3635 cedunt,

179 3663 245 3732 τοῖς
265 3663 431 3740 τοιγαροῦν
452 3658 591 3741 εῦρωμεν
609 3653 788 3738 παράδοξον
810 3651 922 3739 λόγον·
970 3650 1147 3733 apudillos
1163 3653 1377 3719 inveniamus
1393 3655 1456 3720 hoc
1472 3657 1651 3736 singulare
1671 3674 1724 3722 so·

180 3757 357 3844 Ἀσιιητέσν
372 3761 408 3824 τό
423 3757 583 3844 λοίδωρον,
605 3757 690 3824 άλλά
708 3758 780 3824 καθ’
793 3757 927 3824 ἑαυτοῦ·
970 3757 1118 3837 phisma=
1150 3757 1414 3822 «Exercendum
1437 3763 1490 3823 est
1511 3760 1721 3839 convicium,

180 3861 364 3948 παραδόξως
382 3861 543 3948 ἐχρήσατο
558 3864 627 3929 ἐκεῖ
646 3873 690 3949 τῷ
712 3863 798 3948 λόγῳ
813 3863 830 3928 ό
847 3863 926 3948 φάο·
971 3878 1090 3924 verum
1105 3866 1222 3925 contra
1243 3864 1463 3945 semetipsum
1476 3885 1506 3926 ν.
1530 3863 1718 3944 sophistico

180 3987 262 4034 κων·
275 3966 452 4052 Ἀσιιητέσν
463 3970 499 4032 τό
509 3967 668 4052 λοιδωρόν,
682 3965 765 4032 ἀλλὰ
776 3965 847 4033 καθ’
854 3965 925 4032 too·
970 3965 1073 4029 verbo
1088 3984 1171 4030 usus
1186 3972 1246 4046 est,
1269 3967 1327 4031 ille
1358 3969 1417 4049 qui
1440 3968 1544 4032 dicit:
1570 3967 1715 4032 «indul-

180 4081 246 4154 τοῦ,
261 4072 314 4137 tva
327 4073 371 4157 μὴ
387 4074 441 4137 τόν
456 4071 556 4149 πέλας
569 4070 778 4157 λοιδορῦμεν·
793 4069 864 4134 ἀλλ’
875 4067 926 4154 ἐφ’
970 4070 1122 4147 gendum
1149 4075 1200 4134 est
1229 4072 1401 4151 conviciis,
1423 4071 1482 4137 sed
1508 4076 1626 4137 contro
1654 4073 1717 4136 sei·

181 4178 227 4255 οῐς
244 4176 475 4264 ἁμαρτάνομεν,
488 4178 577 4243 αὐτοὶ
591 4175 713 4255 ἑαυτοῖς
724 4175 925 4260 λοιδορῦμεν.
970 4191 1107 4254 psum,»
1124 4179 1292 4239 notamen
1308 4177 1717 4258 proximusvituperetur,

180 4275 266 4366 Ὅρα
279 4289 345 4358 πῦς
359 4289 405 4368 τῷ
426 4281 511 4366 λόγῳ
525 4289 570 4367 τῷ
592 4281 698 4366 ψεκτῷ
714 4280 843 4364 (ψεκτὸν
864 4279 926 4364 γάρ
969 4278 1028 4342 sed
1043 4280 1174 4359 quoties
1190 4296 1379 4360 peccamus,
1395 4281 1460 4362 ipsi
1476 4299 1536 4346 nos
1552 4282 1719 4345 convicio-

180 4384 203 4470 ἡ
220 4383 380 4470 λοιδωρέα)
396 4387 466 4470 εόρε
482 4384 662 4471 χρησασθαι
673 4386 717 4463 εἰς
732 4381 804 4449 δέον
819 4382 836 4446 ό
851 4375 926 4448 'El-
971 4401 1057 4446 mur.
1080 4381 1165 4448 Vide
1191 4383 1357 4463 quomodo
1381 4383 1643 4450 inverecundam
1670 4385 1719 4450 di·

182 4487 252 4574 λην.
971 4489 1116 4551 ctionem
1133 4485 1241 4570 (turpe
1257 4489 1349 4552 enim
1364 4490 1567 4571 convicium)
1586 4505 1721 4569 graecus

972 4607 1032 4673 pro
1049 4589 1222 4656 commodo
1239 4596 1462 4674 usurpaverit.

178 4934 258 4990 inter
269 4933 422 4991 dealbatos
433 4933 472 4992 ad
488 4933 663 5009 martyrium
674 4931 853 4990 candidatos:
875 4930 928 4990 sed
972 4929 1132 5006 cujusdam
1141 4930 1259 4988 scholae
1268 4929 1385 4988 axioma
1397 4930 1525 5006 adducit,
1539 4933 1621 4993 volnt
1632 4951 1719 5007 argu·

178 5021 210 5077 in
222 5023 277 5077 hnc
288 5021 353 5078 lnce
365 5021 494 5092 heroica,
519 5021 644 5079 nebulae
664 5037 723 5077 non
735 5019 850 5076 desunt.
872 5019 927 5076 Eo-
973 5025 1105 5078 mantum
1116 5018 1155 5076 ad
1172 5019 1321 5078 hominem
1331 5020 1484 5094 intortum,
1496 5029 1531 5079 ut
1542 5021 1722 5082 snbsmnan·

176 5107 244 5179 quis
256 5107 334 5164 enim
346 5107 405 5164 erit
415 5125 531 5180 grecus
556 5109 607 5164 ilie
630 5106 771 5181 sophista,
783 5106 834 5180 qni
849 5106 929 5164 Oelsi
972 5107 997 5164 ti
1010 5124 1043 5164 os
1055 5106 1191 5166 obstruat
1202 5106 1427 5166 Adamantinus.
1437 5107 1529 5168 Plura
1541 5109 1652 5172 notua
1662 5127 1722 5170 non

176 5193 300 5254 emulus
312 5199 365 5254 aut
376 5195 497 5268 mecla,
510 5195 639 5272 psalmos
651 5195 735 5256 novit
745 5201 777 5256 et
792 5193 928 5255 deridet?
971 5193 1134 5268 patiuntur.
1764 5209 1771 5224 ·
