4044 6104
308 469 372 532 404
973 465 1183 532 ORIGENES

306 615 361 692 τῶ,
377 615 484 693 σαφῶς
498 603 519 690 ἡ
535 613 596 672 τῶν
611 602 804 692 εὐαγγελίων
817 603 958 672 διδάσκει
976 625 1053 692 γρα·
1097 605 1207 670 cordis
1229 606 1362 668 ineam
1386 601 1525 680 ruerint,
1549 598 1661 682 palam
1684 593 1842 680 patefacit

307 711 362 797 φή.
1098 709 1353 788 evangeliorum
1370 707 1552 787 Scriptura.

350 837 383 880 v.
401 817 432 896 4,
448 819 479 881 5.
496 812 736 899 Ἐξυλοθρεθσαι
757 812 873 897 Κύριος
894 812 1054 878 πάντατὰ
1141 832 1173 876 ν.
1200 814 1231 893 4,
1253 814 1283 875 5.
1310 809 1485 892 Dtaperdct
1510 808 1666 873 nominas
1689 805 1842 872 aaaron

308 919 400 1007 χείλη
418 939 459 984 τα
473 918 572 999 δόλια,
587 921 643 984 καὶ
658 918 804 1004 γλῶσσαν
819 915 1054 1002 μεγαλσρμήμο-
1098 917 1185 984 λιθία
1209 915 1326 995 ἀρίστα,
1355 919 1387 980 et
1414 913 1561 996 linquam
1589 910 1837 994 mapoiloqaam,

308 1045 358 1107 να,
373 1027 447 1102 τοὺς
466 1023 627 1102 εἰπόντας·
651 1026 708 1109 rip
731 1023 881 1109 γλῶσσαν
895 1021 984 1107 ἡμῶν
1000 1043 1053 1108 με·
1098 1040 1149 1088 eos
1162 1023 1220 1104 qai
1237 1018 1407 1084 diemot-
1432 1019 1592 1101 Ia‘npucm
1609 1018 1751 1081 nostram
1774 1029 1843 1076 mor

307 1128 513 1214 γαλυνοῶμεν,
537 1128 577 1192 τδι
598 1127 690 1212 χείλη
713 1125 803 1212 ἡμῶν
817 1124 988 1212 παρ’ἡμῶν
1005 1127 1054 1192 tc·
1095 1125 1331 1211 pcistcodimas,
1359 1122 1449 1188 ίυθιλι
1462 1126 1573 1188 mairo
1599 1118 1732 1186 auca
1755 1122 1842 1182 saci.

309 1252 365 1297 τιν.
381 1229 437 1308 Τίς
451 1230 541 1317 ἡμῶν
555 1231 671 1316 Κύριος
686 1231 769 1315 dorm
1103 1230 1183 1308 ocis
1196 1233 1306 1296 κασίαν
1318 1228 1476 1292 Bortinae
1490 1229 1561 1293 cat?

351 1330 424 1402 Ὅτι
439 1338 482 1421 μὴ
499 1334 662 1419 ἀνθρώπου
684 1334 724 1420 ἦν
738 1336 775 1399 τδ
789 1343 847 1420 τῆς
868 1330 982 1410 κακίας
997 1331 1052 1397 αθ
1144 1335 1268 1413 Utique
1287 1347 1354 1394 non
1369 1331 1555 1410 homiuum,
1575 1329 1634 1394 sed
1649 1329 1757 1409 ipsius
1779 1327 1842 1390 Do·

309 1449 370 1504 τῶν
384 1437 609 1526 περιγενέσθαι,
625 1438 709 1504 ἀλλὰ
728 1447 784 1504 τοῦ
806 1435 925 1523 Κυρίου
939 1438 1055 1502 αὐτοῦ·
1101 1439 1186 1502 mini
1201 1440 1274 1501 erat
1287 1436 1408 1500 horum
1424 1437 1589 1499 malitiam
1604 1450 1773 1514 superare.
1788 1434 1845 1494 So-

310 1542 403 1629 μδνος
424 1544 486 1627 γὰρ
511 1541 614 1607 αὐτῶν
636 1544 676 1606 τὰ
700 1537 793 1626 χείλη
821 1539 1055 1626 ἐξολοθρείισει,
1100 1545 1155 1607 lus
1170 1542 1295 1624 quippe
1310 1541 1481 1623 disperdet
1494 1557 1611 1604 eorum
1623 1539 1725 1618 labia,
1740 1553 1844 1616 osque

309 1648 421 1712 καὶτὸ
449 1643 551 1731 στόμα
573 1647 609 1711 rb
632 1643 744 1723 ἀσεδὲς
766 1643 940 1729 ἀπορράξει
954 1643 998 1722 εἰς
1019 1645 1056 1708 τὸ
1102 1649 1244 1729 impium
1272 1645 1453 1725 obturabit,
1479 1663 1523 1709 ne
1545 1661 1696 1725 unquam
1723 1659 1848 1724 prare-

310 1749 408 1835 μηδέν
430 1749 619 1834 κατισχύσαι
642 1757 698 1813 τοῦ
719 1748 772 1813 ὑπ’
790 1749 892 1816 αὐτῶν
915 1746 1057 1833 βλασφη-
1101 1752 1195 1816 leant
1219 1752 1254 1814 iu
1280 1749 1488 1814 salvatorem
1509 1748 1706 1830 blasphema
1729 1760 1846 1808 eorum

311 1853 466 1940 μουμένου
480 1861 640 1938 σωτῆρος·
663 1852 691 1916 οί
708 1851 841 1938 μὲνγὰρ
856 1853 969 1930 ἐντοῖς
985 1851 1056 1917 bau-
1102 1854 1263 1919 convicia.
1294 1853 1354 1916 isti
1385 1853 1476 1914 enim
1513 1853 1550 1914 in
1579 1847 1845 1930 cogitationibus

310 1965 371 2023 τῶν
392 1956 553 2042 λογισμοῖς
579 1957 703 2042 πονηρὰ
724 1956 952 2042 διανοούμενοι,
980 1959 1057 2042 έφα·
1102 1959 1175 2022 suis
1188 1943 1335 2038 pessima
1348 1955 1532 2033 volventes,
1551 1953 1722 2018 dicebaut:
1745 1949 1847 2016 hoba

313 2082 391 2126 σαν·
406 2060 456 2126 Τὰ
470 2059 562 2147 χείλη
577 2057 667 2147 ἡμῶν
682 2061 757 2145 παρ’
767 2061 858 2147 ἡμῶν
872 2062 964 2127 ἐστιν.
989 2061 1059 2128 Εἶθ’
1102 2064 1213 2128 nostro
1226 2076 1248 2124 α
1261 2058 1350 2124 rutis
1364 2063 1450 2123 ταιιί.
1467 2057 1633 2122 Videlicet
1652 2055 1791 2138 perinde
1805 2071 1846 2118 ac

312 2163 426 2251 δμοίως
440 2173 485 2250 τῷ
500 2164 622 2250 Φαραῶ
633 2162 764 2250 λέγοντι·
776 2163 846 2230 Οὐκ
856 2165 927 2230 οῐδα
937 2167 991 2230 τὸν
1005 2165 1059 2230 κθ·
1104 2163 1233 2226 Pharao
1247 2162 1379 2226 dicens:
1398 2183 1415 2222 «
1431 2161 1504 2224 Non
1519 2162 1599 2224 novi
1619 2160 1810 2237 Dominum,
1827 2178 1845 2216 υ

312 2289 387 2354 ριον,
398 2270 453 2333 καὶ
464 2266 553 2333 αὐτοί
568 2290 655 2351 φασι·
669 2267 724 2346 Τίς
736 2268 826 2354 ἡμῶν
838 2269 952 2354 Κύριός
964 2269 1057 2354 toria
1104 2269 1161 2332 isti
1176 2268 1309 2331 dicunt:
1329 2266 1408 2342 cittis
1421 2269 1529 2330 κατίοι·
1544 2264 1848 2329 nominassent

312 2372 378 2437 Καί
400 2370 442 2450 ὡς
463 2371 621 2457 ἐλεύθεροι
642 2373 697 2437 καὶ
718 2372 908 2452 αὐτεξούσια
929 2375 984 2439 καί
1005 2373 1059 2438 κθ
1104 2389 1171 2453 que
1185 2371 1294 2435 veluti
1304 2369 1382 2450 jure
1398 2369 1565 2434 libertatis
1581 2373 1616 2434 et
1636 2367 1767 2432 arbitrii
1782 2367 1848 2444 sui,

314 2497 374 2560 ριοι
394 2484 451 2562 τῆς
467 2474 586 2542 ἑαυτῶν
607 2474 817 2561 προαιρέσεως
833 2475 1060 2562 καταχρήσασ-
1106 2480 1139 2538 et
1153 2479 1328 2555 tamquam
1342 2474 1470 2537 domini
1493 2474 1553 2554 qui
1576 2471 1712 2553 propria
1733 2470 1851 2533 volun-

314 2581 375 2663 θαι,
391 2581 435 2658 εἰς
450 2581 528 2666 ὅπερ
542 2578 771 2666 ἐδουλήθησαν,
786 2571 850 2658 τοῖς
865 2579 984 2646 ἑαυτῶν
996 2577 1060 2665 χεί-
1104 2581 1174 2640 tate
1196 2578 1293 2640 abusi
1313 2581 1404 2657 sunt,
1427 2577 1595 2640 labiorum
1618 2577 1747 2656 impetu
1769 2573 1852 2638 rere

313 2684 399 2752 λεσιν
413 2685 575 2772 ὥρμησαν,
591 2685 642 2750 διὰ
663 2693 726 2750 τῶν
740 2685 826 2749 κατὰ
840 2695 895 2750 τοῦ
919 2692 1059 2769 σωτῆρος
1104 2681 1229 2746 bantur
1244 2679 1286 2743 ad
1299 2697 1338 2744 ea
1353 2697 1429 2761 quae
1445 2681 1514 2744 iliis
1539 2679 1664 2761 piacita
1678 2681 1768 2758 sunt,
1784 2678 1851 2739 rati

313 2788 403 2876 ἡμῶν
414 2788 576 2855 διαθολιῶν
584 2809 619 2854 τε
630 2790 685 2853 καί
695 2797 910 2872 συκοφαντιῶν
922 2786 1061 2873 νικήσειν
1105 2784 1176 2848 fore
1198 2789 1238 2848 ut
1252 2801 1313 2865 ope
1340 2785 1588 2848 calumniarum
1604 2787 1639 2846 et
1663 2782 1854 2846 mendacio-

315 2891 481 2978 τὸνλόγον
503 2894 558 2957 καί
583 2889 708 2977 σβέσειν
730 2891 826 2958 αὐτοῦ
840 2893 899 2978 τὴν
913 2890 1062 2956 διδαστια-
1106 2907 1183 2953 rum
1196 2890 1371 2953 vincerent
1382 2889 1533 2969 verbum,
1542 2893 1576 2953 et
1584 2889 1771 2953 doctrinam
1779 2886 1855 2966 ejus

315 2996 387 3062 λίαν
396 2993 1059 3082 νομίσαντες.ΤοιαῶταδέήντίιΦαρισαίων
1106 2994 1356 3072 extinguerent.
1393 2994 1488 3056 Talia
1523 2997 1621 3057 erant
1660 2993 1854 3057 Pharisaeo-

315 3101 371 3164 καί
394 3096 617 3166 Σαδδουκαίων
647 3097 752 3184 χείλη,
780 3097 847 3184 μεθ’
869 3098 1061 3184 ὑποκρίσεως
1106 3113 1183 3161 rum
1199 3102 1233 3160 et
1246 3095 1504 3161 Sadducaeorum
1521 3097 1621 3176 labia,
1640 3113 1719 3160 eum
1748 3096 1853 3176 hypo-

316 3201 506 3288 προσιόντων
533 3210 733 3289 τῶ-σωτήρι,
759 3204 814 3268 καί
837 3201 944 3288 paeto
967 3205 1062 3270 αθτδν
1106 3202 1186 3265 crisi
1211 3200 1410 3265 adeuntium
1436 3203 1652 3281 salvatorem,
1683 3204 1718 3264 et
1747 3199 1852 3263 Rabbi

319 3305 574 3388 ἀποκαλούντων,
589 3309 643 3371 καί
658 3316 696 3391 τῇ
713 3316 769 3372 τοῦ
783 3306 976 3373 διδασκάλου
987 3315 1061 3392 τιμῇ
1108 3325 1186 3370 ουτω
1220 3307 1355 3370 nomine
1390 3307 1676 3387 compellentium,
1707 3321 1853 3383 eumque

316 3408 590 3497 προσποιουμένων
612 3410 764 3493 δοξάζειν,
788 3409 882 3496 έτερα
903 3411 939 3476 δὲ
960 3409 1064 3496 λάθρα
1107 3410 1265 3489 magistri
1294 3410 1395 3473 titulo
1430 3411 1575 3473 revereri
1612 3409 1853 3487 affectantium,

317 3513 392 3579 κατ’
403 3515 499 3580 αὑτοῦ
515 3514 809 3600 συσκευαζομένων·
826 3514 1063 3602 μεγαλορμήμο-
1108 3515 1189 3579 dum
1200 3517 1268 3579 alia
1290 3517 1452 3579 adversus
1468 3533 1547 3578 eum
1569 3515 1657 3578 olam
1671 3513 1855 3577 molieban-

318 3638 370 3695 νες
383 3619 445 3703 γὰρ
459 3618 543 3703 ἦσαν
565 3617 595 3682 oi
609 3607 811 3704 πρεσθύτερυι
830 3621 885 3684 καί
907 3617 1063 3705 ἀρχιερεῖς
1108 3624 1174 3682 tur.
1187 3618 1408 3699 Grandiioqui
1424 3619 1514 3682 euim
1531 3625 1628 3682 erant
1639 3619 1789 3682 seniores
1799 3634 1856 3698 po-

318 3733 373 3788 τοῶ
388 3723 478 3806 λαοῦ,
494 3722 523 3787 οἱ
546 3722 718 3807 τολμῶντες
738 3707 914 3806 ἀνακρίνειν
935 3726 989 3787 τὸν
1006 3742 1064 3786 σω-
1109 3723 1181 3802 puli
1197 3728 1231 3785 et
1254 3721 1440 3803 pontifices,
1457 3723 1516 3802 qui
1532 3721 1703 3786 audebant
1717 3737 1853 3805 percon·

319 3835 412 3911 τῆρα,
434 3829 489 3892 καί
511 3824 614 3911 λέγειν
637 3827 739 3910 αὐτῷ·
765 3825 820 3892 Ἐν
842 3823 917 3912 ποίᾳ
939 3822 1064 3911 ἐξουσίᾳ
1107 3827 1174 3889 tari
1189 3827 1406 3905 salvatorem,
1426 3826 1524 3908 eique
1547 3825 1676 3890 dicere:
1702 3828 1775 3888 «In
1790 3840 1859 3904 qua

321 3940 422 3996 ταῦτα
436 3938 552 4012 ποιείς;
568 3931 622 3994 καὶ
635 3926 682 4006 τίς
698 3950 747 3993 σοι
761 3927 897 3994 δέδωκεν
908 3931 966 4014 τὴν
978 3928 1064 4009 ἐξου·
1110 3933 1279 4010 potestate,
1301 3930 1372 3993 haec
1386 3929 1492 3994 facis?
1510 3932 1554 3994 Et
1583 3931 1661 4010 quis
1676 3929 1739 3993 tibi
1765 3929 1859 3993 dedit

320 4054 390 4100 σιαν
405 4033 540 4119 ταύτην,
1110 4031 1198 4098 hanc
1212 4037 1433 4115 potestatem?
1451 4055 1468 4093 ο

364 4158 395 4202 ν.
414 4140 444 4202 6.
462 4136 544 4203 Ἀπὸ
560 4146 617 4221 τῆς
632 4136 844 4222 ταλαιπωρίας
859 4145 920 4201 τῶν
931 4147 1066 4222 πτωχῶν
1154 4153 1186 4200 ν.
1203 4140 1222 4200 6
1238 4139 1374 4218 Propter
1389 4138 1554 4203 macriora
1568 4138 1699 4218 inopem
1713 4141 1746 4201 et
1759 4137 1858 4218 pemi-

321 4243 376 4306 τιαί
391 4242 522 4306 ἀπὸτοῦ
538 4251 714 4327 στεναγμοῦ
728 4250 790 4307 τῶν
805 4239 948 4325 πενήτων
961 4252 1015 4309 νῦν
1031 4242 1066 4306 ἀ·
1110 4247 1179 4307 tum
1186 4258 1368 4322 poapcraaa
1376 4259 1462 4307 amec
1475 4258 1638 4325 scarpam,
1657 4242 1738 4307 uicit
1752 4243 1861 4306 Domi-

320 4343 527 4430 ναστιὶσομαι,
542 4344 629 4430 λέγει
643 4344 768 4430 Κύριος.
792 4343 941 4431 Θήσυμαι
956 4345 990 4410 έν
1005 4367 1067 4410 σω-
1110 4362 1182 4411 atat.
1197 4347 1319 4410 Portam
1332 4346 1370 4409 ia
1383 4346 1536 4425 tolmai,
1554 4344 1750 4411 naucratim
1763 4360 1859 4427 upum

320 4445 423 4535 τηρίρ,
439 4447 695 4534 παρμησιίισομαι
710 4449 744 4514 έν
760 4447 854 4534 αὐτῷ.
1111 4451 1148 4514 οἰκ
1161 4467 1210 4514 eo.

367 4553 494 4638 Πτωχοὶ
506 4554 560 4618 καί
572 4551 704 4637 πένητες
715 4552 755 4617 δι’
766 4552 823 4639 ἐμέ
837 4554 996 4639 γεγόνασι,
1008 4573 1067 4638 φη·
1157 4557 1325 4636 Pauperes
1353 4559 1387 4618 et
1411 4557 1527 4636 inopes
1549 4559 1684 4637 propter
1708 4571 1763 4618 me
1781 4553 1860 4617 facti

323 4659 363 4739 οὶ,
381 4656 430 4722 ἀεὶ
445 4656 690 4741 ἀποκλαιόμενοι
707 4656 761 4720 καί
784 4656 996 4740 στενάζοντες,
1011 4659 1067 4720 καί
1113 4663 1202 4738 sunt,
1219 4660 1277 4738 ait,
1289 4677 1421 4740 semper
1436 4657 1554 4722 flentes
1566 4677 1606 4723 ac
1621 4664 1806 4738 gementes,
1819 4677 1859 4722 ac

356 4925 384 4964 v.
396 4906 422 4976 4,
434 4907 459 4961 5.
472 4905 546 4961 Ibid.
560 4905 652 4962 Exod.
666 4925 693 4976 v,
706 4908 731 4961 2.
745 4905 851 4962 Matth.
864 4923 929 4978 xm,
942 4909 985 4964 23.
1113 4913 1204 4979 τηρίου
1214 4915 1325 4977 σταυροῦ
1335 4915 1381 4965 καί
1390 4913 1568 4976 ἀναστάσεως.
1578 4911 1632 4963 Καί
1640 4911 1802 4978 τδιιὴρυγμά
1811 4925 1863 4976 μου

357 5012 385 5051 v.
398 4996 423 5063 6,
437 4995 462 5048 t.
475 4993 550 5048 Ibid.
562 4993 673 5049 Eadem
684 4993 728 5048 ita
739 4992 827 5050 vatic.
840 4995 883 5064 16,
893 4994 1068 5052 decurtavit:
1113 5002 1194 5067 ἁγνὸν
1206 5003 1252 5052 καί
1264 5000 1371 5066 έμαμον
1389 5003 1436 5052 καί
1448 5001 1485 5062 ῶς
1503 4999 1532 5052 έν
1543 5001 1602 5064 πυρί
1613 4999 1728 5066 δργυρος
1740 4999 1857 5063 πεπέρα-

311 5085 525 5151 .’Δναστὴσομαι,
533 5083 606 5150 λέγει
614 5085 717 5149 Κύριος,
724 5084 859 5152 έντιιατῆς
865 5087 1010 5150 κακώσεως
1017 5089 1069 5140 τῶν
1113 5101 1164 5149 ται,
1176 5087 1285 5153 δόκιμον
1296 5087 1378 5138 έσται.
1393 5083 1506 5138 Similia
1519 5081 1691 5156 compendia
1701 5083 1808 5156 saepius
1816 5099 1862 5138 re-

325 5171 475 5235 ἀνθρώπων,
487 5172 534 5221 καί
545 5170 681 5236 στήσομαι,
691 5174 738 5222 καί
748 5171 960 5237 παρρησιάσομαι
968 5174 1011 5226 διὰ
1020 5187 1069 5225 οω-
1114 5169 1192 5242 oepit
1205 5170 1458 5241 Montefalconius‚
1472 5171 1533 5227 alia
1544 5187 1603 5228 non
1615 5170 1735 5228 habena.
