4044 6104
311 417 376 484 uo
805 485 809 498 ,
970 419 1201 519 οιιιανιιιιι,

310 555 366 618 κοιλ
380 551 413 634 ἐξ
434 553 530 620 αὐτοῦ
551 553 699 643 λέγεσθαι
719 567 773 624 τοῦ
790 564 930 643 σωτῆρος
956 554 1057 643 ἡμῶν,
1101 559 1178 624 nitu
1188 557 1248 624 red
1262 555 1434 624 hibentem
1449 554 1652 642 psalmodias
1675 555 1718 621 eb
1739 558 1846 638 ipson

312 667 368 722 τοῦ
391 657 487 724 Δαυίδ
509 660 676 744 πρόσωπον
703 660 918 747 ἀνειληφότας,
942 671 998 726 τοῦ
1019 663 1058 726 ὲκ
1101 663 1214 741 longis
1241 667 1329 726 retro
1353 664 1487 727 succulis
1513 663 1637 743 scripto
1660 661 1845 740 mundatus,

312 759 490 848 σπέρματος
504 761 602 830 αὐτοῦ
623 763 847 852 γενησομένου,
865 767 936 850 περὶ
951 767 988 830 οὔ
1004 787 1058 851 μυ-
1103 767 1179 848 quis
1196 784 1262 830 non
1281 767 1373 830 hisce
1400 768 1544 850 eloquiis
1562 767 1739 830 veritatem
1761 781 1849 830 osse-

312 864 380 949 ρίοιι
389 868 466 952 πρὸς
480 868 576 934 αῦτόν
590 857 756 956 γεγόνασιν
771 865 968 956 ἐπαγγελίαι.
1102 871 1298 934 vereveritt
1313 871 1458 934 Possunt
1479 875 1595 934 autem
1610 869 1727 933 eedem
1744 887 1765 931 a
1780 869 1852 932 Sel·

1104 979 1220 1038 vetore
1236 978 1350 1040 nostro
1366 974 1443 1054 dici,
1458 974 1595 1038 Doridis
1607 990 1784 1056 personam
1799 989 1851 1034 ns·

1103 1082 1269 1157 sumente,
1292 1078 1401 1159 utqui
1416 1077 1459 1142 ab
1482 1078 1576 1142 illius
1594 1079 1724 1141 semine
1745 1093 1849 1155 gene·

1102 1186 1196 1246 retus
1221 1186 1283 1259 est,
1308 1180 1349 1245 dc
1365 1197 1431 1263 quo
1456 1181 1635 1244 innumere
1658 1179 1849 1261 promissio-

1102 1302 1186 1349 num
1212 1284 1309 1365 eopia
1329 1285 1373 1348 ed
1387 1301 1465 1348 cum
1480 1283 1569 1348 lecta
1583 1288 1643 1347 est.

589 1483 640 1565 In
656 1489 722 1568 Pe.
742 1483 901 1566 XVIII
918 1487 930 1538 ¹
953 1489 1107 1590 οεονίμόυ
1122 1486 1278 1565 Erectio
1294 1491 1327 1562 ct
1341 1484 1423 1564 aliie
1439 1483 1577 1565 νοίιοίίυ.
1609 1431 1612 1440 1

358 1716 391 1762 ν.
408 1697 438 1781 2,
455 1698 486 1762 3.
502 1695 665 1850 Εὐσεῖίου.
687 1695 753 1776 Νὺξ
771 1697 826 1760 καί
843 1693 948 1782 ἡμέρα
963 1695 1059 1762 Anat.
1103 1696 1176 1760 οὔτε
1190 1695 1245 1762 καί
1258 1694 1358 1761 νόκτα
1378 1697 1462 1763 κατόι
1476 1699 1512 1762 τό
1528 1694 1624 1782 μέσον
1645 1696 1774 1783 ἐπάγειν
1789 1703 1845 1781 τῆς

313 1802 335 1866 1,
351 1788 425 1851 472.
436 1784 581 1871 -Ἀνδρ
600 1806 646 1851 ου.
662 1785 700 1852 Ὁ
716 1786 821 1870 πατὴρ
840 1795 884 1871 τῷ
898 1784 961 1870 up
975 1783 1061 1868 έρεό-
1102 1782 1224 1870 ἡμέρας
1239 1782 1468 1850 ἀποδέδεικται.

312 1894 402 1958 γεται
416 1874 511 1960 ῥῆμα.
525 1873 590 1939 Καί
604 1883 694 1940 ποῖον
712 1873 815 1960 hippum
830 1875 866 1938 τό
880 1872 1010 1959 Πνεῦμα
1025 1874 1060 1938 τό
1149 1893 1180 1937 v.
1197 1875 1226 1937 8.
1243 1870 1308 1937 Τοῦ
1330 1875 1437 1938 αὐτοῦ.
1460 1872 1519 1938 Διὰ
1540 1875 1599 1959 τὴν
1614 1875 1759 1960 ἔμπειρον
1774 1876 1845 1958 περί

312 1964 411 2047 ἅγιον,
427 1964 511 2027 κατά
526 1966 562 2027 τό
582 1964 598 2028 δ
614 1962 759 2040 Παῦλος·
784 1961 908 2048 Λάβετε
929 1963 988 2046 τὴν
1004 1961 1061 2047 μά·
1104 1957 1189 2046 ἡμᾶς
1204 1959 1333 2046 ἀγάπην
1348 1961 1455 2044 αὐτοῦ,
1469 1963 1540 2025 οὔτε
1551 1961 1675 2047 πόρνον,
1686 1965 1758 2027 οὔτε
1769 1961 1845 2047 λησ-

311 2049 1060 2226 ii‘ii?tiirssssilssisslfc‘ii‘ssiii933
1103 2051 1162 2223 θί
1176 2047 1844 2226 {iiiiii{ii‘siiississssiissipii‘

313 2228 367 2307 νὺξ
381 2229 468 2292 νυκτί
483 2228 650 2313 ἀναγέλλει
663 2237 777 2314 γνιῦσιν
791 2229 860 2293 κτλ.
1103 2220 1172 2304 τίας
1187 2226 1378 2311 φθάσαντας.

355 2314 576 2383 Ἀναστασίου.
598 2317 715 2395 Καλῶς
737 2318 930 2402 [διηγοῦνται
951 2315 1057 2403 δόξαν]
1145 2335 1177 2380 ν.
1195 2317 1283 2379 8-11.
1301 2312 1366 2379 Τοῦ
1378 2315 1485 2380 αὐτοῦ.
1501 2312 1694 2400 Ἀναγκαῖον
1709 2324 1774 2394 τοῖς
1788 2315 1845 2380 δόο

312 2402 381 2468 ἀντὶ
400 2413 454 2469 τοῦ
477 2407 583 2471 εἰπεῖν·
595 2407 631 2470 τό
651 2407 872 2492 δημιουργικόν
894 2415 951 2469 τοῦ
973 2404 1057 2473 Θεοῦ
1102 2399 1220 2490 στίχοις
1235 2412 1300 2480 τοῖς
1321 2403 1483 2488 προτέροις
1498 2404 1551 2468 τόν
1571 2402 1674 2488 τρίτον
1693 2404 1847 2489 προσέθη-

312 2493 649 2578 microcosmo
666 2494 842 2580 μεγαλεῖον,
858 2493 966 2579 ἐπειδὴ
981 2504 1056 2559 ταῦ·
1100 2512 1174 2557 κεν·
1196 2494 1237 2557 τά
1250 2494 1312 2577 γάρ
1328 2501 1384 2556 τοῦ
1400 2491 1482 2559 Θεοῦ
1507 2489 1645 2578 κρίματα
1660 2501 1725 2570 τοῖς
1741 2495 1797 2579 μέν
1811 2493 1847 2558 ά-

313 2602 355 2645 τα
367 2580 472 2648 πάντα
487 2581 530 2661 είς
544 2582 638 2662 δόξαν
652 2583 806 2647 συνέτεινε
817 2579 900 2650 Θεοῦ
915 2583 978 2646 oce
998 2585 1060 2649 τῶν
1104 2579 1296 2665 μαρτάνουσι
1311 2578 1430 2666 φοόερόι
1440 2582 1496 2645 καί
1507 2579 1683 2646 ἀπευκταϊα
1693 2581 1848 2666 καθέστη-

313 2668 477 2755 δριυμένιυν
488 2671 701 2758 περιληπτικῷ
712 2670 851 2757 όνόματι,
859 2670 963 2736 πάντα
973 2670 1059 2757 ὁμοί·
1102 2689 1177 2733 κεν·
1196 2678 1262 2746 τοῖς
1275 2670 1310 2735 δέ
1326 2668 1548 2756 ἐργαζομένοις
1562 2679 1618 2734 τοῦ
1633 2667 1716 2737 Θεοῦ
1732 2672 1785 2736 τόν
1799 2669 1848 2736 νό-

312 2781 354 2836 ιυς
370 2758 463 2839 δόξαν
477 2761 639 2828 έκάλεσεν.
1104 2776 1162 2842 μον
1176 2759 1231 2822 καί
1245 2757 1445 2842 φυλάττουσι,
1461 2760 1577 2836 παντός
1592 2757 1729 2823 πλούτου
1744 2779 1848 2844 τιμιιυ·

355 2847 519 2935 Εὐσεβίου.
534 2849 657 2935 Ἡμέρα
672 2847 707 2912 δὲ
728 2855 785 2933 της
800 2847 1003 2925 ἀναστάσεως
1102 2843 1196 2930 τέραν
1217 2848 1276 2930 τὴν
1299 2845 1412 2911 ἐλπίδα
1433 2855 1491 2932 τῆς
1515 2844 1657 2933 ἀμοιόης,
1678 2846 1763 2912 ἀλλά
1784 2848 1850 2933 μὴν

313 2935 418 3021 ἡμέρᾳ
439 2947 495 3002 τοῦ
514 2946 650 3023 σταυροῦ
671 2936 833 3024 ἐρεύγεται
848 2937 944 3022 ῥημα,
960 2946 1026 3015 πῶς
1102 2936 1158 2998 καί
1172 2932 1278 3018 πάσης
1291 2933 1409 3019 ἡδονῆς
1423 2933 1600 3021 γλυκυτέρα
1613 2931 1766 3020 φαίνεται.

313 3023 348 3090 ἐν
363 3022 466 3113 ἐκείνη
488 3026 685 3112 σταυριυθείς,
707 3025 842 3091 ἐνταῦθα
863 3025 906 3105 ὡς
927 3024 1009 3103 Θεὸς
1024 3025 1059 3091 ἀ·
1125 3023 1197 3088 ’Τά
1210 3020 1349 3108 κρίματα
1363 3023 1480 3109 Κυρίου
1499 3023 1633 3109 ἀληθινόι
1647 3023 1846 3110 δεδικαιωμέ-

313 3112 408 3197 νέστη
424 3116 563 3194 καὶτοὺς
578 3117 706 3198 νεκροὺς
720 3111 904 3199 ἀνέστησεν.
1103 3131 1143 3176 να
1158 3112 1208 3177 ἐπί
1224 3114 1259 3176 τό
1283 3112 1369 3178 αὐτό.
1386 3112 1501 3199 Σαφῶς
1522 3112 1666 3199 ἡμῖνκαὶ
1688 3125 1781 3179 τοῦτο
1796 3113 1844 3178 δε-

357 3201 423 3267 Καῐ
437 3202 490 3281 νὺξ
504 3202 525 3287 ἡ
541 3205 602 3288 πρό
616 3211 673 3267 τοῦ
695 3213 830 3286 σταυροῦ
848 3199 1002 3288 γενομένη
1016 3209 1057 3288 τῇ
1102 3197 1240 3284 δήλιυται
1255 3202 1289 3267 έν
1304 3210 1348 3287 τῷ
1363 3200 1549 3287 προλαδόντι
1568 3201 1699 3288 ψαλμῷ·
1714 3202 1849 3287 ἀληθινόι

314 3291 401 3356 νυκτί
415 3301 472 3376 της
494 3301 548 3357 τοῦ
571 3291 709 3377 Χριστοῦ
730 3291 936 3375 παραδόσεως
956 3292 1059 3356 roscii
1101 3290 1156 3353 καί
1171 3287 1276 3354 δίκαια
1290 3291 1377 3375 παρά
1398 3299 1453 3354 τοῦ
1469 3289 1606 3375 ἀληθοῦς
1629 3289 1711 3357 Θεοῦ
1725 3293 1780 3357 καί
1801 3290 1845 3354 δι-

314 3399 372 3464 την
388 3379 577 3466 ἀναγγέλλει
596 3390 719 3467 γνῶσιν,
736 3389 802 3458 πῶς
817 3380 851 3446 ἐν
871 3379 974 3464 ἐκείνη
999 3381 1058 3445 δει·
1101 3377 1281 3462 καιοκρίτου
1296 3377 1521 3464 δεδικαιωμένα
1531 3377 1668 3464 λέγεται·
1680 3381 1731 3445 ἐπί
1743 3382 1778 3444 τό
1789 3380 1843 3443 αὒ-

314 3467 389 3535 λιῦν
403 3471 457 3534 καί
472 3468 735 3555 προσευχόμενος,
747 3471 877 3553 ὕστερον
888 3469 923 3533 δὲ
934 3470 989 3532 καί
999 3489 1059 3532 πα-
1102 3468 1138 3530 τθ
1154 3465 1189 3530 δέ
1203 3467 1288 3533 ἐστιν
1302 3469 1387 3532 κατὰ
1396 3471 1451 3533 τόν
1461 3468 1554 3533 αὐτόν
1564 3467 1670 3554 λόγον·
1682 3469 1707 3555 ᾧ
1718 3470 1780 3553 γάρ
1794 3466 1847 3532 λό-

315 3557 456 3641 ροιδοθείς
470 3558 503 3623 έν
525 3558 623 3643 ταότη
639 3567 701 3624 τῶν
725 3557 886 3643 στοιχείων
905 3556 1060 3643 δεσπότης
1102 3575 1149 3640 γιρ
1164 3555 1248 3622 ἐστιν
1263 3555 1379 3641 άληθη,
1394 3555 1494 3641 τούτῳ
1505 3556 1653 3642 τυγχάνει
1665 3559 1720 3622 καί
1731 3554 1847 3622 δίκαια.

350 3761 644 3819 lProeeteutiesimne
660 3779 754 3835 neque
771 3761 923 3834 inelegans
939 3761 1060 3818 Euscbii
1103 3759 1156 3817 sed
1167 3777 1232 3834 qum
1245 3761 1401 3819 Gorderine
1412 3761 1498 3818 nobis
1509 3760 1682 3836 praeripiuit,
1696 3769 1727 3819 et
1739 3778 1849 3836 anony-

313 3849 636 3922 commeuterinsinpe.
649 3865 737 3919 xrrn,
754 3849 850 3921 qualis
862 3853 960 3905 exstet
980 3847 1059 3921 opud
1103 3865 1150 3904 mo
1170 3865 1222 3904 suo
1243 3847 1356 3919 tribuit,
1380 3853 1402 3902 t.
1428 3850 1443 3903 1
1466 3867 1495 3922 p.
1520 3849 1581 3904 356.
1604 3847 1780 3905 Incredibile
1803 3855 1850 3904 est

312 3934 581 4005 Montefelconium
592 3935 662 3990 telis
674 3934 792 3991 omnino
804 3941 835 3990 et
851 3934 1059 4007 integerrimus
1103 3937 1212 4005 quante
1224 3932 1308 4006 copie
1323 3939 1474 3990 unctorum
1485 3935 1578 3990 leteet
1589 3933 1668 4008 epud
1679 3933 1851 3991 cordarium

312 4017 422 4093 legitur
429 4021 554 4078 invntic.
565 4021 607 4077 18.
617 4020 702 4078 Unde
709 4021 747 4076 nd
756 4021 882 4077 alterum
890 4034 1060 4094 sequentem
1102 4019 1157 4074 sub
1169 4018 1352 4076 tenebricoso
1375 4019 1509 4092 Anonymi
1519 4021 1687 4094 epigraphe
1708 4021 1754 4076 De
1771 4021 1850 4076 Ans·

312 4108 457 4180 pselmum
468 4107 563 4164 setius
574 4113 654 4163 esset
664 4107 791 4164 transire
801 4125 867 4163 cnm
877 4108 963 4178 seltu,
972 4125 1061 4179 quem
1103 4103 1195 4160 acesio
1212 4103 1284 4159 olibi
1293 4105 1375 4161 locus
1383 4105 1510 4162 fortesse
1523 4107 1581 4163 erit
1593 4107 1769 4162 disserendi:
1781 4105 1851 4162 leci·

314 4191 450 4248 rencidss
464 4193 603 4266 colligere
614 4191 754 4264 reliquias
770 4193 865 4248 adhuc
877 4193 1060 4266 superstites,
1103 4188 1297 4262 niesuperius
1313 4190 1405 4247 silete
1415 4191 1528 4248 redolet
1549 4199 1668 4250 ertatem
1680 4193 1802 4250 Maximi
1819 4198 1852 4249 et

314 4281 366 4339 vix
389 4287 491 4336 unctes
514 4279 680 4336 nominibus
703 4279 862 4351 incognitis
883 4280 1009 4336 Androm
1030 4285 1062 4336 et
1103 4276 1255 4334 Αιιαεῦεείἰ
1279 4275 1408 4334 Sineitae.
1438 4277 1511 4336 Haeo
1536 4277 1568 4334 in
1597 4279 1677 4335 nude
1696 4279 1850 4351 graecitute

313 4368 472 4424 Aneetesii.
490 4367 623 4423 Androm
641 4371 726 4424 vetus
743 4367 869 4438 videtur,
881 4383 950 4422 nam
966 4366 1061 4421 utitur
1104 4363 1190 4420 edere
1214 4363 1288 4418 satis
1305 4363 1401 4421 visum
1419 4369 1472 4421 est.
1490 4364 1625 4421 Androne
1646 4366 1787 4440 recipitur
1808 4384 1847 4423 ex

312 4455 464 4529 steplis,
477 4453 644 4529 Symmachi
656 4453 812 4510 lectionem
824 4453 919 4510 fusius
932 4451 1060 4526 exponit,
1103 4449 1198 4509 Velio.
1211 4451 1254 4521 10,
1266 4449 1441 4508 Anmtesine
1454 4456 1485 4508 et
1496 4455 1602 4508 coetero
1614 4467 1651 4508 ex
1663 4456 1723 4509 vat
1736 4451 1779 4508 16.
