4020 6098
305 417 369 480 206
969 419 1179 484 ORIGENES

303 569 422 626 κεῖται·
445 559 581 646 λογικῶν
602 561 665 646 γὰρ
688 559 709 644 ἡ
734 558 880 646 ζήτησις·
905 559 999 644 δηλοῖ
1019 557 1054 623 δὲ
1098 560 1189 640 citur
1211 577 1323 624 eseam
1339 559 1456 641 quaeri,
1471 557 1757 639 nonstrictojure
1772 563 1854 638 stat;

303 666 359 729 καί
372 662 493 742 τούτοις
515 666 569 729 τὸν
585 661 667 730 Θεὸν
682 665 740 750 τὴν
763 661 940 749 ἀναγκαίαν
958 660 1054 749 παρέ-
1098 663 1283 745 inquisitio
1306 665 1397 728 enim
1420 664 1568 745 pertinet
1590 663 1634 726 ad
1656 664 1787 726 ratione
1804 662 1855 725 in·

304 787 374 853 χειν
388 765 518 854 τρορίγν.
1095 770 1252 848 structos,
1283 769 1396 851 palam
1419 766 1561 847 estjam
1584 768 1654 831 illis
1670 767 1775 830 aDeo
1797 783 1854 829 ne·

1098 873 1279 936 cessariam
1295 872 1408 953 parari
1422 873 1630 936 alimoniam.

348 997 380 1042 v.
397 979 449 1042 25.
466 974 557 1064 Αὐτὴ
580 973 602 1062 ἡ
625 975 778 1044 θάλασσα
800 973 821 1061 ἡ
850 974 975 1062 μεγάλη
999 976 1054 1040 καί
1142 992 1174 1038 ν.
1197 976 1250 1040 25.
1266 977 1369 1042 Home
1390 992 1490 1042 more
1510 991 1663 1058 παρπααι
1685 980 1717 1041 et
1736 975 1854 1058 ιρσίῑο·

308 1079 489 1166 εὐρύχορος.
1097 1095 1180 1146 eum.

350 1183 413 1251 Τὸν
428 1183 496 1270 βίον
510 1193 621 1250 τοῦτον
636 1183 790 1270 σημαίνει.
1147 1183 1241 1261 Quod
1257 1183 1345 1248 hano
1361 1184 1469 1265 ipsam
1483 1184 1593 1246 vitam
1610 1182 1779 1262 designat.

347 1309 380 1354 v.
397 1290 450 1354 29.
465 1286 665 1366 Ἀντανελείς
677 1292 713 1354 τὸ
727 1298 851 1375 πνεῦμα
867 1288 980 1371 αὐτῶν,
1000 1289 1056 1354 καί
1142 1307 1174 1352 ν.
1190 1289 1244 1354 29.
1260 1287 1403 1371 Auferes
1417 1288 1574 1368 aptatae
1595 1303 1714 1367 eorum,
1732 1292 1764 1353 et
1777 1285 1852 1369 dat

303 1390 494 1477 ἐπιλείψουσι,
510 1396 567 1459 καί
581 1394 626 1472 εἰς
641 1395 695 1458 τὸν
710 1404 788 1479 χοῦν
805 1393 1054 1479 ἐπιστρέφουσιν.
1099 1395 1194 1473 cient,
1212 1396 1244 1458 et
1256 1395 1294 1458 ιἰι
1301 1393 1471 1474 metuerem
1485 1409 1581 1456 εαιυια
1594 1394 1805 1456 reuertentur.

323 1543 325 1548 ,
348 1494 389 1562 Οί
403 1494 606 1574 ἐκπίπτοντες
617 1499 657 1575 Ιδὲ
666 1507 722 1562 τοῦ
738 1499 826 1582 παρὰ
837 1507 893 1562 τοῦ
906 1496 989 1564 Θεοῦ
1003 1497 1057 1562 δο-
1146 1498 1246 1573 Quia
1268 1498 1392 1579 spiritu
1415 1513 1522 1578 quem
1545 1497 1614 1560 iilis
1636 1497 1728 1560 Deus
1750 1495 1852 1574 dedit,

304 1599 410 1679 θέντος
426 1603 533 1678 αὐτοῖς
548 1602 735 1688 πνεύματος,
751 1599 890 1688 γίνονται
904 1600 1020 1689 χοϊκοί.
1102 1600 1272 1681 decidunt,
1289 1600 1377 1664 fiunt
1392 1600 1529 1664 terreni.

346 1726 379 1772 v.
402 1707 455 1771 30.
480 1705 740 1786 Ἐξαποστέλλεις
769 1708 805 1771 τὸ
828 1707 954 1793 πνεῦμά
977 1727 1055 1792 σου,
1145 1725 1178 1768 ν.
1195 1707 1247 1768 30.
1263 1705 1404 1769 Emittee
1424 1704 1580 1784 meatem
1596 1704 1696 1783 teum,
1722 1705 1852 1768 σίσαρον

301 1810 357 1882 καί
372 1809 603 1895 κτισθθσονται,
626 1812 682 1876 καί
704 1810 897 1890 ἀναααινιείς
919 1814 955 1877 τὸ
979 1809 1055 1898 πρό·
1097 1809 1227 1889 buntur,
1246 1811 1279 1875 et
1291 1807 1459 1874 renovabis
1471 1807 1599 1890 sociem
1613 1813 1716 1873 torre.

305 1933 410 1979 συπον
425 1922 483 1998 τῆς
498 1923 569 2000 γῆς.

348 2012 411 2084 Ἢν
437 2017 566 2098 Παῦλος
595 2017 745 2085 ἔκστασιν
776 2021 912 2106 εἴρηκεν,
934 2019 1053 2107 ταύτην
1142 2019 1236 2096 Quod
1258 2019 1385 2082 Paulus
1399 2018 1534 2082 vocavit
1555 2017 1847 2096 instaurationem,

301 2119 398 2190 Δαυίδ
414 2122 638 2210 ίινακαινισμὸν
653 2123 917 2210 προσηγόρευσεν.
1100 2126 1356 2189 renovationem
1372 2122 1480 2187 David
1495 2122 1653 2204 appellat.

337 2375 367 2417 v.
378 2355 422 2412 25.
435 2356 503 2414 Vat.
517 2357 543 2412 5.
1132 2376 1160 2415 ν.
1173 2357 1217 2428 90.
1230 2358 1297 2415 Vat.
1311 2357 1354 2415 14
1365 2355 1402 2412 σθ.
1415 2354 1491 2430 aph.
1504 2357 1530 2430 1,
1543 2357 1586 2412 10.

337 2463 367 2504 v.
380 2445 424 2501 29.
437 2444 504 2502 Vat
518 2444 561 2502 14.
1538 2463 1543 2472 ’

925 2625 1094 2710 Ρυυίυιαο
1128 2624 1189 2705 ol
1192 2627 1235 2706 V.

346 2875 379 2920 ν.
400 2857 430 2920 5.
454 2851 626 2940 Μνήσθητε
647 2860 709 2920 τῦν
730 2850 919 2940 θαυμασίων
941 2853 1051 2935 αὐτοῦ,
1140 2873 1173 2920 ν.
1197 2858 1227 2920 5.
1251 2858 1438 2920 uenatore
1458 2851 1663 2919 mirabilium
1683 2853 1756 2935 ejus
1776 2870 1847 2937 γαπ
1987 2855 1988 2950 ί

304 2958 347 3024 dn
362 2956 503 3043 ἐποίησε,
520 2959 562 3024 τὰ
576 2957 694 3043 τέρατα
706 2957 803 3023 αὐτοῦ
818 2960 873 3024 καί
888 2941 928 3024 τίι
940 2955 1053 3045 κρίμα·
1089 2960 1187 3043 fecit,
1199 2960 1354 3048 prodiaie
1368 2960 1440 3041 ejus
1453 2963 1486 3024 εί
1494 2957 1626 3041 jndicio
1640 2958 1709 3023 oris
1721 2959 1803 3039 εγίιε.

302 3084 344 3129 τα
359 3074 415 3129 τοῦ
430 3063 586 3150 στόματος
602 3064 708 3129 αὐτοῦ.
733 3068 800 3132 Vol.
818 3067 892 3147 092,
909 3067 939 3130 2.

346 3163 424 3232 'Ore
446 3167 545 3233 ἐποίει
567 3165 717 3253 ἐργασίας
744 3169 777 3235 έν
800 3169 892 3233 ῦδασι
913 3167 1052 3251 πολλοῖς,
1143 3169 1206 3232 Dei
1228 3185 1334 3250 quum
1364 3166 1486 3231 fierent
1510 3166 1662 3230 facinora
1686 3167 1722 3230 in
1748 3167 1848 3248 aquis

302 3269 454 3354 ἐθεώρουν
465 3274 506 3337 τὰ
521 3273 601 3358 ἔργα
610 3282 666 3338 τοῦ
680 3269 818 3357 Κυρίου·
833 3271 960 3353 τούτων,
976 3274 1050 3358 ἔφη,
1097 3272 1224 3350 multis,
1246 3270 1467 3334 intuebantur
1483 3286 1585 3352 opera
1598 3271 1744 3334 Domini.
1761 3272 1847 3347 Quo·

302 3372 463 3460 μνήσθητε
488 3376 543 3440 ιιαί
568 3375 663 3442 πάλιν
688 3385 806 3442 ποιεῖτε
835 3374 986 3462 ἐργασίαν
1014 3377 1048 3444 ἐν
1096 3394 1172 3440 rum
1187 3379 1402 3456 mementote,
1426 3376 1548 3458 inquit,
1564 3393 1604 3440 ao
1625 3392 1685 3439 vos
1708 3380 1778 3439 met
1796 3375 1845 3437 fa·

301 3479 393 3544 οδασι
408 3478 547 3559 πολλοῖς.
564 3518 606 3528 -
623 3480 674 3546 Τίι
688 3479 807 3564 τέρατα
825 3479 922 3567 λέγει,
939 3483 982 3548 ὢν
996 3501 1051 3547 πε·
1095 3483 1161 3544 cite
1184 3497 1286 3563 opera
1310 3481 1346 3543 in
1361 3481 1460 3561 aquis
1483 3480 1610 3544 multis.
1628 3478 1847 3556 —Prodigia

283 3579 430 3672 Ιποίιιγται
443 3582 478 3648 έν
493 3592 532 3669 τῇ
548 3582 707 3669 παρουσία
720 3581 929 3670 θεοοημείιυν.
1094 3584 1177 3648 dioit
1198 3603 1239 3648 ea
1269 3601 1346 3665 quae
1375 3583 1464 3648 fecta
1489 3588 1580 3663 sunt,
1603 3599 1710 3665 quum
1732 3580 1848 3646 adfuit

1093 3690 1175 3771 ipse,
1191 3689 1308 3754 divina
1322 3690 1425 3767 signa
1445 3687 1677 3752 manifestans,

344 3809 378 3856 ν.
397 3794 447 3857 12.
463 3790 520 3859 Ἐν
541 3800 585 3878 τῷ
600 3792 680 3858 είναι
702 3792 816 3869 αίποίις
835 3790 955 3880 ἀριθμῷ
975 3791 1049 3880 βρα-
1136 3811 1168 3857 ν.
1181 3795 1231 3857 12.
1251 3793 1354 3870 Quem
1364 3795 1470 3856 εεεειιί
1481 3808 1614 3856 numero
1625 3789 1742 3870 breves,
1754 3805 1840 3872 pett-

302 3905 381 3982 χείς,
396 3895 579 3983 ὁλιγοστοὺς
594 3898 649 3961 ααί
663 3895 834 3982 παροίκους
849 3897 884 3962 έν
900 3899 992 3984 αὐτῇ.
1091 3897 1218 3964 desim
1231 3900 1263 3962 εί
1276 3898 1312 3961 ia
1326 3901 1416 3962 terro
1430 3893 1565 3961 adeam.

344 3999 389 4065 Τὸ
401 3999 531 4087 βραχεῖς
546 4002 598 4066 έπί
610 3998 722 4086 ὀλίγον
738 4002 824 4066 είπε·
839 4005 876 4066 τὸ
891 4001 926 4066 δέ
942 4001 1045 4088 βραχὺ
1133 4002 1254 4065 Breues
1275 3999 1358 4063 dicit
1378 4016 1439 4081 pro
1455 4001 1566 4080 pauci.
1590 3999 1674 4063 Nam
1690 3998 1840 4062 brevitas

299 4104 352 4170 έπί
368 4103 529 4190 μεγέθους,
552 4108 588 4169 τὸ
611 4104 647 4168 δὲ
666 4103 772 4191 ὀλίγον
787 4106 838 4170 ἐπὶ
855 4104 984 4190 ἀριθμοῦ
998 4103 1048 4170 τέ·
1092 4105 1144 4168 eet
1161 4101 1202 4166 de
1224 4104 1436 4184 proceritate,
1459 4103 1613 4185 paucitas
1636 4103 1676 4166 de
1699 4120 1842 4166 numero

299 4229 423 4275 τααται.
444 4248 486 4258 -
509 4207 663 4294 Πάροικοί
688 4210 765 4275 εἰσιν
790 4208 820 4274 οἱ
847 4208 945 4294 μηδὲν
970 4208 1048 4275 ἴδιον
1091 4207 1246 4271 struitur.
1261 4204 1396 4270 Διθυοππ
1412 4209 1495 4270 sunt
1508 4207 1544 4270 hi
1560 4207 1620 4288 qni
1635 4223 1709 4269 rem
1723 4204 1842 4285 huius-

298 4321 361 4379 τῦν
375 4321 432 4378 τοῦ
446 4310 567 4397 αθσρου
582 4313 693 4378 τούτου
709 4310 897 4397 νομίζοντες.
1093 4312 1213 4375 mundi
1228 4311 1360 4374 nullam
1374 4327 1472 4374 susm
1487 4313 1676 4374 autumant.

346 4436 379 4483 ν.
398 4419 447 4482 13.
464 4415 530 4482 Καί
545 4414 672 4500 διῆλθον
687 4413 722 4494 ἒξ
737 4414 845 4493 ἔθνους
860 4413 1016 4502 είςέθνος.
1138 4434 1171 4480 v.
1183 4417 1287 4480 aaut
1292 4414 1609 4497 patremmeum
1618 4419 1711 4499 ρεπίσ
1720 4415 1759 4479 in
1769 4431 1846 4498 eea

1097 4525 1168 4587 um·
1366 4522 1369 4532 ,

346 4623 397 4692 Τὰ
421 4625 508 4690 κατὰ
529 4625 589 4710 τὴν
611 4619 790 4708 ἀποδημίαν
819 4623 972 4708 διηγεῖται
995 4632 1052 4689 τοῦ
1139 4628 1352 4691 Enarrantur
1379 4624 1504 4688 itinera
1528 4623 1682 4704 Abrahae,
1708 4625 1750 4687 et
1769 4639 1846 4705 qum

298 4726 457 4818 Ἀβραὰμ,
473 4731 528 4795 ααί
549 4731 622 4806 τοὺς
638 4729 796 4815 σκυλμοὺς
819 4738 875 4794 τοῦ
890 4725 1048 4816 Ἃθραὰμ,
1094 4735 1247 4813 προσίασι
1267 4713 1313 4794 ad
1334 4747 1470 4812 asperos
1492 4729 1624 4794 labores
1646 4729 1800 4809 Abrahae,
1817 4731 1847 4792 1-

301 4835 415 4902 Ἰσαὰκ
425 4836 481 4899 καί
491 4831 626 4900 Ἰακώθ·
641 4843 865 4919 παροικοῦντες
876 4835 938 4920 γὰρ
949 4833 979 4898 οί
990 4853 1050 4900 πα-
1094 4840 1214 4900 sancet
1223 4833 1338 4899 Jaoob:
1351 4833 1524 4916 peregrini
1536 4834 1627 4897 enim
1639 4835 1804 4915 perpetuo
1812 4849 1845 4895 e·

336 5055 713 5126 Ps.o1v,v.5.Vat4,16.
1094 5051 1367 5122 racleota,alteram
1379 5049 1747 5124 DidymusepudMaium.

259 5169 261 5174 ¹
334 5159 363 5200 v.
376 5142 419 5212 12,
430 5141 498 5199 Vsa
511 5141 554 5198 54.
572 5139 725 5198 Lauiniam
741 5142 971 5202 uuam‘corrosit
989 5143 1049 5202 He·
1130 5160 1158 5202 v.
1172 5139 1214 5198 13.
1228 5139 1295 5197 Vat.
1309 5137 1335 5194 4.
