4020 6098
150 381 162 405 ⁶
298 411 376 480 ‘214
975 414 1185 478 otrannus

347 553 546 641 Σημειιντέον
568 555 615 619 δτι
637 555 672 618 τὸ
699 561 821 638 πρῶτον
847 554 917 636 περὶ
944 550 1049 616 Δαθδιν
1140 552 1390 616 Advertendum
1406 554 1553 634 primum
1566 551 1838 616 fierisermonem

302 658 481 745 γενόμενον,
508 660 562 722 καὶ
584 655 735 741 Ἀθειρῶν
758 656 792 722 ἐν
818 652 939 741 Χωρήθ
965 656 1049 718 κατὰ
1094 655 1134 720 de
1150 659 1293 738 Birthan,
1311 669 1344 722 et
1363 663 1531 739 postremo
1553 659 1626 720 loco
1650 658 1689 720 de
1713 658 1838 721 Abiron

299 765 358 848 τήν
375 763 571 848 μοσχοποΐαν
594 765 724 845 ὕστερον
746 761 841 840 εἶπεν,
859 760 910 824 ἵνα
934 759 976 844 μή
994 778 1049 822 τοι·
1096 761 1131 823 in
1148 761 1268 824 Horeb.
1286 763 1381 826 Circa
1395 761 1557 824 fabricam
1573 762 1683 841 vituli,
1699 761 1840 825 inferius

301 867 399 954 ράττη
414 865 499 952 ήμᾶς
514 875 644 930 τοιαῦτα
656 865 804 949 δρῶντας,
816 867 870 928 καὶ
882 862 967 950 teet
979 861 1048 926 τού·
1094 864 1228 928 locutus
1244 871 1304 944 est,
1321 883 1363 928 ne
1377 866 1419 928 ad
1431 865 1535 947 huJ'us
1548 866 1637 929 modi
1649 867 1842 947 spectacula

300 993 364 1050 τοις
380 971 450 1048 ἔθος
465 979 523 1055 της
537 979 672 1056 γραρής
1094 986 1155 1031 nos
1184 953 1341 1049 terreret3
1365 974 1400 1032 et
1424 970 1495 1032 haec
1522 973 1573 1032 est
1602 969 1650 1031 ita
1672 968 1839 1033 referendi

1094 1072 1302 1136 consuetudo
1317 1074 1509 1154 Scriptura.

343 1200 375 1243 v.
392 1181 444 1243 23.
461 1177 526 1243 Καὶ
542 1178 610 1241 εἶπε
621 1185 677 1240 τοῦ
689 1173 908 1259 ἐξολοθρεῶσαι
923 1171 1045 1250 αὐτούς.
1138 1195 1169 1239 ν.
1185 1177 1238 1239 23.
1254 1178 1300 1242 Et
1314 1177 1397 1242 diet't
1409 1181 1448 1240 tet
1460 1176 1658 1258 disperderet
1671 1192 1731 1240 eae.

345 1279 422 1347 Ὅτε
438 1283 541 1349 εἶπεν·
561 1281 601 1346 Εἰ
624 1281 681 1366 μὲν
697 1279 791 1364 ἀφίης
807 1279 912 1355 αὐτοῖς
928 1279 989 1362 τήν
1011 1277 1047 1341 ἁ·
1139 1279 1278 1355 Quando
1294 1280 1396 1344 dixit:
1415 1282 1516 1343 «Nisi
1533 1281 1686 1343 remittas
1702 1280 1749 1342 cis
1765 1294 1841 1359 pee-

306 1384 449 1471 μαρτίαν,
462 1375 551 1471 δρες·
564 1385 591 1448 εἰ
603 1386 638 1450 δὲ
651 1385 705 1470 μή,
715 1381 880 1468 ὲξάλειψθν
893 1401 932 1467 με
943 1383 981 1447 ἐκ
991 1389 1049 1466 τής
1095 1388 1219 1463 catum,
1235 1385 1379 1468 remitte3
1395 1386 1449 1448 sin
1464 1385 1573 1464 aliter,
1589 1384 1728 1448 deleme
1744 1382 1784 1445 de
1800 1383 1841 1446 li·

304 1488 410 1574 βίθλου
426 1510 493 1553 σου.
1094 1486 1154 1550 bro
1169 1493 1272 1550 tuo.»

348 1613 380 1657 ν.
398 1595 451 1656 26.
463 1590 528 1656 Καὶ
540 1591 639 1678 επηρε
650 1593 709 1676 τήν
720 1599 815 1676 χεῖρα
825 1590 923 1656 αὐτοῦ
939 1586 987 1654 ἐπ’
996 1588 1050 1652 αθ
1139 1609 1171 1653 v.
1195 1592 1247 1654 26.
1271 1591 1315 1655 Et
1337 1590 1459 1656 luerit
1478 1608 1609 1656 οιαιιιιια
1629 1607 1724 1658 sama
1745 1605 1847 1671 supet·

302 1696 384 1773 τούς.
1099 1712 1159 1761 eos.

344 1795 467 1884 Ὠσπερ
482 1798 642 1884 ὀφθαλμὸς
653 1798 782 1884 Κυρίου,
794 1800 850 1863 καὶ
860 1807 965 1885 χεῖρες
981 1798 1049 1864 θνο-
1141 1800 1185 1862 Ut
1199 1800 1318 1862 oculus
1332 1800 1479 1880 Domini,
1496 1817 1617 1863 manus
1638 1816 1772 1880 quoque
1786 1815 1846 1862 vo-

302 1904 455 1989 μὰζονται
469 1903 614 1988 δυνάμεις
629 1905 710 1980 τινὲς
724 1901 839 1988 νοεραί.
1096 1907 1217 1968 cantur
1234 1903 1427 1985 spirituales
1443 1904 1598 1966 virtutes.

346 2029 378 2071 v.
395 2009 448 2072 28.
464 2006 529 2072 Καὶ
544 2005 754 2091 ἐτελέσθησαν
770 2015 813 2090 τῷ
829 2003 1023 2092 Βεελρεγώρ.
1143 2026 1175 2070 ν.
1192 2009 1245 2071 28.
1263 2007 1309 2070 Εἰ
1322 2007 1451 2072 initiate
1464 2011 1542 2070 mett
1556 2006 1757 2090 crememur.
1828 2009 1832 2016 ‘

346 2111 488 2176 Εἴδωλον
503 2121 597 2174 τοῦτο
607 2109 814 2196 Ἀμμανιτῶν,
826 2110 844 2175 ὁ
856 2109 1052 2198 καλούμενος
1142 2111 1273 2174 idolum
1290 2115 1341 2174 est
1355 2111 1635 2190 ammonitarum,
1651 2111 1742 2193 apud
1754 2111 1845 2174 Grae-

303 2216 377 2300 παρ’
388 2211 526 2300 Ἕλλησι
540 2212 672 2298 Κρόνος.
1098 2233 1154 2279 cos
1170 2219 1328 2277 vocatum
1343 2215 1506 2278 Chronos.

346 2321 398 2383 29.
416 2317 481 2384 Καὶ
496 2319 614 2403 ἔφαγον
630 2315 735 2394 θυσίας
750 2318 881 2402 νεκρῶν.
1141 2338 1172 2382 ν.
1185 2320 1236 2382 29.
1250 2321 1294 2384 Et
1305 2319 1752 2402 rteeudteccrerentsecrefieie
1763 2336 1845 2382 taor-

1100 2428 1236 2488 taceam.

346 2521 392 2591 Ἦ
409 2527 460 2590 δια
476 2527 510 2588 τὸ
526 2523 770 2610 νεκρομαντείας
784 2526 826 2589 τὰ
840 2525 910 2610 περὶ
926 2526 965 2589 τὰ
980 2523 1052 2602 {tc-
1142 2528 1203 2589 Vel
1221 2544 1280 2607 per
1295 2527 1571 2606 necromantiam,
1584 2527 1787 2591 immolando
1799 2528 1849 2590 vi·

303 2649 343 2694 να
357 2628 486 2706 τελετὰς
498 2639 606 2711 ποιεῖν,
629 2628 720 2714 ήδιδι
734 2632 770 2694 τὸ
790 2637 908 2713 νεκρῶν
930 2627 1050 2712 ἀνδρῶν
1097 2634 1217 2697 ctimas
1244 2631 1344 2711 juxta
1370 2634 1562 2712 simulacra,
1591 2635 1646 2697 rel
1671 2633 1849 2696 recolendo

304 2735 429 2820 μνήμας
442 2735 606 2801 ποιεῖσθαι.
627 2734 744 2820 Νεκροὶ
765 2737 838 2821 γὰρ,
853 2734 882 2799 οἱ
904 2735 974 2819 περὶ
997 2735 1051 2798 τὸν
1098 2738 1277 2801 memorias
1289 2742 1513 2800 mortuorum:
1526 2739 1651 2802 mortui
1663 2743 1744 2802 sunt
1755 2738 1847 2802 enim

304 2839 438 2924 Κρόνον.
1096 2841 1155 2922 qui
1171 2839 1312 2903 adorant
1326 2841 1508 2920 Chronum‚
1524 2843 1596 2906 sive
1611 2848 1754 2924 tempus.

348 2965 380 3008 ν.
406 2947 457 3010 30.
477 2942 542 3009 Καὶ
564 2945 640 3028 ἔστη
664 2943 786 3028 Φινεὲς,
801 2945 856 3008 καὶ
875 2942 1050 3027 ἐξιλασατο,
1140 2962 1171 3006 v.
1188 2946 1239 3006 30.
1254 2946 1300 3007 Bt
1312 2947 1403 3010 stetit
1423 2948 1571 3025 Ptiaees,
1590 2950 1620 3012 et
1634 2947 1792 3026 placeret,
1812 2949 1843 3010 et
1981 3003 1982 3006 ,

306 3049 361 3112 καὶ
377 3046 570 3131 ἐκθπασενή
586 3047 729 3132 θραῶσις.
882 3093 885 3100 -
1099 3050 1237 3115 asseret
1251 3050 1431 3114 calceatos.

345 3146 424 3215 Ὅτε
447 3150 571 3216 ἀνεῖλεν
594 3154 652 3236 τήν
678 3149 864 3237 Ἀμμανίτιν
893 3151 973 3235 μετὰ
995 3160 1051 3215 τοῦ
1142 3154 1280 3229 Quando
1309 3154 1458 3217 confodit
1479 3155 1741 3218 Ammonitidem
1768 3173 1847 3218 curn

304 3255 553 3339 πορνεύσαντες·
575 3256 716 3321 διδάσκει
742 3255 777 3319 δὲ
802 3253 887 3340 ήμᾶς
913 3256 931 3321 ὁ
956 3254 1050 3340 λόγος
1097 3255 1319 3321 fornicatore:
1351 3276 1426 3338 quaa
1459 3260 1628 3340 scriptura
1658 3259 1753 3321 docet
1782 3275 1844 3322 nos

248 3437 252 3444 ¹
305 3359 403 3423 πόσον
426 3359 554 3424 δύναται
585 3359 653 3438 ἑνὸς
676 3359 787 3444 ἀνδρὸς
809 3359 953 3446 εὐσέβεια
975 3363 1052 3446 πρὸς
1095 3367 1263 3444 quantum
1285 3362 1397 3424 valeat
1419 3361 1509 3442 apud
1524 3363 1632 3424 Deum
1656 3363 1758 3424 unius
1774 3363 1841 3424 viri

308 3464 399 3531 Θεθν.
1095 3467 1229 3543 religio.

347 3572 379 3634 t.
396 3571 449 3635 32.
465 3568 530 3634 Καὶ
545 3567 694 3653 ἐκακώθη
718 3567 856 3656 Μωυσής
877 3568 917 3634 δι’
929 3567 1051 3647 αὐτούς.
1139 3587 1171 3631 ν.
1195 3571 1247 3634 32.
1271 3569 1315 3634 Et
1335 3571 1470 3632 cecatus
1491 3574 1540 3634 est
1562 3570 1689 3649 Moyses
1707 3571 1843 3648 propter

1098 3688 1157 3738 eos.
1691 3704 1694 3711 ·

347 3777 434 3844 Ἀντὶ
449 3788 504 3843 τοῦ
519 3775 732 3862 προσέκρουσε
749 3773 829 3862 Θεῷ.
1141 3776 1178 3838 Id
1193 3781 1254 3856 est,
1270 3777 1429 3840 clamavit
1443 3779 1522 3840 Deo.

244 3959 249 3970 ⁵
345 3904 377 3947 ν.
395 3885 447 3948 34.
464 3879 533 3948 Οὐκ
546 3880 779 3966 ἐξῶλθθρευσαν
795 3883 835 3946 τὰ
853 3879 927 3966 ἔθνη
945 3881 966 3946 ἃ
982 3882 1050 3948 εἶπε
1139 3899 1171 3942 ν.
1188 3882 1240 3942 34.
1259 3881 1332 3946 Noa
1353 3881 1613 3961 disperdiderunt
1630 3885 1741 3963 aenas
1763 3898 1847 3964 quas

305 3987 421 4070 Κύριος
437 3987 551 4062 αὐτοῖς.
1096 3984 1178 4049 dr'alt
1192 3985 1350 4050 Dementes
1365 3987 1448 4052 illis.

351 4088 389 4155 ‘0
402 4090 594 4177 ἀποθέμενος
609 4087 753 4174 τὰπάθη,
766 4075 1051 4174 οὔτοςέξωλθθρευ-
1140 4091 1203 4167 Qui
1230 4089 1347 4168 dejicit
1367 4093 1569 4171 voluptates,
1599 4091 1655 4154 ille
1678 4089 1843 4171 disperdit

306 4217 359 4260 σεν
374 4197 414 4259 τδι
429 4193 502 4279 ἔθνη
519 4195 540 4259 ἃ
560 4195 629 4258 εῐπε
644 4193 770 4277 Κύριος.
1096 4200 1217 4273 gentes
1232 4211 1317 4274 quas
1333 4195 1548 4257 renunciavit
1568 4194 1741 4258 Dominus.

349 4319 381 4364 ν.
398 4302 450 4362 45.
468 4297 533 4362 Καὶ
547 4296 688 4382 ἐμνήσθη
706 4305 763 4382 τής
778 4294 931 4380 διαθήκης
944 4295 1050 4379 αὐτοῦ,
1139 4317 1170 4361 ν.
1187 4299 1240 4362 45.
1256 4299 1301 4363 Et
1314 4315 1433 4362 ποσιτιον·
1438 4297 1516 4378 suit
1531 4297 1722 4376 testeereeote',
1738 4301 1768 4362 et
1776 4313 1843 4377 μα’·

305 4408 359 4469 καὶ
376 4401 574 4490 μετεμελήθη
590 4402 724 4468 κατὰτὸ
740 4399 859 4487 πλήθος
874 4409 930 4466 τοῦ
945 4399 1052 4479 ἐλέους
1094 4403 1198 4467 attuit
1209 4419 1281 4466 eura
1302 4401 1475 4467 remendare
1488 4401 1731 4468 multitudinem
1749 4404 1843 4466 mise-

306 4509 413 4573 αὐτοῦ.
1095 4506 1242 4574 acceia
1255 4523 1331 4571 stete

337 4791 364 4830 v.
378 4773 421 4829 23.
435 4773 502 4830 Vat.
515 4773 541 4828 5.
560 4771 652 4828 exod.
672 4787 774 4842 ωτι,
789 4770 833 4828 82.
852 4771 888 4826 σθ,
907 4771 1049 4829 Athenas.
1130 4789 1158 4830 v.
1171 4771 1215 4828 30.
1234 4772 1301 4829 vac
1319 4771 1346 4826 5.
1365 4771 1450 4826 Num.
1463 4788 1535 4842 xxv,
1555 4771 1579 4828 7.
1605 4769 1679 4825 alias
1697 4773 1845 4827 Ηαδιανίτιν

305 4859 480 4915 Τθιεοθοτοθ.
494 4864 525 4916 et
535 4857 647 4932 pseudo
659 4857 811 4931 chrysost.
1094 4859 1336 4928 ποθ’λμμανῑτην.

337 4963 365 5002 ν.
384 4948 428 5002 26.
448 4947 515 5002 Vat.
534 4946 559 5001 4.
582 4946 705 5002 Rectius
723 4943 865 5014 Origenes
883 4943 921 4999 ad
939 4946 1051 5004 clavem
1127 4964 1154 5003 v.
1167 4947 1210 5016 32,
1224 4946 1267 5000 34.
1285 4947 1340 5002 Vet
1353 4947 1379 5001 5.

303 5031 453 5086 Melitonis
465 5049 552 5103 quam
564 5032 677 5102 habuit,
691 5048 723 5087 se
734 5031 894 5088 retulisset.
1129 5051 1156 5090 ν.
1169 5034 1213 5088 45.
1227 5035 1293 5090 Vat.
1311 5033 1337 5104 4,
1351 5035 1377 5088 6.
1391 5031 1539 5089 Scholium
1556 5032 1676 5088 canant
1694 5033 1732 5089 ad
1750 5032 1843 5088 'Pheo-

334 5137 361 5174 v.
374 5119 417 5173 28.
436 5119 503 5175 vat.
516 5121 542 5174 5.
556 5119 592 5175 cf.
612 5117 747 5176 eumdem
764 5118 966 5180 Athanasium.
1095 5122 1229 5180 (loretum
1242 5126 1271 5178 et
1283 5119 1658 5194 pseudo-chrysostomum.
