4006 6090
838 413 886 514 ’νυ
909 437 1096 514 assinos
1552 465 1554 472 v
1687 455 1748 518 sor

205 588 276 665 νων,
293 582 370 663 όπερ
385 589 440 649 νῦν
461 573 558 651 αἰνεῖν
572 581 699 669 λέγεται
720 586 756 650 τό
772 583 872 672 ὄνομα
889 584 954 653 Κυ-
999 606 1077 653 men
1097 589 1242 654 Domini.
1260 590 1332 656 111ae
1354 608 1435 656 vero
1452 609 1567 657 omnes
1590 611 1688 675 aqum
1706 594 1751 658 si-

208 684 286 770 pioo.
303 685 414 752 Ταῦτα
425 686 460 751 δὲ
471 686 627 776 πάντατά
640 689 742 755 όδατα
755 689 953 776 oppetunt&
999 690 1168 769 gnificent
1189 699 1307 759 sancta
1329 699 1363 759 et
1395 697 1587 777 spiritualia
1609 699 1749 776 agmina

209 791 286 876 όγια
307 790 362 855 καί
384 789 499 876 λογικά
519 790 669 878 τάγματα
679 791 838 878 διαφόροις
853 792 954 859 θνόια-
998 792 1148 860 diversos
1165 797 1307 862 mundos
1331 799 1530 877 habitantia,
1557 818 1633 883 qum
1654 819 1750 866 sacer

202 893 349 981 τρίόοντα
362 896 502 983 κόσμοις,
525 899 606 983 άπερ
621 898 639 962 ό
660 896 743 984 ίερός
756 896 951 977 Ἀπόστολος
996 901 1176 980 Apostolus
1187 903 1264 966 aliis
1277 903 1471 968 nominibus
1482 906 1644 986 signavit,
1657 905 1747 970 thro·

203 997 353 1085 όνόρσσιν
367 999 484 1086 ίτίροις
506 1000 678 1087 δεδήλωκε,
694 999 828 1088 θρόνους
850 1000 952 1089 λέγων
997 1019 1058 1066 nos
1072 1023 1209 1088 vocans,
1229 1008 1443 1088 principatus
1464 1012 1498 1072 et
1512 1013 1705 1090 potestates.

205 1105 261 1170 καί
275 1105 463 1190 κυριότητος
477 1107 533 1170 και
548 1104 700 1186 ἐξουσίας.

247 1229 279 1273 ν.
298 1211 348 1274 12.
372 1207 541 1275 Νεανίσκοι
563 1211 619 1275 και
640 1207 798 1294 παρθίνοι,
820 1207 953 1295 πρεοόύ-
1039 1229 1071 1276 ν.
1097 1214 1147 1278 12.
1169 1215 1308 1281 lemanno
1328 1219 1361 1280 ει
1379 1215 1536 1298 hirpinos,
1560 1232 1652 1281 senes
1672 1234 1745 1282 nom

199 1332 252 1379 ται
274 1314 355 1400 μετά
374 1312 533 1407 νεωτέρων
555 1312 771 1380 σίνεσάτωσαν
792 1317 828 1380 τό
850 1315 951 1402 ὄνομα
990 1315 1181 1395 joanninus
1194 1317 1328 1385 nonno
1341 1335 1453 1384 nornen
1466 1320 1608 1384 Domini.
1637 1398 1641 1407 Ι

201 1415 331 1503 Κυρίου.
1341 1431 1351 1440 “

243 1517 491 1608 Ἔτεροςιίπεν·
505 1520 637 1602 Ὁσάκις
653 1517 811 1611 μέρνηταί
830 1520 951 1588 νεανίσ-
1042 1527 1136 1592 Alter
1158 1526 1261 1592 dixit:
1287 1549 1305 1589 π
1325 1529 1461 1605 Quoties
1484 1528 1659 1610 Scriptura
1681 1547 1749 1594 me·

197 1646 263 1692 κων
278 1625 301 1710 θ
315 1629 423 1714 γραφὴ
439 1628 494 1694 καί
508 1624 682 1713 παρθένων,
697 1629 770 1706 τοὺς
785 1626 820 1693 ίν
835 1625 949 1714 άγνσίρι
995 1629 1096 1695 minit
1108 1631 1255 1712 juvenes
1271 1636 1306 1696 et
1320 1633 1483 1714 virgines,
1502 1633 1619 1712 signat
1633 1636 1748 1700 minue

198 1729 353 1817 σημαίνει,
376 1733 412 1796 τό
435 1731 624 1818 ἀδιάφθορον
646 1732 797 1818 ίχοντας·
820 1735 893 1811 τοὺς
912 1732 948 1799 n
994 1731 1119 1815 doctos,
1146 1752 1268 1816 puram
1295 1737 1548 1818 simplicitatem
1574 1736 1746 1804 hahentes.

197 1833 765 1923 νεωτίρουςδιαόεόλημρένουςόντας
778 1845 948 1922 τοιςπρισ-
992 1838 1014 1899 J
1018 1838 1153 1902 uniores
1176 1844 1291 1903 autem
1312 1841 1373 1924 qui
1400 1841 1488 1904 male
1511 1840 1665 1922 audiunt,
1696 1860 1747 1907 se·

197 1937 337 2026 όυτίροις
359 1938 517 2023 συνάπτει,
533 1938 575 2019 ὡς
596 1940 636 2006 ἂν
650 1938 684 2020 ἐξ
699 1940 802 2006 αὐτῶν
823 1961 945 2026 coppo-
993 1940 1145 2006 nioribus
1168 1941 1359 2024 coniungit,
1375 1947 1415 2007 nt
1433 1943 1534 2025 Juxta
1554 1946 1629 2010 illos
1645 1948 1745 2012 mori-

196 2042 340 2128 νίζοιντσ.
362 2042 532 2112 Νεανίσκοι
553 2045 609 2111 καί
633 2043 792 2131 παρθένοι,
814 2043 947 2131 πρεσόθ-
992 2046 1104 2120 gemti
1126 2043 1220 2110 fiant.
1246 2049 1385 2113 Jnnnna
1410 2053 1442 2114 et
1469 2050 1624 2133 cirpines,
1653 2069 1745 2117 εωιεε

196 2169 282 2235 τεροι
297 2151 378 2236 μετὰ
398 2145 567 2235 νεωτέρων,
590 2147 807 2217 σίνεσόιτωσαν
827 2151 864 2216 τό
879 2151 946 2217 όνο-
996 2148 1266 2229 cumfautoribus
1279 2156 1409 2219 annunt
1420 2169 1534 2219 nomm
1546 2155 1720 2220 Donnini.»

197 2271 243 2340 μα
256 2251 385 2339 Κυρίου.

239 2375 273 2422 ν.
290 2359 341 2438 13,
367 2357 418 2422 14.
440 2351 514 2423 Ὀτι
535 2354 647 2443 iddio
670 2357 707 2422 τό
721 2356 824 2445 όνομα
847 2359 945 2426 αὐτοῦ
1035 2374 1067 2421 ν.
1085 2358 1137 2440 13,
1155 2359 1209 2424 14.
1227 2359 1311 2437 ρυία
1328 2359 1505 2426 εσνίίοίνοα
1519 2365 1569 2427 cst
1587 2379 1700 2428 nwnoen
1713 2380 1744 2429 ε-

197 2459 303 2548 ρόνου,
325 2458 347 2546 ἡ
370 2459 595 2548 ίξομολόγησις
618 2461 716 2527 αὐτοῦ
738 2460 790 2528 inl
811 2472 872 2550 γῆς
890 2465 946 2530 καί
982 2457 1045 2540 jna
1057 2462 1170 2529 soline.
1198 2464 1363 2549 Confessio
1384 2465 1456 2547 ejus
1474 2483 1573 2549 snper
1586 2468 1698 2534 ooelnnt
1712 2472 1746 2535 εί

195 2564 339 2649 οὐρανοῦ,
367 2566 424 2630 καί
453 2563 572 2652 ὑψώσει
596 2563 693 2652 κίρσις
720 2565 800 2633 λαοῦ
827 2571 942 2636 αὺτοῦ.
988 2566 1123 2648 terrant,
1142 2567 1295 2636 antonio
1308 2586 1407 2638 omno
1420 2570 1538 2653 populi
1552 2572 1616 2637 ευτ’.
1638 2575 1742 2655 Προι-

194 2663 309 2755 Ὗρνσς
327 2677 405 2734 πάσι
418 2678 484 2748 τοῖς
503 2666 599 2748 ὁσίοις
613 2670 719 2755 αὐτοῦ,
734 2679 799 2748 τοῖς
814 2669 891 2750 olon
904 2671 944 2740 Ἰ·
986 2685 1052 2735 νινε
1075 2671 1222 2738 mnibus
1242 2675 1368 2740 εαπείίε
1393 2675 1475 2756 τότε,
1499 2676 1595 2760 filias
1618 2677 1737 2760 Israel,

70 2757 74 2762 ⁵
194 2772 309 2861 σραὴλ,
325 2773 392 2860 λαῷ
405 2770 562 2860 ἐγγίζοντι
575 2773 670 2860 αὐτῷ.
979 2772 1101 2854 popolo
1114 2778 1388 2860 appropinquanti
1402 2777 1476 2844 not.

236 2875 278 2944 Ἦ
289 2875 514 2964 ἐξομολόγησις
525 2878 623 2943 αότοό
633 2886 699 2956 τοῖς
709 2877 786 2958 olon
800 2876 942 2968 Ἰσραὴλ,
1032 2880 1204 2946 confessio
1218 2880 1294 2963 ejus
1306 2883 1401 2966 filiis
1416 2883 1534 2964 Israel,
1551 2882 1670 2966 popnlo
1683 2899 1741 2966 cp-

192 2981 262 3070 λοιῷ
283 2981 441 3070 ἐγγίζοντι
462 2982 557 3068 αὐτῷ.
574 3021 616 3032 -
637 2981 798 3063 Πολλάκις
820 2985 943 3070 είρηται
980 2985 1222 3067 propinquanti
1246 2986 1320 3053 ndi.
1352 2991 1589 3071 Saepenumero
1611 2988 1740 3054 dictum

192 3096 259 3166 πῶς
274 3088 409 3173 όψοῠται
418 3087 473 3151 καί
484 3084 651 3173 ἁγιάζεται
665 3088 720 3153 καὶ
732 3087 943 3174 ρεγαλόνεται
988 3091 1049 3167 est,
1069 3090 1236 3170 quomodo
1259 3092 1429 3155 exaltetur
1451 3097 1487 3156 et
1507 3092 1740 3158 sanctificetur

192 3193 229 3257 τό
244 3191 344 3277 όνορα
364 3188 494 3275 Κυρίου.
507 3189 657 3258 Αίνεείον
681 3189 750 3256 ίπεί
765 3192 942 3280 συγκεκλτὶ-
989 3194 1023 3253 et
1036 3192 1277 3271 magnificetur
1300 3196 1570 3260 nornenDomini.
1589 3195 1743 3261 Laudan-

193 3315 292 3382 ρυται
304 3296 389 3382 αὐτῷ
403 3297 439 3361 τό
453 3295 533 3382 όψος
547 3296 604 3360 κοιι
618 3293 640 3381 ἡ
656 3294 734 3375 δόξα
745 3295 838 3383 καὶὴ
854 3301 943 3384 παρὰ
987 3293 1069 3360 dum
1089 3301 1150 3377 eet,
1173 3299 1335 3379 quonism
1351 3300 1387 3362 in
1409 3306 1500 3364 sorte
1523 3300 1597 3382 ejus
1621 3319 1739 3366 cumu-

191 3399 318 3468 πάντων
332 3396 525 3486 εὐχαριστία.
541 3397 587 3465 Τὸ
601 3398 637 3463 δὲ
660 3397 756 3485 μόνου
771 3403 850 3485 πρὸς
864 3403 938 3479 τοὺς
988 3401 1058 3463 lats
1079 3407 1131 3466 est
1153 3403 1298 3466 elevatio
1321 3407 1356 3467 et
1370 3405 1483 3482 gloria
1498 3409 1532 3468 et
1547 3407 1743 3484 gratiarum·

191 3507 251 3572 οὐκ
265 3505 358 3583 όντας
380 3502 625 3571 ἀντιδιαστέλλει
643 3503 748 3583 θεούς.
764 3500 821 3584 Ὦς
837 3505 872 3572 δι
886 3507 941 3594 np—
986 3506 1075 3569 aotio
1101 3506 1256 3571 habenda
1277 3508 1320 3573 ab
1346 3509 1514 3574 omnibus.
1538 3510 1612 3574 Vox
1633 3511 1738 3577 soline

191 3610 326 3699 χόρενος
341 3610 404 3676 ἀπὸ
426 3618 483 3676 τοῦ
496 3610 631 3694 οίιρανοῠ
652 3608 874 3696 καταόίόηκεν
897 3613 942 3692 εἰς
979 3611 1209 3708 contradens
1235 3614 1296 3695 qui
1325 3631 1394 3678 non
1424 3619 1515 3696 sunt,
1547 3617 1738 3696 opponitur.

190 3718 250 3802 τὴν
264 3723 336 3802 γῆν,
352 3717 434 3781 οότω
449 3723 503 3781 νυν
517 3712 581 3780 ἀπὸ
595 3722 656 3801 γῆς
670 3716 723 3782 ἐπὶ
739 3716 794 3782 τόν
809 3717 942 3802 ουρανόν
987 3716 1082 3780 Sicut
1103 3722 1218 3782 autem
1238 3719 1275 3782 in
1298 3717 1436 3783 exordio
1450 3737 1472 3782 a
1493 3719 1578 3784 omlo
1600 3718 1736 3784 descen·

190 3817 369 3906 ἀνατρέχει
384 3817 432 3885 Oi
446 3819 599 3885 παύονται
614 3822 687 3907 γάρ,
703 3823 808 3907 φησιν,
826 3820 860 3888 ni
874 3823 940 3889 άνω
988 3820 1039 3886 dit
1061 3822 1097 3888 in
1120 3825 1256 3904 terram,
1278 3824 1327 3887 its
1349 3841 1441 3887 nuno
1463 3841 1484 3886 a
1504 3829 1597 3887 terro
1619 3839 1738 3886 excur-

189 3921 336 4009 δυνίιμεις
350 3922 544 4010 εὐχαρίστως
559 3922 940 4011 άνυμνοόσαιεόναίτιον·
986 3926 1032 3991 rit
1054 3927 1090 3991 in
1120 3929 1255 3993 coelum.
1278 3931 1351 3994 Non
1374 3933 1522 4010 cessant,
1545 3929 1604 4009 ait,
1623 3945 1739 4010 euper-

189 4025 356 4112 όλλ’όμως
375 4025 555 4106 ότοσοῠτος
579 4026 660 4106 Θεὸς
683 4028 743 4094 οὐκ
765 4028 941 4115 ἀπηξίωται
985 4049 1039 4096 nm
1067 4033 1213 4097 virtutes
1243 4038 1343 4114 grato
1375 4051 1454 4098 oum
1484 4034 1598 4098 animo
1624 4037 1739 4097 aucto-

188 4128 268 4196 λαόν
281 4130 361 4198 ίδιον
381 4129 468 4216 ἡμᾶς
490 4132 643 4217 ὀνομάσω
665 4154 700 4199 τε
714 4137 770 4200 καὶ
792 4135 938 4220 ὑψσόσαι,
985 4153 1058 4200 rem
1092 4136 1229 4220 hymnis
1266 4137 1464 4218 celebrare3
1501 4140 1737 4214 verumtamen

187 4242 368 4319 περιφανεῖς
384 4233 520 4319 ποιήσας
536 4235 707 4322 ἀγαθότιρτι
722 4238 815 4327 μόνῃ,
830 4242 886 4304 καί
901 4240 938 4305 cd
983 4246 1101 4307 tantus
1130 4242 1188 4307 ille
1222 4244 1313 4307 Deus
1348 4260 1415 4307 non
1445 4242 1651 4322 dedignatus
1682 4247 1735 4306 est

188 4343 246 4421 τῆς
261 4336 336 4422 παρ’
345 4336 436 4424 ἡμῶν
450 4337 652 4422 θεραπείαςό
667 4342 853 4428 τηλικοῦτος
868 4343 936 4410 δεό-
984 4361 1104 4415 vocare
1127 4361 1189 4409 nos
1211 4347 1381 4428 propriam
1404 4345 1537 4428 piebem
1557 4364 1676 4426 suam,
1700 4351 1735 4412 et

190 4460 299 4526 μενος·
313 4442 366 4507 ἵνα
380 4441 415 4505 δι
431 4445 473 4528 μὴ
498 4441 701 4530 όᾳθυρήσωσι
715 4446 788 4511 λαοὶ
808 4446 939 4514 ἀκοόον-
983 4449 1144 4529 exaltare,
1167 4451 1332 4530 gloriosos
1362 4450 1489 4516 iaciens
1513 4469 1555 4516 ex
1582 4455 1654 4517 sola
1676 4452 1734 4517 bc-

188 4565 250 4630 τις,
266 4553 330 4622 τοῖς
345 4543 442 4625 ὁσίοις
457 4557 626 4633 προσεῖπεν
648 4551 703 4614 καὶ
725 4552 761 4615 τό
783 4550 938 4638 ἐγγίζοντι
983 4553 1170 4634 nignitate,
1194 4554 1254 4635 qui
1276 4553 1355 4618 talis
1379 4559 1431 4620 est
1452 4559 1492 4618 ut
1513 4555 1654 4619 minime
1676 4573 1733 4620 no·

189 4649 285 4717 πσίλιν
307 4647 482 4735 ἐπίθγκεν·
507 4650 612 4718 conlo
639 4655 701 4740 γάρ
732 4654 827 4722 αυτόν
857 4655 939 4743 ρόνα
982 4663 1054 4723 stra
1075 4659 1251 4724 sanatione
1274 4657 1445 4737 indigeat:
1476 4660 1535 4724 sed
1558 4677 1600 4725 ne
1622 4665 1732 4742 torpe-

222 4841 251 4882 v.
264 4824 358 4897 11114.
368 4826 436 4885 Vat
448 4827 490 4882 16.
500 4827 620 4896 Ἕτερος,
630 4826 696 4900 quis
705 4827 827 4902 nempe?
839 4828 884 4886 ita
891 4846 938 4887 eo·
982 4829 1200 4890 Alexandrinis.
1209 4829 1276 4889 Uno
1286 4830 1364 4886 enim
1375 4835 1482 4902 tractu,
1493 4831 1628 4904 neglecto
1637 4837 1733 4900 στίχων

186 4912 230 4969 let
237 4912 380 4986 Origenes
390 4911 535 4970 adducere
543 4917 660 4972 veteres
666 4913 883 4973 Alexandrinos
893 4916 938 4975 in·
982 4915 1158 4986 discrimine,
1171 4915 1278 4988 grandi
1289 4931 1379 4990 passu
1389 4915 1427 4973 ad
1438 4916 1545 4974 ultima
1554 4917 1660 4992 psalmi
1670 4933 1735 4977 var·

185 5004 341 5074 terpretes,
359 5016 394 5056 ac
411 4999 583 5074 diligentius
601 4999 628 5056 si
644 5015 799 5058 rodensem
816 5020 938 5078 sequen·
981 5002 1021 5060 ba
1031 5000 1205 5060 excurritur.
1218 5001 1290 5072 Qum
1299 5002 1419 5076 quidem
1427 5008 1462 5060 nt
1471 5005 1588 5077 eximie,
1600 5005 1734 5062 Theodo-

187 5085 239 5158 tia,
256 5087 348 5144 alium
365 5085 453 5144 facile
470 5087 589 5162 stylum,
603 5086 696 5145 aliem
712 5087 939 5163 grandiloquos·
981 5107 1033 5146 rue
1053 5088 1230 5146 Heracleote
1251 5104 1311 5146 non
1332 5089 1472 5162 neglexit,
1491 5091 1543 5149 eed
1561 5092 1735 5168 paraphrasi

187 5173 262 5234 tiam
282 5189 433 5250 agnosces,
456 5189 522 5248 que
550 5174 689 5236 solemnis
710 5180 756 5235 eet
773 5175 938 5238 senioribus
982 5193 1036 5238 eus
1047 5175 1079 5234 in
1090 5173 1194 5251 primia
1207 5173 1311 5234 ultime
1323 5175 1516 5238 confirmavit.
