4044 6104
843 453 887 518 IN
910 455 1096 520 PSALMOS
1672 456 1737 519 435

191 601 364 677 χαροῦνται
386 590 421 656 δὲ
436 591 464 657 εἰ
487 592 530 678 μη
554 589 680 678 τύχοιμι
700 600 757 658 τοῦ
779 594 866 677 παρόι
881 602 939 658 σοῦ
983 600 1072 659 sunt.
1103 595 1324 662 Laetabuntur
1355 600 1480 676 autem,
1508 596 1537 661 si
1569 600 1630 660 tua
1666 614 1734 660 non

191 694 308 777 ἐλέους,
324 695 353 760 σί
367 696 430 782 ηδη
447 696 501 760 καί
518 694 667 780 πρότερον
679 697 713 763 έν
727 706 771 784 τῷ
786 695 939 782 σαλευθῆ-
997 719 1076 764 ruar
1090 701 1327 780 misericordia,
1340 701 1495 768 homines
1511 701 1569 764 isti
1583 702 1652 781 qui,
1668 705 1735 764 sta·

189 817 240 862 ναι
252 797 352 876 πόδας
364 821 423 885 μου
432 798 824 887 μεγαλορρημονησαντες·
836 802 864 865 εί
875 803 937 888 γὰρ
981 806 1044 868 tim
1061 811 1099 868 ut
1112 806 1261 886 primum
1276 805 1377 886 pedes
1390 806 1458 867 mei
1474 807 1737 885 commotisunt,

190 902 301 966 καὶτὰ
316 901 452 987 μάλιστα
466 898 660 987 σσλευθηναί
675 923 727 988 μοι
738 900 852 987 συνέθη
866 907 939 981 τοὺς
982 925 1109 986 magna
1124 910 1227 971 locuti
1242 909 1379 972 suntsi
1395 910 1488 972 enim
1503 910 1537 971 in
1551 909 1670 992 primis
1683 925 1735 972 ao-

190 1005 300 1088 πόδας,
316 1005 389 1072 καθ’
400 1008 435 1072 δν
450 1004 595 1091 καιρόνὴ
619 1006 735 1091 καρδία
751 1029 809 1093 μου
825 1008 937 1091 ἐταρόι-
982 1013 1072 1076 cedit
1083 1014 1167 1076 mibi
1179 1017 1360 1076 commotos
1372 1012 1483 1077 fuisse
1498 1013 1610 1094 pedes,
1628 1029 1736 1093 quum

188 1109 252 1196 χθη
268 1113 322 1175 καί
337 1111 504 1197 συνεχύθη,
521 1111 592 1176 ἀλλ’
605 1112 641 1176 οὐ
658 1112 760 1198 πάντη
776 1113 938 1196 περιετρά-
982 1116 1220 1180 conturbatum
1237 1123 1288 1179 est
1309 1134 1367 1180 cor
1386 1134 1510 1179 meum
1534 1119 1568 1179 et
1590 1114 1735 1192 effusum

189 1235 263 1298 πην,
280 1213 353 1279 οὐδὲ
368 1224 482 1300 πτῶμα
498 1217 611 1281 ἔπεσον
628 1226 761 1300 τοιοῦτο,
778 1219 842 1284 οίον
859 1217 887 1283 οἱ
904 1216 938 1279 ἀ·
982 1226 1043 1302 est,
1067 1226 1102 1285 at
1124 1239 1191 1284 non
1211 1239 1347 1304 prorsus
1363 1221 1602 1303 subvertebar,
1625 1237 1736 1301 neque

188 1317 345 1382 ποστόιται
358 1317 539 1404 γενόμενοι·
555 1319 623 1383 ἐπεί
639 1320 692 1385 οὖν
709 1319 742 1386 ἐν
758 1321 842 1406 αὐτῷ
859 1317 938 1386 ὲκεί-
982 1326 1086 1390 1ωσ1ι11
1103 1327 1138 1388 in
1155 1325 1246 1388 hunc
1269 1326 1413 1406 lapsum,
1438 1342 1505 1404 quo
1522 1326 1632 1389 crateri
1656 1343 1732 1406 apo

191 1440 234 1507 νιρ
248 1430 293 1508 τῷ
308 1431 408 1508 καιρῷ
431 1422 465 1488 ἐν
480 1431 524 1509 τῷ
539 1423 730 1510 σαλευθῆναι
752 1428 823 1504 τοὺς
840 1425 939 1502 πόδας
982 1434 1077 1493 stata
1093 1429 1190 1493 fiunt.
1207 1429 1345 1503 Quando
1361 1429 1470 1506 igitur
1484 1429 1521 1491 in
1537 1429 1654 1492 eodem
1667 1427 1730 1489 hoc

191 1547 261 1611 μου,
285 1524 334 1590 ἐπ’
345 1525 402 1612 ἐμὲ
424 1525 768 1613 έμεγαλορρημόνησαν
788 1529 817 1593 οἱ
831 1527 939 1614 ἐχθροί
981 1539 1130 1614 tempore
1146 1551 1223 1598 cum
1239 1532 1340 1614 pedes
1356 1533 1422 1619 mei
1439 1533 1658 1612 nutabantur,
1674 1550 1730 1594 su-

189 1650 259 1713 μου,
274 1629 326 1693 ίνα
343 1629 386 1714 μὴ
412 1627 560 1714 μειζόνως
575 1629 807 1716 ἐπικρατήσωσι
825 1633 896 1697 κατ’
907 1634 938 1698 έ-
982 1655 1041 1719 per
1057 1655 1110 1701 me
1126 1655 1253 1716 magna
1274 1639 1385 1701 locuti
1401 1640 1482 1700 suni
1499 1637 1628 1700 inimici
1655 1637 1733 1714 mei,

189 1743 258 1818 μοῦ,
274 1733 325 1797 ἐπὶ
342 1735 377 1797 σέ
392 1732 581 1819 κατέφυγον,
597 1733 640 1812 ὡς
653 1736 704 1800 ἐπί
715 1736 826 1823 λιμένα
837 1758 938 1823 σωτη-
983 1761 1024 1806 ne
1041 1741 1160 1821 majori
1175 1743 1299 1824 plausu
1314 1743 1351 1805 in
1363 1759 1416 1803 me
1437 1743 1631 1819 assurgant,
1643 1740 1686 1803 ad
1701 1745 1734 1804 te

189 1837 267 1924 ρίας,
289 1839 342 1904 τόν
365 1839 420 1904 καί
446 1841 486 1904 τόι
513 1838 626 1904 ἀνίατα
652 1843 740 1926 παρὰ
762 1840 936 1928 ἀνθρώποις
981 1847 1132 1926 confugi,
1147 1851 1311 1927 tanquam
1326 1845 1368 1908 ad
1390 1848 1529 1925 portum
1544 1845 1674 1923 salutis,
1690 1843 1733 1907 ad

188 1951 246 2028 της
261 1943 365 2029 ψυχῆς
380 1942 467 2028 πάθη
483 1943 629 2010 ἰάσασθαι
645 1945 826 2033 δυνάμενον.
954 2026 956 2036 ¹
982 1955 1016 2014 te
1031 1951 1091 2031 qui
1111 1951 1334 2029 agritudines
1357 1950 1485 2012 anima
1508 1950 1563 2012 vel
1583 1948 1736 2030 despera·

982 2060 1034 2118 tas
1050 2055 1244 2118 hominibus
1261 2071 1380 2117 sanare
1397 2057 1501 2134 potes.

236 2172 268 2217 v.
284 2154 393 2218 20-23.
411 2150 450 2217 Oi
465 2153 500 2218 δὲ
516 2151 624 2240 ἐχθροί
640 2174 699 2239 μου
715 2154 801 2235 ζῶσι,
816 2157 873 2220 καί
887 2176 939 2219 κε·
1026 2177 1056 2220 ν.
1073 2160 1182 2222 20·22.
1206 2158 1339 2223 Inimici
1353 2162 1460 2221 autem
1477 2157 1541 2221 mci
1561 2157 1686 2235 vivont,
1703 2160 1735 2220 ei

160 2309 161 2314 ,
189 2255 398 2341 κραταίωνται
410 2257 488 2341 ὑπὲρ
501 2259 567 2343 ἐμὲ,
584 2259 638 2322 καὶ
653 2257 895 2344 ἐπληθύνθησαν
910 2260 939 2324 οί
981 2262 1162 2345 cortfirmati
1183 2267 1261 2326 sont
1281 2279 1379 2342 ιαρα
1402 2265 1502 2326 πισοί
1522 2259 1735 2340 multiplicati

190 2357 351 2448 μισοῦντές
368 2382 406 2446 με
422 2358 552 2439 ἀδίκως·
568 2361 597 2425 οἱ
612 2361 871 2440 ἀνταποδιδόντες
882 2385 939 2426 κα-
980 2367 1126 2450 suntqui
1141 2365 1467 2446 oderuatmcittiqac,
1480 2365 1538 2446 qoi
1548 2363 1734 2429 retribuunt

190 2468 234 2532 κδι
249 2466 318 2532 ἀντὶ
333 2467 460 2552 ἀγαθῶν
482 2465 682 2532 ἐνδιέόαλλόν
699 2489 747 2554 με,
764 2467 831 2532 ἐπεί
846 2489 939 2534 κατε-
981 2471 1069 2535 nuria
1078 2487 1140 2551 pro
1151 2469 1250 2550 troiia,
1261 2467 1566 2547 παίταόοθακίκιίίιί,
1581 2469 1733 2549 qouniam

190 2570 302 2637 δίωκον
333 2571 543 2658 δικαιοσύνην·
575 2574 618 2658 μὴ
646 2570 861 2658 έκγαταλίπης
888 2596 938 2660 με,
981 2572 1733 2658 sequeborjostiiiam;cederelicqiutsmc,Do·
1834 2627 1841 2646 ,

190 2674 289 2761 Κύριε
311 2674 328 2740 δ
351 2673 431 2752 Θεός
458 2695 527 2761 μου,
546 2676 595 2768 μὴ
620 2674 761 2764 ἀποστῇς
784 2675 838 2742 ἀπ’
849 2677 937 2764 έμού.
981 2681 1077 2759 miae,
1092 2683 1181 2744 Deus
1194 2696 1295 2758 meris,
1313 2696 1353 2742 ae
1368 2676 1555 2742 discesseris
1570 2691 1591 2738 α
1604 2691 1664 2754 me,
1683 2675 1734 2738 io-

164 2845 172 2864 ,
192 2777 337 2902 Πρόσχες
357 2778 401 2855 εἰς
423 2780 481 2865 τὴν
505 2777 653 2865 βοήθειάν
677 2802 745 2867 μου,
760 2780 859 2867 Κύριε
881 2791 938 2870 τῆς
981 2782 1318 2865 ίοοόαίααόραίοαίαα
1332 2799 1447 2860 mecm,
1467 2778 1733 2844 Domiocsoloiir

194 2902 351 2967 σωτηριας
367 2903 436 2969 μου.
981 2904 1065 2952 αισα.

190 3091 241 3154 ἐπὶ
274 3091 333 3175 την
366 3090 522 3176 ἁμαρτίαν
552 3091 647 3159 αὐτόν
681 3095 937 3182 κατασυρόντων,
982 3098 1041 3176 qui
1064 3115 1141 3160 eum
1165 3101 1300 3177 propter
1325 3101 1502 3176 peccatum
1529 3093 1730 3170 deriserunt,

188 3192 320 3259 ἱκετεύει
337 3193 371 3257 δέ
387 3195 430 3280 μη
444 3195 620 3280 ἀποστῆναι
635 3198 733 3261 αὐτοῦ
744 3199 797 3263 τόν
810 3198 936 3285 Κύριον.
983 3205 1016 3262 et
1030 3201 1175 3282 supplex
1187 3205 1260 3262 orat
1272 3217 1314 3263 ne
1329 3216 1398 3262 ase
1410 3199 1544 3262 recedat
1556 3198 1729 3260 Dominus.

192 3296 299 3383 Ἑύρα
309 3299 370 3385 γὰρ
382 3302 454 3377 τοὺς
469 3299 602 3385 ἐχθροὺς
613 3303 659 3367 ἔτι
671 3303 726 3366 καί
737 3311 792 3367 νῦν
803 3305 874 3386 περὶ
885 3304 939 3369 αὐ·
982 3304 1147 3367 Cernebat
1169 3305 1259 3367 enim
1283 3303 1498 3366 adversarios
1524 3303 1628 3371 ,etiam
1651 3305 1732 3364 tunc

190 3404 242 3468 τόν
258 3401 395 3480 ἑστῶτας
410 3405 464 3468 καί
479 3403 702 3490 ἐπικειμένους,
720 3405 850 3492 μηδέτη
863 3405 937 3491 πρό·
982 3408 1072 3469 circa
1100 3425 1136 3470 se
1164 3412 1291 3470 stantes
1317 3413 1351 3470 et
1372 3409 1583 3484 ingruentes,
1606 3404 1731 3486 quibus

188 3527 278 3591 τερον
300 3505 371 3572 κατ’
387 3508 483 3573 αὐτοῦ
509 3508 609 3594 τόλμῃ
639 3509 868 3596 ἀρκουμένους·
891 3511 938 3575 διδ
982 3511 1064 3576 satis
1080 3528 1147 3574 non
1164 3514 1237 3574 erat
1254 3512 1346 3590 prior
1361 3510 1522 3573 adversus
1536 3527 1614 3572 eum
1630 3507 1732 3570 auda-

189 3610 329 3696 ἀγωνιῶν
345 3613 388 3697 μη
407 3613 461 3676 καί
483 3612 629 3696 δεύτερον
643 3621 709 3690 τοῖς
731 3613 838 3689 αὐτοῖς
852 3633 938 3698 περι·
981 3615 1051 3677 cia:
1066 3614 1141 3677 ideo
1157 3614 1362 3678 contendens
1382 3616 1481 3676 enixe
1498 3630 1539 3676 ne
1556 3613 1679 3675 iterum
1696 3611 1731 3672 in

189 3713 282 3799 πίση,
298 3713 420 3800 σφόδρα
442 3715 660 3800 ἐγρηγορότως
683 3718 788 3800 φησὶν,
804 3717 851 3780 ότι
874 3717 937 3802 ἐγὼ
981 3719 1098 3782 eadem
1118 3718 1292 3798 recideret,
1319 3717 1409 3781 haud
1432 3719 1506 3781 sine
1526 3717 1634 3780 multa
1657 3714 1733 3778 dili·

190 3819 247 3902 μέν
261 3820 320 3882 ούκ
341 3817 578 3903 ἀνεπαισθητως
600 3821 665 3906 ἔχω
688 3829 745 3905 τῆς
768 3820 934 3905 ἁμαρτίας,
982 3823 1101 3900 geniia
1115 3823 1179 3885 ait:
1192 3820 1357 3901 Equidem
1376 3838 1441 3899 ego
1453 3838 1520 3884 non
1536 3821 1609 3883 sine
1628 3835 1732 3882 sensu

190 3923 274 3988 ἀλλὰ
297 3931 432 4009 μεριμνῶ
455 3925 525 4007 περί
549 3923 647 4010 αύτης
661 3925 715 3989 διόι
736 3926 864 4008 παντὸς,
881 3926 937 3989 καί
981 3928 1110 4008 peccati
1122 3927 1189 3989 mei
1205 3942 1336 4004 mane0,
1352 3925 1411 3989 sed
1426 3923 1605 4001 angustior
1619 3923 1660 3986 de
1673 3921 1732 3983 illo

189 4031 225 4093 τό
244 4028 296 4094 ἐπὶ
317 4035 386 4105 ταῖς
410 4027 623 4114 μεταγνόσεσι
644 4028 861 4115 προσεκόμισα
883 4009 938 4094 δέ·
982 4027 1075 4094 omni
1097 4035 1259 4111 tempore,
1276 4035 1311 4092 et
1325 4027 1443 4092 fletum
1467 4027 1610 4110 expendi
1626 4025 1732 4107 poeni-

189 4153 294 4217 κρυον,
310 4134 345 4197 εὖ
361 4132 450 4210 εἰδὼς
464 4132 512 4196 ότι
526 4142 591 4210 τοῖς
605 4132 698 4218 ἱεροῖς
715 4132 819 4218 νόμοις
842 4155 937 4217 προσ·
983 4136 1098 4200 tentia
1121 4136 1277 4214 dignum,
1300 4135 1454 4198 conscius
1474 4151 1528 4196 me
1548 4135 1582 4197 iu
1598 4136 1732 4216 sanctas

188 4235 359 4322 κέκρουκα.
375 4235 414 4302 01
429 4237 464 4302 δὲ
477 4235 584 4322 ἐχθροί
599 4258 657 4322 μου
670 4235 814 4323 δαίμονες
830 4235 936 4318 ζῶσιν,
980 4241 1074 4320 leges
1090 4240 1284 4321 impegisse.
1299 4241 1425 4303 Verum
1447 4237 1576 4302 inimici
1597 4237 1661 4302 orci
1681 4236 1729 4301 οί-

189 4339 227 4404 οὐ
238 4343 300 4427 γὰρ
315 4339 511 4426 τεθνήκασιν,
528 4341 600 4406 οὐδὲ
613 4341 697 4421 ἅπαξ
711 4339 938 4426 ἐνεργησαντες
979 4348 1069 4422 coci,
1085 4321 1253 4408 dromones
1261 4345 1320 4425 qui
1332 4361 1414 4408 sane
1426 4358 1493 4405 non
1502 4342 1626 4406 mortui
1639 4345 1729 4419 sunt,

188 4445 368 4530 παρῆλθον·
391 4445 437 4510 διδ
460 4444 653 4532 γέγραπται·
678 4445 732 4532 Mt
758 4444 936 4532 μακαρίσῃς
981 4466 1091 4529 neque
1117 4452 1333 4530 praetereunt,
1357 4447 1412 4510 vel
1436 4446 1541 4511 semel
1566 4445 1607 4508 ab
1631 4461 1731 4524 opere

187 4548 349 4634 ἄνθρωπον
366 4551 426 4634 πρὸ
439 4549 589 4636 τελευτης
605 4551 712 4616 αὐτοῦ.
728 4550 775 4617 Ob
792 4550 884 4635 μόνον
900 4552 936 4615 δὲ
980 4554 1200 4634 quiescentes.
1211 4551 1289 4614 Ideo
1296 4553 1462 4632 scriptum
1471 4553 1535 4612 est:
1555 4570 1572 4608 α
1589 4549 1731 4611 Beatum

186 4654 292 4738 ζῶσιν,
301 4654 386 4721 ἀλλὰ
396 4657 451 4719 καὶ
462 4655 729 4742 κραταιουμένους
739 4657 853 4734 αὐτοὺς
861 4657 933 4741 δρῶ,
981 4673 1023 4718 ne
1039 4655 1131 4719 dicas
1145 4656 1318 4718 hominem
1330 4660 1408 4717 ante
1420 4654 1522 4717 finem
1533 4653 1616 4732 ejus.
1626 4672 1644 4711 ν
1658 4653 1731 4714 Non

186 4761 241 4825 καί
256 4757 402 4837 πλείονας
424 4761 517 4837 δντας
532 4759 611 4844 ὑπὲρ
633 4760 699 4846 ἐμὲ,
716 4763 827 4837 οἵτινες
848 4763 935 4824 οὔπω
979 4761 1102 4823 vivunt
1117 4759 1338 4837 solummod0,
1352 4758 1411 4822 sed
1428 4776 1485 4821 eos
1500 4756 1598 4819 video
1613 4757 1731 4819 robora

186 4866 241 4929 καί
260 4875 314 4930 νῦν
335 4864 489 4930 παύονται
510 4861 766 4942 ένδιαύίιλλοντές
790 4885 845 4950 με·
868 4864 936 4930 ἐπεὶ
980 4864 1612 4942 ferocesetnumerosupermeauctos,
1626 4860 1728 4922 iidem

186 4969 244 5053 την
261 4967 385 5054 ἀγαθὴν
401 4970 455 5032 καί
471 4967 627 5052 σωτηρίαν
649 4967 720 5032 όδδν
740 4967 852 5049 διιθκω,
869 4969 934 5032 δια·
980 4969 1040 5048 qui
1071 4985 1124 5029 me
1153 4967 1356 5029 calumniari
1387 4983 1454 5028 non
1482 4970 1623 5042 cessant,
1655 4964 1730 5028 ideo

186 5071 390 5158 φθονούμενοί
406 5094 463 5158 μου
479 5081 518 5158 τῇ
535 5069 683 5158 σωτηρία.
705 5071 826 5137 Τούτου
840 5073 934 5157 χάριν
980 5071 1069 5153 quod
1096 5071 1218 5134 bonam
1235 5076 1269 5133 ei
1295 5071 1477 5133 salutarem
1500 5071 1591 5131 viam
1618 5087 1728 5152 perse·

184 5178 313 5252 ῑκετεύω
325 5179 379 5243 καί
391 5175 510 5264 δέομαι,
526 5179 567 5263 μη
581 5176 796 5262 έγκαταλίπης
810 5197 856 5262 με,
867 5175 934 5262 Ko-
979 5195 1072 5258 quor,
1090 5177 1130 5240 de
1144 5176 1253 5238 salute
1269 5194 1344 5238 mea
1360 5175 1489 5239 invidia
1504 5177 1658 5256 correpti.
1676 5175 1726 5238 Id·
