4036 6090
802 449 845 510 IN
869 448 1053 512 Psatuos

751 692 918 769 Petimus
944 689 1134 767 LXXVI.

214 936 245 983 ν.
265 919 292 982 1.
309 916 406 1004 Φιονρ
430 939 488 1005 μου
512 921 588 1005 πρὸς
610 919 726 1004 Κύριον
750 918 917 1003 ἐκέκραξα,
1006 940 1038 984 ν,
1057 923 1084 984 1.
1111 923 1184 986 Voce
1204 939 1275 986 mea
1298 922 1341 986 al
1362 924 1533 990 Dominam
1555 927 1705 1004 clamavi,

158 1021 257 1105 καίή
275 1021 362 1108 ρυνή
379 1044 438 1108 μου
461 1025 537 1108 πρὸς
553 1027 607 1089 τὸν
627 1023 718 1103 Θεὸν,
734 1025 789 1089 καί
805 1022 916 1108 προσέε
962 1029 993 1090 et
1006 1043 1067 1089 coc
1081 1043 1151 1090 meo
1162 1025 1204 1090 all
1214 1027 1398 1107 Dominam,
1416 1032 1449 1093 ct
1461 1029 1601 1095 intendit
1614 1029 1705 1094 miti.

160 1130 538 1213 wmmffiffi

214 1231 253 1298 Ti
267 1233 302 1296 δὲ
317 1234 353 1297 τὸ
368 1234 445 1317 πρὸς
457 1230 590 1316 Κύριον;
614 1229 695 1314 ὸτιή
717 1240 778 1295 τιῦν
793 1231 918 1296 πολλῶν
1007 1233 1074 1294 Cur
1089 1232 1174 1296 illud
1190 1232 1232 1296 ad
1254 1233 1452 1298 Dorticum?
1475 1235 1569 1310 Quod
1588 1236 1708 1299 multo

159 1337 255 1420 φυινή
286 1336 345 1400 ούκ
374 1333 564 1421 ἀναφέρεται
595 1337 671 1418 πρὸς
702 1337 755 1399 τὸν
781 1333 917 1420 Κύριον·
963 1353 1040 1397 rum
1055 1351 1121 1396 vox
1136 1353 1204 1398 non
1222 1337 1264 1399 ad
1279 1338 1462 1401 Dominum
1478 1339 1633 1419 refertur,
1657 1357 1713 1402 ne·

159 1439 315 1524 οὐδὲγὰρ
339 1440 422 1503 κατὸι
443 1438 560 1522 Κύριον
584 1438 721 1524 πρόεισιν
744 1441 845 1522 αὕτη·
861 1448 916 1503 τοῦ
963 1455 1028 1519 que
1040 1439 1131 1500 enim
1145 1440 1279 1519 loquela
1292 1443 1391 1520 vulgi
1402 1443 1588 1506 secundum
1601 1445 1712 1508 Domi·

161 1543 203 1608 δὲ
219 1541 340 1608 δικαίου
363 1543 400 1607 ού
417 1542 508 1629 μόνον
523 1543 544 1628 ή
561 1545 646 1608 κατὸι
660 1545 718 1629 τήν
738 1545 838 1628 εῦχήν
854 1564 916 1627 qa·
961 1559 1047 1604 num
1065 1542 1225 1621 procedit.
1242 1545 1333 1607 Justi
1347 1551 1462 1609 autem
1483 1564 1548 1609 vox
1572 1565 1638 1611 non
1661 1567 1712 1612 so-

161 1649 218 1733 νή,
235 1647 318 1711 ἀλλά
329 1656 418 1711 πᾶσα
430 1649 517 1732 ροινή
535 1647 673 1732 ἱεροῦται
684 1654 728 1731 τῷ
740 1644 856 1730 Κυρίῳ,
874 1653 917 1730 τῷ
964 1646 1035 1708 lum
1051 1647 1087 1708 in
1103 1647 1267 1726 oratione,
1280 1649 1338 1712 sed
1356 1651 1391 1711 in
1403 1667 1617 1733 quocumque
1639 1669 1712 1722 rer·

162 1751 219 1816 ἀεὸ
234 1749 338 1836 λέγειν
353 1751 375 1814 ὸ
390 1751 446 1831 δεῖ,
462 1751 516 1815 καί
532 1759 620 1814 πᾶσα
635 1751 713 1815 είναι
729 1750 814 1815 κατὸι
826 1746 917 1814 Θεὸν.
966 1748 1008 1811 bo
1025 1755 1241 1813 consecratur
1264 1753 1416 1832 Domino,
1440 1755 1475 1816 in
1499 1771 1538 1818 eo
1561 1755 1650 1836 quod
1673 1773 1713 1819 ea

163 1853 236 1919 Καὶ
251 1852 342 1940 ἡμεῖς
357 1853 412 1918 ούν
434 1855 490 1919 sav
514 1855 556 1939 μή
581 1853 640 1936 ύλη
657 1851 845 1939 ἀνακειμένη
863 1852 919 1937 qo·
969 1869 1102 1932 semper
1116 1853 1165 1915 ait
1179 1870 1255 1933 quae
1272 1860 1412 1936 oportet,
1436 1860 1552 1920 ettota
1563 1857 1605 1920 ad
1620 1876 1713 1921 men·

161 1967 213 2043 χῇ
230 1957 315 2043 αύτῷ
331 1956 507 2042 εὐχώμεθα,
524 1957 608 2022 ἀλλά
629 1958 717 2042 παρὸ
731 1960 785 2022 τὸν
809 1959 919 2042 καιρὸν
964 1962 1033 2019 tem
1055 1957 1117 2020 Dei
1132 1962 1192 2020 est.
1206 1959 1250 2020 Et
1264 1975 1324 2022 nos
1337 1959 1455 2040 igitur,
1471 1961 1501 2023 si
1517 1963 1624 2024 Deum
1641 1979 1708 2025 non

164 2062 264 2148 μόνον
276 2061 452 2148 εὐχώμεθα,
462 2061 680 2147 κεκραξόμεθα
690 2073 728 2148 τῇ
742 2072 829 2147 φωνῇ
843 2063 921 2145 πρὸς
965 2078 1043 2123 eum
1059 2065 1129 2124 tota
1142 2063 1206 2142 ipsi
1222 2062 1342 2125 devota
1357 2064 1472 2126 anima
1486 2082 1631 2144 oramus,
1651 2065 1709 2128 sed

163 2168 225 2231 τὸν
236 2164 325 2248 Θεὸν,
339 2165 376 2229 σύ
387 2164 512 2250 καθαρᾷ
526 2167 560 2230 δὲ
571 2175 660 2252 φυινῇ
673 2166 846 2252 εὐχόμενοι,
863 2167 922 2230 οὐκ
967 2163 1146 2228 dumtaxat
1168 2181 1229 2246 pro
1243 2171 1394 2247 tempore
1416 2184 1605 2248 precamur,
1631 2185 1712 2232 voce

164 2268 443 2355 ἀκυυσθήσομεθα.
468 2269 552 2354 Ἐγὼ
575 2271 636 2336 κάν
658 2269 801 2356 προσέχῃ
829 2291 880 2355 μοι
903 2269 920 2333 ὸ
967 2268 1103 2349 quidem
1133 2270 1393 2333 clamaverimus
1423 2272 1465 2334 ad
1496 2273 1624 2351 Deum,
1653 2273 1712 2335 sed

164 2374 261 2454 Θεὸς,
278 2373 329 2437 aa
343 2374 402 2457 τήν
425 2373 459 2438 ἑν
474 2373 543 2458 ἐμοὶ
558 2375 666 2438 ἄνοιαν
690 2376 748 2438 οῦκ
770 2373 915 2439 αἰσθάνο-
965 2387 1047 2435 voce
1070 2389 1137 2434 non
1161 2391 1247 2454 pura
1265 2379 1409 2453 orantes,
1433 2392 1500 2438 non
1523 2374 1711 2438 audiemur.

167 2499 230 2563 μοιι
241 2479 288 2542 ὅτι
300 2475 459 2563 προσέσχε
472 2476 731 2562 μοιὸΘεὸς·ὸὸὲ
743 2477 805 2562 ήδη
819 2475 920 2541 διαὸε-
965 2476 1041 2552 ugo
1057 2493 1138 2539 sane
1165 2477 1297 2540 etiamsi
1324 2478 1415 2541 Deus
1437 2479 1591 2542 intendat
1617 2480 1712 2559 mihi,

165 2581 279 2665 θηκὼς
293 2582 348 2644 καί
370 2579 566 2665 προκόπτων,
582 2583 640 2646 οὐκ
659 2580 843 2665 ἀναισθητεῖ
861 2589 920 2664 της
966 2584 1102 2660 propter
1125 2598 1235 2644 meam
1265 2582 1506 2664 insipientiam,
1536 2584 1627 2647 haud
1657 2582 1713 2647 ad-

165 2694 227 2750 τοῦ
243 2684 325 2752 Θεοῦ
340 2694 513 2772 προσοχῆς,
529 2686 620 2771 ήτης
635 2685 855 2771 ἀποστροφῆς·
871 2685 919 2751 διὸ
965 2689 1059 2747 verto
1075 2685 1165 2765 quod
1181 2685 1265 2748 mihi
1281 2687 1370 2749 Deus
1383 2687 1539 2751 intendit.
1553 2689 1616 2763 Qui
1629 2705 1710 2751 vero

165 2799 226 2854 νῦν
244 2789 300 2874 μὲν
320 2787 406 2872 λέγει
416 2790 463 2853 ύτι
474 2788 632 2874 προσέσχε
649 2811 709 2876 μοι.
721 2785 869 2874 Ἑτέριοθι
884 2791 919 2855 ὸὲ
959 2787 1030 2868 jam
1043 2790 1197 2869 pervenit
1208 2795 1387 2854 etsursum
1399 2791 1625 2871 progreditur,
1638 2810 1706 2856 non

165 2897 224 2958 ἵνα
240 2893 269 2958 τί
283 2895 319 2959 τὸ
341 2892 508 2978 πρύσιυπύν
524 2916 580 2959 σου
596 2891 802 2979 ἀποστρέφεις
823 2894 879 2958 ἀπ’
889 2895 919 2959 ἐ·
962 2894 1088 2957 sentire
1103 2899 1220 2972 cessat,
1237 2897 1352 2957 utrum
1369 2896 1460 2957 Deus
1481 2894 1634 2958 attendat
1655 2901 1715 2959 aut

165 3009 246 3085 μσῦ;
263 2998 319 3063 sev
334 3018 411 3062 ποτε
422 2996 573 3082 αἴσθησθε
586 2995 848 3083 ἀπεστραμμένου
863 2999 918 3064 αύ-
963 3001 1153 3060 avertatur:
1181 2999 1256 3060 ideo
1279 3015 1370 3061 nuno
1398 2999 1485 3062 dicit
1507 2998 1597 3079 quod
1610 3001 1714 3063 laico·

168 3112 240 3185 τοῦ,
264 3105 286 3188 ἢ
310 3103 361 3166 διά
383 3110 567 3188 πειρασμοῦ,
591 3102 612 3186 ή
635 3100 841 3185 ἀπυισδήποτε
864 3112 918 3167 τοῦ
964 3099 1015 3164 tit
1038 3099 1130 3166 milti.
1150 3101 1248 3162 —Et
1275 3102 1310 3163 in
1325 3102 1392 3164 alio
1413 3102 1502 3164 loco:
1529 3103 1607 3165 «Ut
1632 3102 1714 3181 quid

170 3206 258 3273 Θεοῦ
275 3206 344 3270 κτλ.
966 3206 1100 3267 vultum
1116 3208 1215 3266 tuum
1239 3205 1362 3267 avertis
1378 3223 1399 3266 a
1419 3207 1496 3268 mel
1509 3207 1614 3269 »Nisi
1630 3205 1715 3268 forte

777 3303 779 3310 '
965 3311 1178 3374 sentiendum
1201 3311 1255 3389 ait,
1282 3328 1302 3372 a
1325 3310 1420 3373 vobis
1454 3327 1531 3373 eum
1560 3328 1717 3374 aversum

967 3431 1039 3478 esse
1052 3416 1106 3478 vel
1117 3419 1253 3496 propter
1264 3416 1502 3494 tentationem,
1514 3416 1568 3477 vel
1581 3414 1716 3477 demum

965 3519 1205 3599 qualicumque
1220 3517 1328 3580 mod0.

218 3647 249 3691 v.
267 3629 296 3690 4.
313 3623 494 3710 Ἐμνήσθην
506 3636 561 3690 τοῦ
573 3623 656 3692 Θεοῦ
667 3625 721 3688 καί
732 3621 919 3708 εύρράνθην.
1010 3639 1041 3683 ν.
1058 3621 1088 3682 4.
1102 3623 1224 3684 Mentor
1229 3619 1293 3702 soi
1308 3621 1380 3700 Det,
1397 3626 1428 3686 et
1438 3620 1612 3686 delectatos
1623 3639 1731 3708 εοιος

171 3727 412 3815 Ἠὸολὲσχησα,
427 3732 481 3794 καὶ
501 3729 723 3814 ίυλιγοψύχησε
741 3731 777 3791 τὸ
799 3727 924 3812 πνεῦμά
968 3725 1163 3789 coactatus
1176 3741 1259 3801 attat,
1278 3728 1310 3788 ct
1323 3724 1443 3807 defecit
1463 3727 1603 3805 spiritus
1617 3741 1716 3790 meos.

172 3853 247 3919 μου.

219 3935 265 4001 Oi
280 3933 402 4022 κομίζει
424 3935 630 4022 ὸλιγοψυχίαν
650 3939 704 4002 καί
727 3936 830 4022 λύπην
847 3957 923 4022 μνη-
1016 3933 1077 3995 Dei
1089 3932 1252 3995 memoria
1264 3950 1375 4013 neque
1389 3937 1544 3997 attenuat
1558 3935 1717 4013 animam,

172 4040 365 4127 μσνευθείςὸ
381 4039 470 4122 Θεὸς,
487 4040 640 4104 ἀλλὰκαὶ
663 4040 855 4125 εὐφροσύνην
871 4041 920 4125 ἐρ·
967 4057 1077 4120 neque
1107 4039 1311 4118 constristat,
1339 4039 1398 4103 sed
1429 4039 1581 4103 laetitiam
1616 4045 1717 4104 creat.

172 4145 316 4233 γάζεται.
334 4144 433 4210 Οὐδὲν
448 4147 510 4230 γὰρ
521 4147 602 4209 otico
613 4143 796 4229 παρακαλεῖ
804 4144 921 4230 ψυχήν,
968 4141 1059 4204 Nihil
1076 4142 1166 4204 enim
1183 4142 1266 4205 adeo
1289 4144 1419 4205 solatur
1441 4144 1606 4222 animam,
1630 4143 1719 4206 siout

173 4251 219 4329 ὡς
234 4249 342 4336 μνήμη
360 4248 458 4315 Θεοῦ·
474 4247 581 4334 μνήμη
598 4250 659 4333 γάρ
675 4248 758 4316 Θεοῦ
769 4247 926 4332 εὐφραίνει
970 4244 1155 4308 recordatio
1171 4247 1241 4309 Dei.
1258 4247 1418 4310 Memoria
1437 4247 1529 4310 enim
1553 4248 1613 4309 Dei
1637 4248 1719 4310 laeti-

174 4352 294 4441 ψυχήν.
310 4349 348 4419 ‘0
370 4354 405 4418 δὲ
420 4351 642 4438 ἐπιλαθόμενος
658 4353 756 4436 αύτής
778 4351 926 4436 πενθήσει
971 4347 1050 4412 fleat
1061 4350 1221 4412 animam.
1238 4350 1301 4425 Qui
1314 4366 1393 4412 vero
1406 4366 1484 4413 eum
1497 4348 1718 4426 obliviscitur,

174 4465 303 4542 πικρῶς.
322 4497 362 4506 -
380 4455 574 4542 Ἀὸολεσχία
596 4453 714 4540 ἐστὶνή
731 4453 801 4539 περί
822 4477 852 4519 τι
874 4477 926 4519 συ-
971 4472 1086 4519 amaro
1117 4456 1244 4519 dolebit
1273 4456 1422 4536 planctu.
1450 4489 1487 4499 -
1513 4454 1718 4517 Exercitatio

175 4565 275 4650 νεχής
290 4560 430 4647 διατριύή
447 4562 502 4626 καί
516 4560 629 4647 ὁμιλία.
972 4564 1024 4623 est
1037 4559 1079 4622 de
1095 4560 1209 4640 aliquo
1225 4560 1363 4637 negotio
1379 4559 1540 4621 continua
1563 4558 1719 4619 tractatio

972 4666 1006 4724 et
1020 4663 1237 4744 colloquium.

224 4773 254 4835 θ.
283 4767 564 4855 Προκατελάὸοντσ
588 4768 732 4853 φυλακάς
759 4768 875 4845 πάντες
897 4766 926 4830 oi
1014 4785 1045 4829 ν.
1058 4765 1518 4846 5.Actieipoceccctoipilicc
1533 4781 1639 4828 οιιιιιεε
1658 4765 1721 4826 ici·

182 4874 291 4960 ἐχθροί
308 4896 377 4960 μου.
783 4929 784 4933 ,
970 4870 1047 4935 aciei
1060 4870 1134 4934 mei.

227 4978 327 5044 Τοῦτο
343 4977 504 5063 γνιύρισρά
520 4979 585 5042 ἐστι
607 4976 728 5062 πολλῆς
749 4975 928 5063 ἀγρυπνίας.
1020 4974 1163 5038 Prolixae
1186 4972 1317 5050 vigilia
1334 4974 1397 5036 hoo
1420 4973 1558 5051 signum
1582 4981 1642 5039 est.
1667 4980 1722 5038 So

216 5159 264 5214 Ps.
278 5173 383 5226 uxxrr,
396 5175 423 5213 v.
438 5157 462 5212 1.
477 5157 543 5215 Vct.
557 5157 599 5228 15,
609 5157 661 5226 rs,
675 5175 751 5226 xxrr,
762 5159 787 5212 2.
910 5197 912 5202 -
1009 5173 1036 5210 v.
1049 5152 1075 5206 4.
1086 5151 1152 5207 Vat.
1166 5151 1191 5220 3,
1204 5149 1229 5219 5,
1243 5150 1284 5204 16.
1463 5169 1489 5206 τ.
1504 5151 1528 5205 5.
1542 5150 1608 5206 Vct.
1621 5151 1645 5205 ύ.
