4020 6098
848 424 891 488 m
913 421 1100 488 cernuos
1651 391 1653 396 ’
1680 424 1745 488 235

200 577 364 666 πράγμασι
378 586 442 656 τοῖς
458 598 493 642 τε
504 579 589 644 κατὰ
603 578 711 666 ψυχὴν
722 579 777 644 χαι
791 580 876 643 κατὰ
891 586 950 644 σιμ
992 565 1152 644 negotiis,
1168 562 1240 628 sive
1256 561 1298 628 cd
1309 565 1469 646 animum,
1482 567 1555 631 sive
1566 566 1609 630 sd
1620 585 1743 650 eorpus

202 702 257 769 μα,
272 684 367 749 αὐτὸν
389 683 506 769 ἔχομεν
529 683 721 769 εὐλογοῦντα
742 680 839 769 ἡμᾶς,
855 681 897 760 ὡς
920 682 950 746 μ
992 672 1155 750 spectent,
1173 668 1330 732 eumdem
1352 668 1517 734 habemus
1533 669 1630 734 nobis
1645 671 1745 733 bene

202 795 336 873 παρκεῖν
350 785 426 878 ἡμῖν
442 787 511 854 ἀντὶ
525 791 642 865 παντὸς
664 787 766 852 καλοῦ
788 808 823 853 τε
844 789 899 852 καὶ
914 787 950 852 ἀ.
993 773 1172 851 dicentem,
1182 777 1349 853 quantum
1358 773 1656 855 nobissufflcitpro
1664 791 1745 855 qus·
1868 839 1871 850 ¹

201 893 311 977 γαθοῡ,
578 893 583 912 ’
994 893 1140 957 cumque
1155 894 1259 940 causa
1273 874 1360 939 bonu
1377 881 1411 939 et
1425 877 1576 941 honesta.

245 1017 277 1062 ν.
294 999 346 1062 22.
363 994 532 1082 lidie-moe
549 997 623 1073 τοὺς
639 992 862 1081 φσὸσυμένσυς,
878 996 951 1074 τοὺς
1039 997 1071 1041 V·
1087 979 1140 1042 ²2·
1163 977 1336 1042 Bmdm't
1356 979 1403 1044 ²¹5⁸
1421 980 1480 1062 dui
1502 981 1616 1046 limi
1635 984 1746 1048 Domi·

202 1102 331 1187 μωιρσὺς
348 1101 503 1186 μετὰτῶν
519 1098 675 1186 μεγάλων.
993 1099 1082 1161 uum,
1097 1081 1240 1163 Pii-filli&
1254 1099 1327 1147 cum
1340 1083 1527 1163 Μακέτιν.

247 1203 330 1270 Odit
341 1204 375 1269 έν
386 1201 484 1287 έθνας,
496 1203 601 1288 φησὶν,
614 1203 732 1289 ἔρημον
743 1199 888 1287 εὐλογίας
898 1199 950 1288 ἡν,
1039 1189 1154 1267 Neque
1169 1187 1224 1249 vel
1236 1204 1305 1250 unc
1323 1203 1420 1267 gens,
1441 1188 1499 1267 eit,
1515 1190 1626 1252 caruit
1647 1189 1747 1253 bene·

203 1307 276 1374 ᾰλλ*
286 1308 331 1386 εἰς
346 1308 467 1384 πάντας
482 1305 610 1372 mmo
627 1307 721 1391 αῦτη,
997 1288 1154 1370 dictione,
1169 1290 1228 1354 sed
1244 1291 1316 1370 ipse
1338 1308 1442 1372 super
1463 1309 1580 1356 omnes
1602 1311 1751 1375 expense

998 1398 1059 1456 est.

237 1529 266 1571 v.
278 1511 321 1567 22.
335 1512 402 1569 Vct.
414 1498 442 1568 4',

802 1709 972 1788 Psalmue
998 1705 1100 1788 CXI
1102 1707 1145 1786 V.

244 1969 276 2014 v.
293 1951 324 2014 2.
340 1946 406 2014 Καὶ
427 1946 461 2015 ἐν
476 1955 544 2026 ταῖς
566 1945 700 2034 ἡμέραις
721 1966 780 2033 μου
804 1941 951 2011 έταιιαλέ·
1040 1963 1071 2008 ν.
1087 1946 1118 2010 2.
1135 1943 1181 2010 ot
1193 1943 1230 2008 ιἰι
1244 1943 1355 2012 dicem
1369 1945 1451 2012 meis
1464 1945 1620 2014 invocabo.
1754 1927 1756 1934 ’

202 2075 308 2140 σσμαι.

244 2157 309 2224 Καὶ
325 2155 428 2235 ποίαις
443 2154 586 2243 ἡμέραις,
610 2155 716 2240 ἡταῖς
738 2161 794 2218 τοῦ
817 2150 951 2237 ἀγῶνας,
1043 2153 1252 2229 Quibusnam
1278 2155 1313 2218 in
1337 2154 1466 2236 diebus,
1482 2157 1549 2220 nisi
1573 2158 1608 2221 in
1631 2156 1750 2222 diebus

201 2262 254 2328 dre
269 2262 324 2327 καὶ
338 2261 553 2329 ἐκινδύνευσεν
568 2259 664 2324 αὐτοῦ
679 2258 700 2345 ἡ
719 2255 826 2344 ψυχὴ;
996 2274 1133 2339 pugnae,
1148 2257 1284 2339 quaudo
1302 2260 1493 2340 periculum
1509 2262 1654 2326 incurrit
1676 2262 1748 2324 cni·

995 2381 1051 2425 tus
1066 2364 1186 2426 iltius?

244 2491 276 2537 ν.
293 2473 324 2536 4.
340 2469 383 2537 Ὤ
399 2467 506 2553 Κύριε,
523 2465 615 2552 ῥῦσαι
629 2467 687 2551 τὴν
702 2461 810 2551 ψυχήν
826 2484 895 2549 μου.
1039 2485 1071 2529 v.
1082 2468 1113 2529 4.
1133 2467 1316 2547 ODomiue,
1335 2466 1437 2533 litera
1451 2469 1595 2534 coicum
1609 2487 1721 2536 mom.

245 2574 392 2660 Εἰρηκὼς
408 2563 553 2656 ἀνωτέρω
576 2571 624 2634 δτι
646 2571 701 2634 καὶ
723 2565 952 2654 ἐπικαλέσωμαι
1038 2571 1147 2650 Supra
1161 2587 1240 2633 cum
1262 2571 1396 2650 dixerit,
1412 2573 1449 2636 in
1470 2572 1581 2638 dicero
1600 2575 1681 2638 creir
1695 2574 1746 2637 in»

202 2679 236 2746 ἓν
247 2687 316 2756 ταῖς
327 2675 459 2764 ἡμέραις
475 2697 544 2762 μου,
560 2672 606 2753 τίς
620 2671 641 2758 ἡ
659 2670 832 2756 ἐπίκλησις,
846 2670 951 2736 cecc·
994 2672 1115 2752 vocabo,
1135 2690 1211 2755 quae
1225 2677 1271 2738 sit
1286 2677 1463 2756 invocatio,
1481 2676 1586 2741 docet.
1603 2681 1647 2742 ut
1662 2697 1744 2760 quc-

201 2805 261 2850 ιιει.
277 2782 342 2848 Καὶ
365 2779 441 2845 ποία
464 2779 593 2865 αῠτὴ,ἡ
613 2777 667 2842 τό·
690 2776 715 2840 ω
736 2775 844 2860 Κύριε,
860 2774 952 2858 ῥῦσαι
998 2776 1051 2854 lis,
1067 2777 1134 2838 nisi
1150 2777 1238 2841 hrec:
1268 2778 1293 2842 θ
1314 2779 1459 2860 Domita,
1487 2779 1590 2845 libero
1604 2783 1749 2848 ocimum

202 2891 262 2976 τὴν
278 2885 385 2974 ψυχὴν
401 2906 477 2971 μσυ;
501 2885 569 2949 εἰπε
584 2883 619 2948 δέ
635 2891 745 2965 ταῦτα,
761 2881 849 2958 εἰδὼς
864 2879 907 2957 ὡς
923 2879 953 2944 ὲ·
998 2883 1117 2942 mcum?
1128 2882 1206 2944 Haec
1221 2899 1301 2945 vero
1316 2883 1412 2964 dixit,
1428 2886 1583 2968 conscius
1595 2903 1630 2950 se
1645 2888 1747 2952 eDeo

204 2990 331 3079 λεὴμων
347 2989 567 3057 ἐπακούσεται.
998 2983 1159 3048 clementi
1173 2985 1423 3051 exaudiendum
1440 3007 1523 3054 esse.

249 3118 282 3163 r.
301 3099 330 3162 i.
348 3093 568 3180 Ἐπίστρεψον,
585 3089 673 3179 ψυχὴ
698 3111 768 3178 μου,
788 3091 832 3168 εἰς
848 3092 906 3176 τὴν
921 3089 956 3155 d·
1044 3105 1076 3152 v.
1091 3089 1122 3152 7.
1135 3089 1330 3171 Convertere,
1341 3091 1453 3158 cuium
1467 3112 1548 3176 mcc,
1562 3096 1600 3160 ic
1610 3096 1754 3178 requiem

204 3198 358 3270 νάπαυσίν
376 3221 443 3264 σου.
1004 3196 1104 3257 tetum.

249 3300 407 3388 Ὤαπερὸ
427 3304 527 3368 νοσῶν
550 3298 729 3385 ἐπιστρέφει
750 3301 827 3385 πρὸς
850 3301 909 3385 ιὴν
923 3300 955 3365 ὑ·
1047 3299 1144 3361 Sicut
1173 3303 1323 3378 egrotus
1349 3303 1533 3366 revertitur
1562 3305 1605 3368 od
1630 3307 1755 3370 sonite-

204 3409 315 3496 γιεέαν,
331 3411 412 3473 οὕτω
427 3408 483 3471 καὶ
497 3402 519 3489 ἡ
536 3405 623 3491 ψυχὴ
640 3406 684 3482 εἰς
699 3405 758 3490 τὴν
781 3402 958 3469 ἀνάπαυσιν
1001 3405 1083 3481 tem,
1102 3403 1149 3464 its
1165 3404 1269 3466 etiem
1288 3405 1403 3467 enims
1427 3407 1462 3468 in
1478 3409 1631 3488 requiem
1647 3427 1754 3472 suom.

205 3515 314 3599 αὐτῆς.
326 3507 373 3577 'H
388 3511 423 3576 δέ
437 3520 548 3576 τοῦτο·
562 3509 603 3594 ἡν
619 3508 682 3592 ἀρα
693 3509 770 3573 ποτέ
781 3507 815 3571 έν
827 3517 865 3592 τῇ
879 3506 956 3571 ἀνα·
1000 3507 1062 3570 Vei
1078 3505 1141 3568 hoc
1154 3509 1221 3569 est:
1237 3507 1421 3587 aliquando
1437 3511 1551 3573 enims
1563 3517 1636 3574 erat
1651 3513 1687 3574 in
1703 3530 1754 3576 re·

205 3618 320 3684 παύσει
341 3612 477 3698 αέιτὴςὴ
502 3611 602 3700 ψνχὴ·
616 3613 672 3677 καὶ
694 3613 756 3696 γὰρ
778 3609 795 3674 δ
819 3608 957 3695 νσσὴσας
1001 3612 1168 3692 ἡμίσειαι,
1184 3613 1310 3675 etenim
1330 3617 1480 3690 egrotus
1503 3613 1588 3677 forte
1611 3615 1677 3679 ruit
1699 3633 1751 3680 so·

207 3725 242 3790 έν
256 3731 295 3807 τῇ
311 3717 413 3805 ὑγιείᾳ
434 3714 558 3805 ὑπὴρχέ
581 3737 667 3781 ποτε.
692 3714 795 3782 Τοῦτο
810 3714 897 3782 καὶὸ
920 3714 956 3779 ἀ·
1002 3731 1076 3777 nus.
1107 3714 1144 3777 1d
1170 3715 1283 3796 ipsum
1306 3716 1355 3778 eit
1384 3718 1563 3798 Apostolus
1594 3719 1630 3782 in
1660 3719 1753 3782 hunc

207 3823 361 3899 πόστολος
376 3822 536 3908 λέγειτῷ·
551 3819 644 3889 Θέλω
660 3818 816 3886 ἀναλῦσαι
831 3819 885 3884 καὶ
901 3821 958 3884 σὺν
1002 3818 1158 3883 modum:
1191 3821 1305 3883 «Volo
1332 3821 1482 3901 dissolvi,
1513 3826 1547 3885 et
1573 3839 1645 3886 esse
1674 3842 1753 3888 cum

208 3931 335 4016 Χριστῷ
351 3929 438 3996 εἶναι.
462 3924 502 3990 ‘H
524 3927 586 4010 γὰρ
610 3923 759 4001 ἀνάλυσις
782 3929 842 3988 τῶν
865 3923 959 3987 ococ-
1003 3923 1177 3988 Christo.»
1195 3925 1379 3990 Dissolutio
1395 3926 1487 3990 enim
1499 3944 1616 3990 eorum
1632 3931 1754 4012 estqui

212 4034 387 4120 τρεφόντων
409 4030 460 4095 ἐπὶ
482 4033 536 4095 τὸν
558 4028 710 4115 πρότερον
736 4029 840 4094 αὐτῶν
863 4026 959 4093 τόπον
1006 4026 1150 4092 redeunt
1164 4028 1206 4091 cd
1221 4046 1324 4091 suum
1339 4031 1486 4111 priorem
1502 4033 1624 4095 locum.

212 4138 306 4205 ἐστιν.

247 4327 296 4383 Ps.
311 4341 393 4384 cxiv.
405 4341 434 4380 ν.
446 4323 472 4378 2.
486 4322 553 4379 vat.
567 4323 608 4377 12.
623 4321 660 4377 ci.
673 4321 817 4379 Athones.
1043 4340 1072 4378 v.
1086 4321 1110 4378 7.
1125 4322 1192 4378 Vct.
1206 4324 1287 4394 5,11.
1302 4325 1378 4380 Phil.
1393 4325 1417 4394 l,
1430 4325 1473 4380 23.

247 4433 276 4472 ν.
287 4415 315 4471 4.
329 4411 433 4473 vate
447 4408 516 4502 inid.
529 4409 566 4466 σέ.
580 4408 712 4466 eundem.
