4008 6094
268 448 309 510 70
930 453 1139 516 ORIGENES

264 591 318 655 καί
333 591 416 675 ὅμως
438 589 549 675 κέρδος
572 592 714 658 ἐντεῦθεν
735 590 835 656 οὐδέν.
859 589 913 656 Διὸ
929 591 1012 677 Σύμ-
1057 599 1124 656 tem
1141 595 1377 677 negligentes,
1394 616 1503 680 neque
1519 617 1586 680 cor,
1603 607 1641 664 ut
1653 604 1688 664 in
1705 620 1802 684 aequa

266 716 368 782 μαχος
391 697 495 761 εἶπεν·
519 696 617 760 Αὐτοὶ
641 705 844 781 ματαιοῶνται
865 695 953 780 ὸμοῠ.
973 694 1013 759 Εἰ
1056 698 1161 777 leuce,
1192 701 1430 783 custodientes,
1456 721 1518 766 nec
1544 709 1658 768 tamen
1689 709 1798 771 ullum

263 799 293 864 οί
314 801 398 884 ἅγιοι
413 800 449 863 οὐ
462 799 596 886 μάταιοι,
614 801 685 886 οὐχὶ
697 800 755 864 οἱοί
767 809 828 864 τῶν
842 799 1011 884 ἀνθρώπων
1056 802 1133 866 inde
1157 805 1290 867 lucrum
1314 804 1361 868 fit.
1388 808 1482 871 Unde
1498 811 1720 890 Symmachus
1736 815 1800 875 ait:

262 904 292 968 οί
309 905 404 989 ἅγιοι·
419 903 609 990 κατηργήθη
632 906 694 990 γὸιρ
714 903 736 988 ἡ
760 902 833 970 κατ’
848 903 1010 988 ἄνθρωπον
1053 908 1127 986 1ροί
1142 910 1220 972 cani
1233 913 1312 974 cont
1324 912 1434 975 σι’κιιιί.
1459 915 1493 976 Si
1510 916 1617 977 sancti
1635 934 1702 979 non
1717 923 1798 980 sunt

263 1008 403 1093 γένεσις·
427 1007 554 1094 μάταιοί
576 1011 652 1074 εἰσιν
668 1010 697 1073 οἰ
712 1017 776 1084 τοῖς
793 1007 933 1093 ματαίοις
956 1009 1011 1072 καί
1053 1013 1143 1092 vani,
1168 1030 1250 1092 ergo
1271 1015 1379 1078 sancti
1407 1033 1473 1078 uon
1497 1025 1577 1080 sunt
1602 1018 1665 1084 filii
1692 1021 1797 1084 homi·

262 1112 410 1198 φθαρτοῖς
422 1123 477 1178 τοῦ
493 1114 604 1190 αἰῶνος
619 1112 730 1177 τούτου
744 1111 1010 1199 προκαθεζόμενοι
1053 1134 1146 1178 num.
1162 1119 1337 1180 coarctata
1352 1121 1441 1181 enim
1462 1125 1513 1183 est
1534 1122 1684 1186 humana
1702 1129 1799 1188 uatu-

262 1217 434 1303 προίγμασι.
449 1255 488 1266 -
502 1215 541 1283 Οἱ
555 1215 739 1301 ψευδόμενοι
753 1217 824 1300 περὶ
839 1217 897 1301 τὸν
912 1216 1010 1282 δικαι·
1054 1237 1102 1298 ra,
1117 1221 1197 1282 vani
1219 1225 1299 1283 sunt
1322 1223 1380 1302 qui
1396 1223 1431 1285 in
1451 1226 1547 1287 vanis
1563 1229 1796 1309 corruptisque

261 1322 376 1406 οσύνην
399 1323 491 1408 (αὐτη
509 1323 570 1407 γὸιρ
586 1319 680 1405 ζῦγὸς
700 1321 768 1385 ἐστι
787 1328 847 1384 τῶν
875 1320 1008 1404 ἀρετῶν)
1053 1321 1157 1402 hujus
1169 1325 1285 1386 saeculi
1301 1325 1400 1388 rebus
1415 1328 1667 1407 conquiescunt.
1686 1365 1723 1374 -
1742 1332 1795 1395 Illi

263 1425 385 1509 ψευδεῖς
397 1427 472 1490 εἰσιν
482 1425 541 1490 υἱοί
553 1426 591 1491 ἐκ
602 1435 657 1489 τοῦ
669 1426 786 1509 πατρὸς
797 1433 852 1488 τοῦ
865 1422 1009 1489 διαὸὸλου
1053 1444 1173 1506 nempe
1197 1428 1255 1508 qui
1275 1429 1487 1492 mentiuntur
1510 1431 1599 1493 circa
1616 1430 1797 1510 justitiam,

261 1528 491 1616 γεγεννημένα.
1054 1529 1211 1612 (namque
1227 1532 1299 1612 ipsa
1315 1537 1365 1596 est
1376 1537 1502 1596 statera
1515 1534 1695 1617 virtutum)
1709 1554 1801 1599 men·

1052 1633 1150 1698 daces
1172 1639 1253 1698 sunt
1275 1634 1338 1698 filii
1371 1653 1412 1698 ex
1435 1642 1530 1716 patre
1561 1638 1701 1701 Diaboio
1724 1655 1798 1719 pro-

1051 1739 1165 1802 creati.

303 1863 334 1908 v.
355 1846 403 1907 ll.
420 1842 560 1920 Πλοῦτος
584 1843 640 1908 ἐὸιν
656 1841 722 1926 ρέη,
740 1844 783 1927 μὴ
808 1841 1008 1925 προστίθεσθε
1096 1863 1128 1906 ν.
1158 1846 1208 1906 ll.
1235 1844 1370 1909 Diaeta
1399 1842 1431 1908 ti
1451 1843 1596 1928 affluant,
1626 1845 1725 1910 nolite
1745 1863 1798 1911 cca·

260 1947 402 2030 καρδίαν.
1052 1963 1216 2029 opportere.

306 2051 409 2116 Toeto
420 2050 549 2117 λεκτέον
561 2053 638 2136 πρὸς
650 2053 722 2128 τοὺς
733 2047 1006 2127 πλεονεκτοῦντας.
1095 2050 1282 2115 Dicendum
1298 2051 1362 2115 hoc
1383 2051 1425 2114 ad
1449 2053 1600 2117 homines
1623 2070 1724 2135 opum
1740 2073 1796 2117 cu·

1051 2154 1156 2236 pidos.

276 2283 277 2288 ¹
305 2281 337 2325 ν.
356 2263 405 2326 13.
425 2255 497 2326 Ὅτι
520 2262 558 2325 σὺ
581 2258 754 2337 ἀποδώσεις
778 2259 902 2344 ἑκάστῳ
924 2261 1008 2325 κατὸι
1096 2278 1127 2321 ν.
1146 2260 1196 2322 13.
1217 2258 1299 2334 Qttt'a
1320 2263 1357 2322 ία
1378 2257 1489 2324 reddes
1510 2261 1683 2344 arctatique
1697 2260 1798 2340 ρἀαίιι

263 2366 303 2428 τὸ
317 2365 395 2448 ἐργοι
410 2365 516 2428 αὐτοῦ.
1053 2379 1149 2444 opero
1163 2380 1233 2428 etto.

303 2467 365 2532 Τὸν
378 2470 449 2553 περὶ
463 2465 609 2552 προνοίας
625 2469 680 2532 καί
702 2467 833 2550 κρίσεως
852 2469 935 2554 ἔχων
950 2467 1001 2533 λὸ-
1092 2469 1136 2530 Ut
1152 2469 1210 2548 qui
1226 2467 1327 2531 habet
1343 2467 1507 2530 rationem
1523 2468 1742 2548 providentia
1758 2473 1793 2530 et

257 2593 332 2658 γον·
348 2582 439 2637 τοῦτο
461 2574 524 2656 γὸιρ
546 2571 696 2656 δηλοῦται
716 2571 754 2638 ἐκ
776 2579 837 2638 τῶν
859 2571 1001 2657 ἐπιφερο-
1041 2570 1179 2651 judicii:
1203 2572 1237 2635 id
1260 2573 1385 2654 quippe
1407 2571 1597 2636 declaratur
1620 2573 1655 2636 in
1674 2573 1786 2636 allatis

259 2675 359 2758 μένιον
375 2674 485 2760 ῥητῶν.
1054 2676 1175 2739 verbis.

292 2874 319 2914 v.
334 2856 376 2927 11,
390 2857 432 2914 ie.
446 2857 512 2914 νιι.
527 2857 552 2926 ι,
565 2857 608 2912 ιι.

866 3060 1035 3137 Psoimus
1060 3058 1198 3138 LXII.

302 3291 332 3335 V·
351 3273 381 3335 2·
398 3269 436 3336 Ὁ
459 3269 583 3352 &dci
606 3269 687 3346 Θεός
710 3289 778 3354 μου,
802 3269 879 3352 πρὸς
902 3269 938 3333 σὲ
954 3270 1004 3354 ὄρ·
1095 3292 1127 3335 v.
1145 3273 1176 3336 2.
1193 3273 1292 3350 Deua,
1307 3275 1395 3336 Dcite
1410 3289 1508 3352 αοοιιι,
1523 3272 1566 3336 od
1580 3271 1658 3337 tede
1670 3270 1739 3336 ίιιιο
1752 3272 1799 3334 ci·
1882 3313 1883 3316 ,

260 3374 372 3460 θρίζω·
387 3373 519 3460 ἐδίψησέ
534 3373 618 3458 σοιὴ
636 3370 724 3458 ψυχή
748 3393 817 3458 μου,
833 3371 1004 3450 ποσαπλῶς
1046 3377 1133 3459 pilo:
1147 3378 1257 3441 sitinii
1279 3377 1338 3442 titt
1360 3378 1469 3442 citima
1491 3395 1582 3441 meo:
1604 3393 1701 3456 quom
1715 3375 1798 3438 mul·

259 3501 309 3544 σοι
323 3477 345 3564 ἡ
361 3477 439 3563 σάρξ
455 3500 514 3565 μου
530 3478 564 3542 ἐν
578 3485 620 3562 γῆ
638 3475 745 3562 ἐρήμῳ
757 3478 811 3541 καί
827 3475 933 3560 accep
948 3479 1003 3541 καὶ
1048 3480 1208 3561 mpliciter
1231 3479 1290 3544 tibi
1312 3498 1385 3545 coro
1400 3498 1480 3560 meo,
1505 3482 1542 3546 io
1564 3485 1653 3545 terro
1675 3480 1799 3545 assata

258 3584 389 3668 ἀνύδρῳ.
415 3587 482 3651 Vct.
500 3585 574 3666 661,
591 3585 622 3648 2.
1047 3589 1078 3649 et
1092 3586 1184 3654 ιἰιτίο
1199 3587 1231 3660 et
1243 3585 1409 3664 inaquosa.

302 3687 412 3754 Καλὸν
442 3688 477 3752 δέ
499 3690 553 3752 καί
574 3689 659 3752 κατὸι
676 3689 712 3751 τὸ
736 3687 830 3771 ῥητὸν
854 3685 1003 3772 ὸρθρίζειν
1099 3691 1143 3750 At
1154 3688 1280 3750 bouum
1294 3687 1463 3767 est,juxta
1474 3686 1602 3750 dictum
1614 3687 1687 3766 hoc,
1700 3703 1798 3749 mane

134 3859 145 3885 ,
262 3793 339 3877 πρὸς
354 3794 407 3856 τὸν
431 3789 521 3876 Θεὸν,
537 3794 591 3856 καί
613 3792 718 3876 πάσης
740 3791 881 3876 πράξεως
903 3792 1004 3876 ἀπαρ-
1054 3793 1200 3870 vigilare
1216 3793 1258 3854 ad
1281 3793 1399 3870 Deum,
1424 3795 1457 3854 et
1472 3792 1582 3870 operis
1605 3789 1796 3869 cujuscum-

258 3896 321 3981 χὴν
336 3893 491 3960 ποιεῖσθαι
506 3897 686 3982 προσευχὴν
701 3896 756 3960 καὶ
770 3897 910 3961 εὐποιΐαν
925 3897 1001 3981 πρὸς
1060 3913 1126 3976 que
1149 3897 1317 3977 primitias
1340 3895 1449 3958 iacere
1471 3911 1585 3976 preces
1608 3912 1647 3956 ac
1675 3891 1799 3956 benefi-

255 4000 309 4062 τὸν
324 3997 466 4081 πλησίον,
490 3999 553 4063 εἴτε
567 3999 602 4064 ἐν
623 3998 793 4084 ἐπισκέψει,
810 4001 872 4064 εἴτε
890 3999 924 4064 ἐν
948 4021 1000 4086 με·
1052 4002 1145 4063 σίτοιο
1158 4000 1319 4063 adversus
1332 4000 1537 4081 proximum,
1549 3999 1620 4060 sive
1633 3999 1668 4059 iu
1680 3997 1798 4075 tutela,

256 4100 390 4165 ταδὸσει.
408 4139 449 4149 -
465 4101 583 4187 Πρέπει
599 4103 633 4167 δὲ
656 4112 699 4189 τῷ
714 4102 747 4167 ἐν
763 4112 801 4188 τῇ
823 4102 929 4189 ἐρήμῳ
945 4113 1002 4188 της
1050 4105 1122 4166 sive
1139 4104 1174 4166 in
1190 4103 1433 4167 munificentia.
1456 4104 1544 4164 Eum
1567 4101 1627 4182 qui
1650 4098 1795 4178 degebat

256 4202 412 4284 Ἰουδαίοις
442 4205 494 4270 διὸ
522 4216 577 4270 τοῦ
606 4205 772 4271 διώκεσθαι
805 4204 998 4291 διατρίὸοντι,
1048 4208 1082 4270 in
1102 4207 1243 4270 desertis
1258 4207 1395 4285 Judaeae,
1419 4205 1516 4269 exsul
1533 4204 1575 4267 ob
1591 4205 1794 4285 persecutio-

256 4309 311 4371 καί
334 4307 508 4395 μισουμένῳ
541 4309 669 4394 δῶρεὸιν,
701 4312 755 4375 καί
779 4312 930 4397 μηδαμῶς
953 4312 1003 4396 ἐγ·
1048 4328 1137 4391 nem,
1161 4313 1276 4390 etqui
1304 4311 1412 4388 gratis
1438 4309 1513 4372 odio
1540 4309 1686 4386 habitus,
1709 4326 1796 4371 nnn·

255 4411 414 4496 καλοῦντι,
438 4412 541 4498 λέγειν
564 4413 610 4480 τὸ.
626 4413 664 4480 ‘0
681 4414 771 4498 Θεὸς,
795 4415 812 4481 ὸ
836 4413 915 4493 Θεὸς
932 4437 1001 4501 μου,
1048 4431 1151 4495 quam
1183 4416 1347 4477 ultionem
1375 4414 1577 4493 vindicavit,
1605 4414 1716 4477 dicere
1743 4412 1797 4476 de-

257 4517 335 4600 πρὸς
358 4517 394 4580 σέ
417 4516 557 4602 ὸρθρίζο).
582 4556 622 4566 -
645 4515 685 4584 Ἦ
708 4518 814 4585 κοιλία
832 4530 919 4605 γοῦν,
943 4529 1003 4585 τῶν
1048 4519 1133 4580 cuit:
1157 4520 1254 4596 Deos,
1273 4521 1362 4582 Dan
1377 4534 1475 4597 meuc,
1494 4517 1538 4581 od
1560 4522 1589 4581 te
1612 4516 1649 4580 de
1669 4515 1798 4581 loceti-

260 4621 332 4704 περὶ
358 4623 479 4706 τρυφὴν
501 4620 640 4707 ἐχόντων
673 4624 754 4686 οὖσα
783 4623 869 4706 θεὸς,
896 4623 1004 4701 ὸιπλῶς
1048 4622 1126 4705 pilo.
1149 4657 1186 4670 ψ-
1208 4625 1334 4686 Venter
1358 4623 1467 4699 igitur
1489 4620 1573 4684 deus
1598 4637 1714 4684 eorum
1738 4623 1798 4696 est,

257 4725 294 4788 οὐ
316 4722 443 4809 λέγεται
465 4724 552 4808 θεὸς,
570 4723 641 4790 ἀλλ’
656 4725 729 4790 οὐδὲ
744 4725 774 4791 οἱ
793 4727 938 4813 δαίμονες
952 4749 1006 4790 κυ-
1053 4727 1113 4805 qui
1124 4726 1268 4808 dapibus
1280 4726 1529 4806 mancipentur,
1541 4743 1609 4788 non
1622 4725 1712 4787 Deus
1720 4723 1798 4786 sim-

192 4903 196 4912 ⁴
262 4826 332 4910 ρίως
349 4828 422 4912 θεοὶ,
438 4837 499 4894 τῶν
514 4830 609 4895 ἐθνῶν
624 4829 788 4916 λεγόμενοι
803 4829 877 4896 θεοί.
894 4829 931 4896 Ὁ
952 4832 1006 4895 οὖν
1052 4831 1187 4913 pliciter
1196 4831 1330 4910 dicitur,
1342 4831 1400 4894 sed
1413 4847 1523 4910 neque
1535 4829 1714 4892 daemones
1725 4843 1799 4907 pro-

255 4930 382 5016 ἀληθῶς
406 4937 502 5019 σορὸς
524 4935 592 5020 ἐρεῖ
612 4944 655 5021 τῷ
681 4935 772 5020 φύσει
798 4937 852 5000 καί
879 4933 1007 5018 ἀληθῶς
1053 4937 1126 5017 prie
1139 4935 1186 4998 dii
1198 4935 1353 5014 audiunt,
1365 4953 1484 4999 verum
1496 4933 1544 4998 dii
1556 4933 1723 5012 gentium.
1737 4929 1800 5004 Qui

290 5159 340 5216 Pa.
354 5175 428 5231 axo,
442 5180 469 5222 v.
482 5164 508 5219 2.
521 5163 589 5219 Vct.
604 5165 629 5233 6,
643 5164 684 5220 16.
698 5163 845 5224 Nonnulla
857 5163 971 5236 recepit
987 5179 1149 5236 anonymus
1162 5163 1301 5237 Ceruarii,
1315 5167 1420 5238 11,23o
1436 5197 1468 5208 -
1480 5169 1685 5233 καταοκηνοῶοοι
1697 5163 1779 5220 codd.
