3966 6104
314 440 377 504 626
857 437 1041 502 SANCTUS
1057 433 1305 502 METHODIUS

315 577 445 662 δύναμιν
470 577 635 663 φέροντος·
661 575 745 642 ἀλλὰ
771 577 834 662 μὴν
855 576 928 642 οὐδὲ
953 578 1056 662 μσὶτην
1100 577 1856 660 formavisset,nequaquamfuissedicoscien·

313 683 463 766 πρότερον
479 683 573 748 αὐτὸν
596 681 715 768 ἀγαθὸν
731 681 809 746 εἶναι
830 679 924 766 λέγω.
947 680 1056 765 Μηδὲν
1099 684 1183 746 tiam
1198 682 1366 761 inutilem,
1382 681 1480 762 cujus
1496 685 1659 748 virtutem
1678 702 1762 766 opus
1778 704 1854 749 sur-

311 797 487 872 τσιγαρσῦν,
503 789 656 874 ἄνθρωπε,
673 783 1056 852 αθτσσθστατονείναιλέ-
1099 801 1177 848 sum
1204 787 1346 864 attollit;
1370 802 1488 848 verum
1516 788 1622 858 etiam
1642 787 1717 851 dico
1742 805 1855 869 nequa

310 911 349 974 γε
364 901 407 976 τῷ
422 891 503 977 Θεῷ,
521 893 601 978 μηδὲ
613 894 649 956 τὸ
665 888 811 978 μέγιστον
827 890 923 954 αὐτοῦ
937 897 994 972 τῆς
1005 889 1056 954 δυ·
1101 889 1204 952 etiam
1215 891 1309 971 prius
1321 889 1545 953 frustraneum
1558 881 1662 955 fuisse
1670 891 1744 972 ejus
1754 889 1853 956 boni·

309 994 433 1079 νίιμεως
457 995 681 1080 περιαιρεῖσθαι
702 993 795 1058 θέλε·
817 1003 913 1060 πᾶσιν
928 995 962 1058 τὸ
978 994 1058 1059 εἶναι
1102 999 1217 1058 tutem.
1232 995 1347 1075 Neque
1364 994 1493 1056 interea
1511 993 1575 1074 dic,
1592 996 1638 1057 mi
1655 996 1764 1074 homo,
1781 995 1852 1058 Deo

269 1164 277 1176 ,
311 1089 405 1176 αὐτὸς
429 1098 599 1185 παρέσχεν,
622 1101 682 1164 οὐκ
703 1100 790 1162 οὖσιν
810 1095 970 1182 πρότερον,
986 1096 1058 1161 οὐδὲ
1103 1101 1290 1181 quidquam
1314 1117 1373 1180 per
1395 1115 1431 1163 se
1454 1101 1652 1180 coexistere,
1672 1117 1783 1180 neque
1798 1117 1858 1164 ve·

310 1205 369 1288 τὴν
384 1201 514 1289 δύναμιν
537 1203 684 1290 ἀνάρχως
699 1203 836 1288 ἔχουσιν.
853 1200 892 1266 Τί
912 1198 1058 1286 τεχνίτην
1103 1205 1145 1269 lis
1164 1204 1255 1268 hunc
1272 1204 1437 1268 mundum
1458 1208 1633 1286 tamquam
1648 1206 1785 1270 virtutis
1804 1205 1856 1270 di-

310 1305 405 1392 μίνσν
418 1304 525 1383 θέλεις
540 1307 620 1372 είναι
634 1308 688 1372 τὸν
703 1302 804 1389 Θεὸν,
820 1302 851 1369 τί
865 1306 924 1389 τὴν
938 1305 1058 1388 δωρεὰν
1100 1309 1189 1372 vina
1207 1309 1393 1371 maximnm
1409 1324 1494 1390 opus
1514 1309 1659 1373 electum
1678 1307 1793 1374 fuisse.
1811 1312 1853 1372 0-

310 1411 408 1475 αθτσῦ
423 1419 572 1496 παραιτῇ,
588 1409 630 1488 ὡς
652 1409 769 1496 τέχνην
784 1411 840 1474 καί
856 1407 953 1495 μόνην
968 1418 1007 1495 τῇ
1024 1412 1057 1474 d·
1102 1413 1238 1476 mnibus
1257 1413 1328 1494 ipse
1347 1411 1440 1476 dedit
1460 1417 1500 1476 ut
1517 1419 1656 1492 esssent,
1678 1414 1737 1493 qui
1757 1413 1855 1494 prius

309 1515 352 1600 λῃ
368 1513 602 1602 χαρισαμένην;
625 1515 698 1600 οὐχί
712 1515 747 1579 δὲ
761 1516 816 1579 ιιαί
834 1516 892 1599 τὴν
908 1523 964 1578 τσῦ
978 1515 1057 1579 εἶναι
1101 1532 1168 1579 non
1184 1521 1291 1597 erant,
1302 1532 1412 1596 neque
1426 1517 1494 1580 vim
1506 1521 1545 1580 ut
1557 1520 1670 1580 essent
1681 1514 1856 1578 habebant

310 1621 468 1705 σύστασιν,
484 1621 543 1685 οὐκ
556 1620 597 1705 ἠν
612 1617 787 1705 σύγχρονόν
800 1638 830 1682 τι
844 1626 888 1702 τῷ
903 1613 991 1703 Θεῷ·
1007 1617 1059 1682 σθ
1101 1620 1228 1701 absque
1248 1620 1355 1683 initio.
1378 1621 1446 1684 Cur
1467 1619 1576 1682 Deum
1601 1622 1735 1681 tantum
1752 1617 1853 1680 modo

309 1725 554 1791 δὲπσθὲνταῠτα
565 1721 681 1804 λαθὼν,
692 1720 940 1808 ἐδημιούργησεν
952 1721 1056 1804 αὐτὸς,
1102 1741 1174 1788 esse
1187 1723 1341 1804 opificem
1352 1725 1426 1788 visi
1441 1742 1502 1787 cnr
1513 1721 1586 1803 ejus
1599 1721 1799 1786 munificum
1813 1738 1849 1784 o·
1971 1734 1972 1762 ³

309 1829 381 1894 otor
403 1831 457 1894 τὸν
477 1838 532 1894 νῦν
548 1825 711 1910 ἄνθρωπον
729 1824 881 1908 πρότερον
903 1821 1058 1910 ἐμιμήσα-
1099 1846 1163 1910 pus
1178 1830 1339 1909 praeteris,
1365 1829 1416 1892 uti
1431 1827 1557 1892 nudam
1571 1828 1759 1906 scientiam,
1780 1845 1853 1890 ma·

307 1954 363 1998 τσ·
385 1930 533 2019 κρείττων
554 1932 648 2008 αὐτὸς
671 1929 758 1994 ἔστιν
780 1937 837 2014 τῆς
860 1927 1054 2013 ἀνθρωπίνης
1099 1936 1193 1997 teriae
1208 1935 1500 2013 communicatam,
1517 1931 1661 2012 necjam
1677 1950 1791 1996 rerum
1809 1937 1850 1995 ut
1971 1949 1972 1998 ί

308 2037 439 2124 φύσεως,
455 2039 492 2102 θὺ
515 2035 689 2123 σχημάτων
707 2032 800 2119 μόνον
821 2031 951 2119 iiim
966 2053 1056 2117 ποίη·
1099 2045 1219 2120 essent,
1249 2039 1526 2104 subsistentiam?
1554 2038 1647 2101 Nihil
1667 2039 1736 2101 Deo
1766 2043 1851 2100 tem·
1971 2037 1972 2092 ἒ

309 2145 377 2229 τίς,
394 2143 467 2207 οὐδὲ
490 2143 548 2227 τὴν
563 2142 660 2206 οὖσαν
679 2140 764 2224 αὐτῷ
778 2138 822 2214 εἰς
837 2135 946 2203 οὐσίαν
967 2157 1055 2202 συνε-
1098 2143 1178 2238 pore
1194 2149 1267 2208 erat
1282 2144 1422 2227 equale,
1439 2159 1505 2225 quo
1521 2160 1605 2206 usus
1620 2143 1692 2223 ipse
1708 2142 1849 2220 creavit,
1971 2129 1972 2136 '

307 2245 463 2331 κέρασιν·
491 2245 585 2323 αὐτὸς
600 2244 683 2311 ἐστιν
704 2243 759 2307 καί
780 2250 842 2307 τῶν
863 2242 974 2308 οὐσῶν
1001 2241 1056 2326 δη·
1098 2267 1209 2331 neque
1224 2249 1405 2327 hominem,
1420 2265 1512 2311 nunc
1527 2248 1639 2329 qualis
1651 2250 1712 2328 est,
1725 2246 1768 2310 ab
1779 2247 1849 2310 alio
1971 2331 1972 2336 Ν

309 2350 464 2437 praep-(de.
1097 2355 1208 2434 priore
1223 2352 1376 2435 exemplo
1398 2350 1558 2415 condidit.
1581 2352 1754 2415 Potentior
1776 2352 1850 2432 ipse

569 2479 571 2484 ·
1095 2461 1147 2520 est
1168 2458 1318 2521 humana
1339 2460 1470 2536 natura,
1495 2473 1606 2538 neque
1627 2459 1761 2518 tantum
1784 2455 1853 2518 ior-

1095 2579 1228 2625 marum
1251 2564 1303 2624 est
1324 2558 1429 2638 taber,
1444 2575 1554 2640 neque
1569 2558 1795 2622 substantiam
1812 2576 1852 2622 u·

1095 2683 1175 2728 nam
1195 2682 1274 2728 cum
1297 2665 1367 2758 alia
1390 2663 1537 2728 miscuit.
1562 2665 1637 2745 Ipse
1665 2668 1717 2728 cst
1741 2664 1850 2726 etiam

1096 2769 1320 2833 essentiarum
1336 2772 1477 2832 creator.

351 2875 532 2957 vetelius.
559 2877 631 2940 160.
660 2873 827 2961 Πρσσήκιν
853 2871 895 2952 ὡς
925 2871 1052 2957 ἀληθῶς
1140 2877 1338 2952 congruum
1361 2889 1478 2954 reapse
1505 2876 1574 2954 est,
1605 2877 1644 2936 ut
1674 2873 1853 2938 doctorum

304 2975 439 3040 ἕκαστον
453 2983 515 3040 τῶν
529 2976 765 3063 φιλομαθῶνμὴ
778 2976 897 3060 ἁπλῶς,
913 2977 995 3063 μηδὲ
1009 2974 1052 3054 ὡς
1096 2979 1322 3061 quisquemon
1338 2977 1574 3060 perfunctorie,
1589 2993 1651 3040 nec
1666 2994 1774 3058 prore
1790 2997 1851 3041 na·
1971 3009 1972 3020 2

305 3078 417 3163 ἔτυχεν
448 3079 730 3163 συγκατατίθεσθαι
758 3081 822 3158 τοῖς
851 3077 1049 3166 λεγομένοις,
1093 3088 1140 3162 ta,
1156 3082 1209 3146 his
1229 3081 1440 3146 sermonibus
1463 3083 1677 3162 essentiatur,
1692 3082 1752 3147 sed
1774 3081 1852 3145 dili·

305 3178 501 3265 ἀλλ’ἀιιρι6ῆ
516 3183 575 3268 τὴν
597 3182 736 3263 ἐξέτασιν
754 3183 908 3250 ποιεῖσθαι
922 3193 984 3250 τῶν
998 3184 1051 3249 id·
1095 3202 1180 3264 gens
1204 3184 1370 3248 dictorum
1393 3201 1535 3248 examen
1558 3185 1733 3249 instituat:
1755 3184 1851 3249 haud

304 3305 385 3371 γων·
400 3286 474 3351 οὐδὲ
487 3289 549 3373 γὰρ
565 3286 583 3350 θ
597 3288 762 3372 πρσζητων
777 3291 865 3374 παρὰ
880 3289 974 3374 λόγον
989 3290 1051 3374 θρι·
1095 3291 1186 3354 enim
1197 3291 1257 3371 qui
1270 3290 1371 3370 coepit
1382 3290 1564 3372 inquirere,
1575 3292 1605 3356 si
1616 3295 1712 3354 extra
1722 3309 1850 3355 sermo·
1971 3302 1972 3316 ¹

303 3389 447 3474 σάμενσς,
467 3389 613 3477 ἀφορμὴν
627 3392 789 3480 παρέσχεν
805 3403 849 3479 τῷ
863 3394 1051 3480 προσδιαλε-
1094 3414 1173 3460 nem
1186 3395 1435 3476 exorbitaverit,
1444 3395 1595 3460 obtinere
1607 3397 1703 3476 solet,
1712 3400 1751 3458 ut
1761 3397 1850 3476 vult,
1971 3407 1972 3476 ί

304 3491 427 3580 γομένῳ
442 3496 598 3583 συνάγειν,
614 3495 656 3575 ὡς
675 3496 784 3563 θέλει·
805 3509 898 3563 τοῦτο
921 3500 976 3564 καί
996 3501 1050 3564 τὸν
1093 3501 1189 3583 prius
1212 3501 1363 3582 exposita
1387 3498 1683 3581 comprehendere3
1708 3500 1742 3564 id
1765 3519 1849 3566 sane
1971 3533 1972 3596 3

190 3634 196 3645 ·
301 3596 616 3685 capuccinorum
631 3601 750 3669 λοιπόν.
1093 3621 1294 3687 persuasum
1309 3602 1457 3667 auditori
1473 3603 1608 3667 demum
1623 3605 1677 3667 sit.

641 3836 734 3898 ART.
758 3837 813 3899 IV.
837 3835 1043 3900 METHODII
1067 3836 1319 3901 APOCRYPHA
1343 3834 1510 3899 LATINA.

301 4183 386 4248 opus
414 4169 530 4247 procul
556 4167 659 4231 dubio
682 4169 846 4250 ineptum,
871 4169 1049 4250 insulsum,
1095 4191 1161 4236 nus
1176 4171 1361 4254 etquidem
1377 4174 1412 4235 in
1427 4170 1540 4235 codice
1560 4172 1845 4249 sangermanensi

303 4271 463 4336 Methodii
486 4274 622 4336 nomine
645 4273 837 4353 indignum,
862 4274 983 4355 inquo
1007 4275 1049 4338 ab
1094 4277 1210 4339 saeculi
1241 4293 1313 4355 viu,
1344 4281 1383 4340 ut
1408 4264 1545 4355 fertur,
1559 4276 1720 4356 prologus
1748 4276 1844 4340 Petri

299 4378 569 4440 Adamosumma
582 4385 773 4457 temporum
786 4379 1046 4458 usqueaddnti·
1094 4378 1281 4460 cuiusdam,
1297 4380 1353 4442 cui
1370 4382 1542 4462 acceptam
1565 4377 1689 4442 referre
1708 4380 1755 4442 sit
1776 4380 1846 4444 Me-

299 4480 465 4546 christum
481 4483 617 4561 texitur,
630 4480 722 4544 haud
735 4483 869 4545 omissis
885 4487 919 4545 et
933 4485 1045 4546 Sarra·
1090 4481 1243 4548 thodiani
1281 4483 1436 4546 vaticinii
1472 4476 1843 4565 interpretationem¹),

299 4600 461 4648 cenorum
476 4589 509 4648 et
523 4586 710 4649 'furcarum
727 4591 761 4650 et
775 4587 851 4665 θος
872 4591 906 4650 et
920 4588 1046 4666 Magog
1090 4604 1167 4667 quae
1182 4586 1230 4650 ibi
1242 4586 1440 4651 inscribitur
1454 4586 1630 4668 Scorprum
1642 4587 1691 4653 eci
1702 4585 1844 4668 propic-

298 4688 484 4766 tregoediis.
497 4691 602 4752 Vetus
618 4694 732 4753 tamen
744 4694 804 4771 est,
821 4707 931 4772 neque
943 4691 1045 4754 etiam
1090 4691 1275 4774 tuproflnc
1288 4690 1409 4756 mardi.
1420 4692 1484 4754 Pro
1492 4689 1560 4756 fine
1575 4690 1680 4773 hujus
1691 4693 1774 4756 tomi
1785 4692 1842 4756 sit.

344 4063 588 4128 circumfertur
611 4065 647 4126 in
668 4064 886 4128 Bibliothecis
909 4067 1050 4129 Petrum
1095 4083 1206 4145 graece
1221 4067 1359 4131 omniuo
1374 4067 1466 4130 latet.
1490 4065 1606 4130 Latuit
1623 4081 1702 4128 vero
1725 4064 1846 4130 hacte-

332 4897 361 4970 1)
374 4895 443 4953 Ood
456 4897 645 4970 Sungermau.
658 4901 737 4972 1609,
756 4901 827 4956 olim
844 4901 905 4956 281.
918 4901 1000 4959 Inter
1018 4917 1048 4958 a·
1092 4901 1247 4974 epistolam
1256 4901 1295 4958 ad
1303 4901 1444 4959 Faustum
1454 4903 1488 4958 de
1499 4903 1564 4959 iocis
1573 4901 1845 4972 concitationem·
1971 4899 1972 4930 ί

296 4985 338 5040 iia
354 4985 486 5042 continet
503 4986 588 5056 plura
605 5003 671 5059 quoe
688 4987 819 5044 Memini
836 4987 970 5045 conferre
988 5005 1048 5045 nou
1093 4988 1164 5044 tiuae
1175 4989 1319 5060 Augustus
1331 4989 1525 5061 acrostichon,
1537 4989 1659 5046 Damasi
1671 5005 1775 5048 versus
1788 4995 1846 5045 eto.
1971 5001 1972 5076 ]

296 5071 495 5142 neglexerunt,
519 5071 694 5145 Hieronymi
716 5090 822 5146 nempe
840 5075 1002 5144 quaetione:
1020 5076 1049 5129 ιἰι
1093 5074 1156 5130 Pol.
1182 5075 1218 5130 94
1239 5075 1366 5132 occurrit
1389 5075 1618 5149 prefatiuncula,
1637 5093 1725 5149 quam
1742 5075 1794 5134 ubi
1813 5093 1845 5134 o·
1971 5087 1972 5133 ί

294 5161 429 5230 peneum,
443 5161 541 5216 librum
560 5163 678 5218 iocorum
696 5167 726 5220 et
742 5161 892 5236 epistolas,
911 5162 1050 5222 Eucherii
1094 5161 1194 5219 mnino
1207 5162 1345 5236 oportuit,
1357 5161 1448 5221 tacite
1460 5163 1686 5222 emendavimus.
1971 5151 1972 5183 ¹
