4008 6094
799 387 842 450 IN
866 385 1056 452 Psnnuos
1663 395 1703 458 17
1808 414 1812 420 ·

152 516 243 605 συνθῇ
256 519 289 583 ἐν
300 527 338 604 τῇ
350 517 521 606 ημέρριτοῦ
532 520 660 608 Κυρίου,
670 521 711 602 ώς
724 525 761 590 cd
773 523 903 611 δυναμέ-
948 529 1010 608 nia,
1027 533 1067 592 ut
1080 531 1197 594 salvus
1214 531 1259 594 sit
1273 532 1414 611 spiritus
1431 534 1466 596 in
1483 532 1537 598 die
1552 534 1703 615 Domini;

153 643 213 700 νου
228 633 282 689 τοῦ
298 624 473 711 πνεύματος
496 625 647 710 σωθῆναι,
671 627 727 694 ἐὰν
743 631 786 715 μη
806 650 905 714 παρα·
947 649 987 696 uc
1004 633 1034 695 si
1054 634 1194 714 spiritns
1216 635 1331 698 salvus
1361 652 1433 698 esse
1455 642 1611 716 nequeat,
1630 640 1700 701 nisi

162 725 264 812 ιπηη
277 727 355 811 σὰρξ
373 729 417 804 εἴς
440 727 578 813 ὄλεθρον.
605 729 659 807 Τίς
675 732 729 795 οὖν
745 732 763 797 ό
777 730 905 817 όλεθρος
948 753 1026 799 caro
1047 735 1202 800 tradatur
1224 738 1259 800 in
1290 739 1476 801 interitum.
1504 739 1591 814 Quid
1618 758 1700 804 vero

162 849 216 910 ης·
235 833 352 914 σαρκός
380 830 490 896 ἀκούει
510 834 532 918 ἢ
553 836 589 897 τό
609 832 848 919 όλεθρευόμενον
871 832 906 897 ἀ·
947 839 1249 922 εἰςιιίθοοίγουιυὶυ
1267 841 1436 921 ίιιίυιίόιιε,
1460 843 1526 906 nisi
1552 845 1637 907 mori
1662 844 1697 908 id

151 931 364 1018 ,ῃιθνησκεινς
389 933 429 1020 ζῇ
446 934 481 998 δέ
502 935 619 1022 ησίιρξ
635 947 689 1002 τοῦ
706 937 903 1024 ἁμαρτωλοί),
948 942 1038 1022 quod
1059 943 1242 1024 perditioni
1268 943 1438 1007 traditur?
1467 947 1561 1008 Vivit
1587 951 1701 1010 autem
1756 1015 1758 1018 ,

148 1035 348 1123 ιὶιιτέθανενη
365 1039 443 1124 σὰρξ
457 1049 514 1104 τοῦ
535 1039 674 1106 δικαίου·
691 1040 737 1104 διὸ
754 1039 903 1117 ὁδίκαιος
948 1061 1025 1108 caro
1040 1048 1234 1127 peccatoria,
1250 1053 1386 1111 mortua
1409 1052 1524 1112 antem
1549 1055 1600 1114 est
1622 1068 1700 1114 caro

153 1137 260 1226 λέγει·
280 1140 422 1206 Πάντοτε
436 1143 495 1226 τὴν
510 1142 658 1228 νέκρωσιν
673 1153 729 1209 τοῦ
745 1141 853 1228 Ἰησοῦ
871 1143 905 1208 ἐν
944 1145 1040 1227 justi.
1057 1148 1135 1211 Ideo
1146 1148 1233 1228 justi
1253 1152 1366 1214 aiunt:
1397 1172 1414 1212 ιι
1433 1153 1531 1216 Omni
1549 1157 1700 1235 tempore

154 1253 200 1330 τῷ
215 1244 336 1331 σώματι
348 1245 576 1332 περιφέροντες.
593 1248 638 1314 Τὸ
651 1251 705 1314 οὖν
716 1247 905 1334 παραδίδοσ-
949 1250 1244 1316 mortificationem
1258 1256 1279 1318 J
1282 1272 1342 1318 esu
1355 1255 1390 1318 in
1403 1272 1541 1337 corpore
1558 1258 1701 1321 circnm-

154 1349 209 1416 θαι
230 1351 274 1427 εἴς
289 1350 419 1436 όλεθρον
433 1353 491 1438 τὴν
508 1352 622 1437 σάρκα,
646 1353 784 1419 τοιοῦτόν
804 1353 905 1419 ἐστιν·
949 1355 1138 1420 ferentes.»
1164 1359 1235 1420 Hoc
1257 1358 1377 1437 igitur,
1398 1359 1487 1422 tradi
1504 1377 1640 1424 carnem
1663 1363 1699 1424 in

156 1453 350 1538 ἀποθνήσκει
360 1457 396 1520 τό
408 1455 619 1542 φρόνηματῆς
633 1459 759 1543 σαρκὸς,
768 1459 803 1522 τό
812 1465 903 1521 πνεῠ-
950 1459 1137 1538 interitum,
1159 1459 1354 1540 hujusmodi
1373 1468 1440 1525 est:
1456 1465 1601 1527 moritur
1623 1482 1697 1528 aen-

156 1577 203 1642 μα
219 1555 363 1635 σώζεται.
387 1558 427 1624 Εἴ
455 1559 599 1644 νενόηται
624 1564 660 1626 τό
687 1561 905 1643 ἀποστολικόν,
949 1581 1007 1626 sus
1030 1566 1152 1644 carnis,
1178 1565 1319 1645 spiritus
1341 1567 1456 1629 salvus
1480 1565 1635 1632 efficitur.
1662 1568 1697 1632 Si
1828 1600 1833 1608 ·

156 1661 230 1728 ἐλθὲ
244 1662 296 1727 ἐπί
310 1665 346 1728 τό
362 1664 582 1751 προκείμενον·
597 1667 626 1731 εἴ
649 1667 777 1752 ἐρχεται
798 1667 816 1733 ό
837 1665 906 1731 όλε-
949 1666 1035 1731 bene
1051 1667 1113 1730 tibi
1126 1666 1313 1731 innotuerit
1324 1667 1452 1731 dictum
1465 1673 1697 1753 apostolicum,

156 1767 240 1853 θρος,
259 1770 311 1833 ἴνα
326 1771 361 1832 τό
375 1779 499 1856 πνεῦμα
514 1770 609 1856 σωθῇ,
624 1770 646 1856 η
672 1771 751 1856 σόιρξ
765 1770 907 1836 ἀσθενεῖ·
949 1786 1054 1852 perge
1067 1769 1109 1832 cd
1121 1771 1332 1852 propositum
1344 1770 1487 1834 dictum:
1500 1774 1529 1836 si
1541 1774 1700 1839 interitus

156 1873 213 1936 καί
238 1872 312 1935 όσον
327 1869 453 1936 ἀσθενεῖ
468 1874 522 1936 καί
536 1873 637 1938 ὁδεύει
652 1873 674 1959 ἡ
693 1872 839 1940 όισθένεια
854 1874 907 1938 ἐπί
949 1873 1079 1952 subeat,
1093 1878 1133 1936 ut
1143 1875 1294 1937 salvetur
1306 1874 1455 1954 spiritns,
1464 1875 1698 1939 caroinfirma-

155 1978 212 2041 τόν
226 1974 360 2041 θόινατον
375 1983 432 2060 τῆς
452 1978 578 2060 σαρκὸς,
600 1979 658 2042 οὐκ
673 1979 756 2042 ἐστιν
770 1978 852 2054 ἴασις
873 1975 907 2041 ἐν
948 1983 1022 2056 tur3
1039 1981 1073 2038 et
1088 1981 1254 2057 quantum
1267 1976 1460 2041 infirmatur
1475 1995 1515 2041 ae
1525 1981 1698 2060 progredi-

156 2088 198 2164 τῇ
210 2078 314 2164 σαρκί.
331 2078 371 2145 Εἴ
386 2078 527 2166 μέντοιγε
542 2090 629 2146 νοσεῖ
642 2080 734 2166 μὲνὴ
752 2079 839 2165 σὰρξ,
851 2082 907 2145 καί
948 2085 1006 2144 tur
1029 2080 1208 2144 infirmitas
1231 2081 1273 2144 ad
1295 2081 1407 2143 carnia
1423 2081 1609 2163 interitum,
1624 2083 1698 2163 jum

155 2179 365 2269 ἐπανέρχεται
387 2182 437 2247 ἐπί
452 2185 509 2268 τὴν
532 2182 649 2268 ὑγίειαν
664 2184 685 2268 d
702 2185 760 2269 την
774 2183 901 2268 κακίαν,
948 2201 1013 2247 που
1028 2184 1212 2249 eucratitas
1222 2184 1260 2248 iu
1270 2199 1375 2248 οαννιε.
1389 2186 1521 2248 Interea
1531 2186 1700 2267 siquidem

154 2285 275 2371 γίνεται
289 2289 324 2352 τὸ
340 2288 387 2351 ότι
402 2287 485 2352 ἐστιν
506 2288 587 2364 ἴασις
603 2285 637 2352 ἐν
660 2297 699 2372 τῇ
717 2287 811 2372 σαρκί
833 2308 902 2373 μου,
949 2305 1027 2351 caro
1044 2290 1199 2368 aegrotat,
1212 2286 1350 2351 accedit
1365 2287 1407 2351 ad
1422 2289 1613 2370 sanitatem,
1628 2291 1700 2354 sive

156 2393 235 2475 ὅπερ
251 2391 310 2455 οὐκ
323 2391 406 2455 ἐστιν
417 2389 546 2476 ἀγαθόν.
559 2389 658 2467 Οὗτος
674 2391 728 2454 οὑν
740 2391 828 2475 εἴπερ
844 2411 904 2455 πα-
952 2393 1130 2473 malitiam,
1142 2398 1216 2456 tum
1232 2392 1272 2456 fit
1292 2391 1420 2457 eunitae
1441 2392 1478 2456 iu
1500 2409 1597 2458 οαινιο
1618 2411 1698 2474 utcu,

156 2503 309 2579 ραιτεῖται
322 2496 375 2559 τόν
391 2503 434 2580 τῷ
446 2494 532 2580 θυμῷ
546 2505 601 2559 τοῦ
615 2493 697 2561 Θεοῦ
709 2493 858 2581 ἐσόμενον
873 2497 904 2560 ἐ·
949 2495 1039 2577 quod
1051 2513 1118 2559 non
1131 2501 1182 2560 est
1192 2497 1330 2560 bonum.¹
1342 2497 1450 2561 David
1462 2499 1580 2578 igitur,
1593 2515 1699 2580 quan-

156 2597 285 2684 λεγχον,
308 2600 363 2662 καὶ
377 2600 436 2684 την
458 2608 496 2683 τη
514 2599 593 2684 ὀργῇ
618 2601 714 2664 αότοῦ
730 2597 905 2685 ἐρχομένην
949 2616 1051 2677 qnam
1064 2599 1221 2680 precibus
1232 2601 1405 2663 avertitne
1413 2603 1700 2680 arguaturfnturo

156 2701 329 2785 παίδευσιν,
350 2704 405 2766 καί
425 2711 622 2786 παραιτεῖται
646 2701 791 2788 εὐλόγως,
806 2701 907 2788 λέγων
948 2700 1061 2765 furore
1072 2703 1144 2783 Dei,
1152 2689 1413 2785 nequeventura
1425 2707 1695 2787 iracorripiatur,

159 2807 197 2870 τό
206 2807 301 2870 ότιτόι
310 2804 387 2893 βέλη
397 2827 453 2871 σου
465 2805 664 2891 ἐνεπόγησόιν
674 2826 734 2890 μοι.
744 2803 813 2870 Οὐκ
824 2807 907 2870 ἐστιν
949 2805 1149 2886 deprecatur
1163 2809 1313 2890 apposite
1337 2808 1467 2873 dicens:
1490 2811 1624 2893 Supittc
1639 2813 1700 2875 όιια

156 2909 241 2987 ἴασις
259 2908 293 2973 ἐν
315 2918 353 2994 τῇ
377 2907 472 2993 σαρκί
495 2930 553 2994 μου
576 2909 640 2974 ἀπό
661 2907 829 2994 προσώπου
851 2917 908 2993 τῆς
948 2910 1057 2993 injice
1070 2915 1148 2975 ινιιιί
1160 2911 1253 2991 milti,
1271 2929 1335 2976 coc
1349 2913 1535 2978 cstccuitcc
1548 2914 1586 2977 itt
1600 2931 1696 2979 carue

157 3015 257 3098 όργης
273 3035 339 3096 σου,
355 3011 500 3097 δηλονότι
515 3013 613 3079 αἴτιον
624 3014 665 3097 ἡν
679 3015 763 3099 αὐτῷ
786 3021 840 3077 που
863 3014 906 3099 μη
948 3030 1018 3079 κιαι
1039 3014 1159 3098 usecia
1179 3017 1238 3080 irc
1252 3011 1323 3096 θια,
1342 3015 1375 3079 id
1392 3021 1442 3079 est
1457 3016 1520 3079 hoc
1535 3033 1607 3080 esse
1626 3019 1691 3099 ipsi

156 3116 270 3183 παθεῖν
284 3115 347 3180 ἀπό
363 3117 460 3200 ὀργῆς
475 3118 531 3181 καί
546 3115 643 3201 θυμοῦ
662 3115 756 3199 Θεοῦ,
776 3117 831 3181 καῖ
853 3123 907 3180 τοῦ
950 3135 1087 3182 eausam
1111 3137 1297 3201 curaeque
1313 3137 1465 3201 unquam
1488 3122 1639 3202 patiatur
1653 3120 1696 3184 ab

159 3222 204 3307 μὴ
228 3221 307 3286 εἴναι
328 3221 412 3286 ἴασιν
434 3221 468 3286 ἐν
492 3230 530 3306 τῇ
554 3223 647 3306 σαρκί
661 3223 766 3286 αὐτοῦ.
784 3259 824 3270 -
840 3219 910 3286 Οὐκ
950 3224 1001 3287 ira
1024 3227 1058 3287 et
1079 3221 1192 3287 furore
1215 3224 1287 3304 Dei,
1310 3241 1420 3305 neque
1445 3223 1547 3287 etiam
1576 3225 1621 3288 ait
1646 3243 1697 3288 sa·
1757 3265 1763 3278 ·

156 3327 242 3390 ἐστιν
253 3323 363 3410 είρηνη
377 3334 440 3402 τοῖς
453 3323 571 3401 ὀστέοις
584 3346 653 3410 μου,
667 3325 729 3390 ἀπό
741 3324 908 3410 προσώπου
950 3328 1039 3390 nitas
1061 3327 1098 3389 in
1121 3345 1221 3391 cerne
1244 3325 1328 3406 ejus.
1344 3363 1381 3374 -
1394 3329 1468 3392 Nou
1490 3332 1539 3393 cst
1551 3344 1623 3409 pcc
1649 3345 1697 3392 οι-

156 3437 220 3496 τιῖιν
235 3427 394 3514 ἁμαρτιῶν
411 3449 479 3514 μου.
495 3427 584 3493 Ἀντί
599 3439 654 3493 τοῦ
670 3429 732 3495 ἀπό
755 3439 810 3495 τοῦ
832 3450 907 3515 προ·
949 3429 1039 3498 sicu
1059 3431 1141 3495 meis
1165 3428 1299 3512 πίεσθε
1318 3435 1521 3510 peccatorem
1546 3449 1696 3496 υιευνυνι.

159 3531 268 3596 σώπου
282 3540 344 3598 τῶν
359 3531 517 3618 ἁμαρτιῶν
540 3553 609 3616 μου,
634 3532 806 3619 Σύμμαχος
828 3535 909 3618 ἐφη·
951 3538 1014 3600 Pro
1027 3533 1148 3617 usucic
1163 3539 1366 3616 pcccctmwm
1379 3551 1530 3614 motum,
1546 3537 1697 3617 Symma-

158 3636 217 3702 Διόι
230 3639 286 3714 τόις
301 3636 454 3723 ἁμαρτίας
471 3659 539 3723 μου.
564 3677 605 3686 -
621 3638 749 3724 Λεγέτυ
768 3640 786 3705 ό
807 3638 910 3726 ἡμαρ-
951 3639 1035 3702 chus
1049 3638 1151 3701 dixit:
1159 3641 1295 3718 propter
1302 3641 1434 3718 peccatu
1447 3653 1527 3701 mcc.
1542 3673 1580 3686 -
1598 3639 1697 3701 Dicat

157 3741 273 3825 τηκώς,
289 3743 345 3805 καί
360 3744 439 3827 μετὰ
460 3751 563 3806 ταῦτα
588 3740 710 3827 βλέπυν
733 3743 829 3808 αὑτοῦ
851 3745 910 3829 την
951 3745 1012 3825 qui
1026 3743 1187 3824 peccavit,
1199 3744 1315 3822 postea
1328 3742 1430 3804 etiam
1443 3742 1535 3803 omni
1548 3745 1698 3822 tempore

159 3843 315 3930 ἁμαρτίαν
338 3845 518 3928 διαπαντός,
542 3845 648 3923 ώςκαί
669 3848 686 3912 ό
709 3847 804 3913 Δαυίδ
825 3846 911 3932 λέγει
951 3863 1052 3910 suum
1075 3849 1251 3926 peccatum
1267 3845 1414 3923 intuenS,
1436 3844 1526 3907 sicut
1542 3849 1576 3907 et
1590 3844 1699 3907 David

159 3947 193 4013 ἐν
208 3957 251 4035 τῷ
266 3947 291 4015 ν’
308 3947 447 4035 ψαλμῷ·
464 3947 529 4015 Καί
544 3949 565 4035 η
583 3949 720 4035 ἁμαρτία
743 3972 802 4036 μου
824 3951 911 4016 ἐναν-
952 3953 988 4015 in
1000 3951 1129 4032 psalmo
1140 3951 1175 4012 L:
1190 3949 1443 4029 «Etpeccatum
1455 3964 1569 4010 meum
1579 3950 1696 4010 contra

159 4053 224 4118 τίον
239 4053 298 4138 μοό
314 4053 380 4118 ἐστι
399 4041 577 4131 διαπαντός.
595 4054 696 4120 Τοῦτο
717 4055 753 4120 δέ
774 4055 912 4141 γίγνεται
952 4073 1006 4119 me
1029 4058 1080 4118 est
1101 4054 1274 4134 semper.»
1306 4051 1343 4115 Id
1366 4051 1456 4132 quod
1479 4050 1528 4130 fit,
1558 4053 1588 4116 ai
1619 4051 1697 4131 quia

161 4155 240 4222 ἐπάν
258 4177 303 4234 τις
319 4156 505 4243 ἁμαρτήσας
519 4158 673 4243 δόικνηται
687 4158 738 4223 ἐπί
752 4169 790 4245 τῇ
810 4160 910 4246 όιμαρ-
952 4178 1059 4243 quum
1075 4157 1265 4238 deliquerit,
1280 4155 1454 4219 mordetur
1468 4172 1528 4235 pro
1541 4158 1699 4236 peccat0;

162 4361 271 4448 είρηνη
288 4373 351 4441 τοῖς
366 4363 485 4442 όστέοις
497 4387 565 4450 μου.
586 4363 760 4431 Σαλεόεται
773 4368 835 4451 γὰρ
857 4368 912 4432 καί
952 4367 1042 4431 meis.
1068 4364 1305 4441 «Quatiuntur
1326 4363 1417 4424 enim
1440 4365 1474 4424 et
1497 4359 1699 4423 conturbata

159 4466 350 4551 τετίιρακταί
365 4489 417 4553 μοι
432 4470 472 4533 τὰ
487 4465 565 4534 όστᾶ
580 4469 643 4534 ἀπὸ
659 4469 827 4554 προσώπου
840 4492 910 4556 μου.
953 4474 1035 4536 sunt
1049 4486 1125 4533 ossa
1140 4485 1215 4530 mea
1230 4465 1347 4529 afecie
1366 4482 1450 4528 mea.
1465 4485 1482 4521 υ
1508 4463 1624 4526 Facies
1639 4479 1698 4524 au·

159 4570 270 4636 Ἐστιν
286 4571 321 4636 δέ
336 4569 503 4656 πρόσωπον
527 4571 687 4658 ἁμαρτιῶν
704 4572 726 4658 ἡ
749 4572 913 4658 ἐπιφάνεια
952 4580 1021 4638 tem
1037 4577 1252 4654 peccatorum
1267 4574 1318 4632 est
1339 4566 1567 4631 manifestatio
1583 4584 1699 4647 pecca-

158 4683 222 4740 τών
237 4673 415 4760 ἁμαρτιῶν·
431 4675 495 4740 σῖον
514 4674 571 4740 ἐὰν
589 4675 730 4761 ἐκνοηθώ
753 4678 809 4742 σῖα.
819 4681 914 4745 κακὰ
952 4683 1075 4756 torum,
1093 4674 1238 4754 exempli
1255 4673 1377 4752 gratia,
1393 4671 1422 4735 si
1438 4671 1699 4750 recogitaverim

161 4777 332 4862 πεποίηκα,
351 4779 404 4842 καί
419 4777 452 4843 ἐν
464 4779 509 4856 οἴς
525 4778 642 4864 γέγονα
653 4781 912 4868 παραπτώμασιν,
953 4782 1069 4864 qualia
1084 4780 1173 4842 mala
1188 4777 1336 4854 facerim,
1360 4779 1393 4838 et
1418 4791 1502 4855 quos
1524 4775 1559 4836 in
1583 4775 1700 4854 lapsus

163 4885 219 4949 καί
235 4880 391 4968 βαροῦμαι
406 4880 586 4968 θλιόόμενσς
600 4883 663 4948 ἀπὸ
679 4895 734 4950 τοῦ
749 4896 849 4952 ταῦτα
864 4887 912 4952 ἐν·
954 4883 1142 4960 ceciderim,
1158 4879 1303 4962 pondere
1319 4895 1387 4958 quc
1402 4893 1535 4958 premor
1550 4877 1698 4955 attrituS,

159 4995 260 5052 νοεῖν·
273 4983 343 5050 Οἴικ
353 4986 437 5050 ἐστιν
449 4984 556 5071 εἴρηνη
570 4997 633 5064 τοῖς
648 4987 767 5067 όστέοις
780 5011 839 5076 μου
850 4991 912 5057 ἀπὸ
954 4989 1070 5053 eadem
1086 4986 1167 5048 dum
1180 4982 1352 5047 considero
1365 4980 1459 5063 [tunc
1472 4981 1591 5043 merito
1600 4978 1697 5062 dicul:

160 5088 328 5174 προσώπου
344 5096 400 5174 της
416 5088 570 5184 ἁμαρτίας
587 5112 655 5176 μου.
954 5082 1699 5184 Ncctcstpucoccidtcmciccsccicpcccuticwi.

240 5211 389 5254 uanncra
409 5212 452 5273 ιιι,
473 5197 500 5254 ε.
1714 5195 1722 5216 ·
