<?xml version="1.0" encoding="UTF-8"?>
<!DOCTYPE html PUBLIC "-//W3C//DTD XHTML 1.0 Transitional//EN"
    "http://www.w3.org/TR/xhtml1/DTD/xhtml1-transitional.dtd">
<html xmlns="http://www.w3.org/1999/xhtml" xml:lang="en" lang="en">
 <head>
  <title>
</title>
<meta http-equiv="Content-Type" content="text/html;charset=utf-8" />
  <meta name='ocr-system' content='tesseract 3.04.00' />
  <meta name='ocr-capabilities' content='ocr_page ocr_carea ocr_par ocr_line ocrx_word'/>
</head>
<body>
  <div class='ocr_page' id='page_1' title='image "./analectasacrasp00pitrgoog_0018.png"; bbox 0 0 4008 6094; ppageno 0'>
   <div class='ocr_carea' id='block_1_1' title="bbox 812 521 1063 586">
    <p class='ocr_par' dir='ltr' id='par_1_1' title="bbox 812 521 1063 586">
     <span class='ocr_line' id='line_1_1' title="bbox 812 521 1063 586; baseline 0.012 -2"><span class='ocrx_word' id='word_1_1' title='bbox 812 521 856 584; x_wconf 87' lang='lat' dir='ltr'><strong>IN</strong></span> <span class='ocrx_word' id='word_1_2' title='bbox 880 522 1063 586; x_wconf 82' lang='lat' dir='ltr'>PSALMOS</span> 
     </span>
    </p>
   </div>
   <div class='ocr_carea' id='block_1_2' title="bbox 737 765 1136 846">
    <p class='ocr_par' dir='ltr' id='par_1_2' title="bbox 737 765 1136 846">
     <span class='ocr_line' id='line_1_2' title="bbox 737 765 1136 846; baseline 0 -5"><span class='ocrx_word' id='word_1_3' title='bbox 737 765 905 844; x_wconf 73' lang='lat' dir='ltr'><strong>Pantanus</strong></span> <span class='ocrx_word' id='word_1_4' title='bbox 927 767 1136 846; x_wconf 85' lang='lat' dir='ltr'><em>XXXIII.</em></span> 
     </span>
    </p>
   </div>
   <div class='ocr_carea' id='block_1_3' title="bbox 164 967 1707 1473">
    <p class='ocr_par' dir='ltr' id='par_1_3' title="bbox 166 967 1706 1160">
     <span class='ocr_line' id='line_1_3' title="bbox 213 967 1706 1064; baseline 0.011 -31"><span class='ocrx_word' id='word_1_5' title='bbox 213 985 245 1033; x_wconf 86' lang='lat' dir='ltr'><strong>v.</strong></span> <span class='ocrx_word' id='word_1_6' title='bbox 261 968 292 1034; x_wconf 99' lang='grc'><strong>9.</strong></span> <span class='ocrx_word' id='word_1_7' title='bbox 316 967 484 1055; x_wconf 82' lang='grc' dir='ltr'><strong>Γεῦσασθε,</strong></span> <span class='ocrx_word' id='word_1_8' title='bbox 508 973 562 1038; x_wconf 77' lang='grc' dir='ltr'><strong>καὶ</strong></span> <span class='ocrx_word' id='word_1_9' title='bbox 571 973 658 1038; x_wconf 78' lang='grc' dir='ltr'><strong>ἴδετε</strong></span> <span class='ocrx_word' id='word_1_10' title='bbox 683 975 730 1040; x_wconf 82' lang='grc' dir='ltr'><strong>ὅτι</strong></span> <span class='ocrx_word' id='word_1_11' title='bbox 744 979 882 1063; x_wconf 80' lang='grc' dir='ltr'><strong>χρηστὸς</strong></span> <span class='ocrx_word' id='word_1_12' title='bbox 900 978 917 1043; x_wconf 82' lang='grc' dir='ltr'>ὁ</span> <span class='ocrx_word' id='word_1_13' title='bbox 1006 998 1037 1044; x_wconf 95' lang='lat' dir='ltr'><strong>v.</strong></span> <span class='ocrx_word' id='word_1_14' title='bbox 1063 984 1092 1044; x_wconf 89' lang='grc'><strong>9.</strong></span> <span class='ocrx_word' id='word_1_15' title='bbox 1120 981 1298 1048; x_wconf 69' lang='grc' dir='ltr'><strong>θυσίαισιν</strong></span> <span class='ocrx_word' id='word_1_16' title='bbox 1312 981 1413 1047; x_wconf 70' lang='lat' dir='ltr'><strong>ridete</strong></span> <span class='ocrx_word' id='word_1_17' title='bbox 1427 985 1577 1064; x_wconf 72' lang='lat' dir='ltr'><strong>quonam</strong></span> <span class='ocrx_word' id='word_1_18' title='bbox 1595 987 1706 1050; x_wconf 77' lang='grc' dir='ltr'><strong>αιαιίν</strong></span> 
     </span>
     <span class='ocr_line' id='line_1_4' title="bbox 166 1068 1196 1160; baseline 0.011 -24"><span class='ocrx_word' id='word_1_19' title='bbox 166 1068 294 1159; x_wconf 84' lang='grc' dir='ltr'><strong>Κύριος.</strong></span> <span class='ocrx_word' id='word_1_20' title='bbox 320 1077 386 1142; x_wconf 83' lang='lat' dir='ltr'><strong>Vct.</strong></span> <span class='ocrx_word' id='word_1_21' title='bbox 404 1077 477 1160; x_wconf 81' lang='lat'>643,</span> <span class='ocrx_word' id='word_1_22' title='bbox 494 1078 524 1141; x_wconf 85' lang='lat'><strong>2.</strong></span> <span class='ocrx_word' id='word_1_23' title='bbox 960 1088 1009 1149; x_wconf 80' lang='lat' dir='ltr'><strong>est</strong></span> <span class='ocrx_word' id='word_1_24' title='bbox 1030 1085 1196 1149; x_wconf 82' lang='lat' dir='ltr'><strong>Doma&#39;aas.</strong></span> 
     </span>
    </p>

    <p class='ocr_par' dir='ltr' id='par_1_4' title="bbox 164 1175 1707 1473">
     <span class='ocr_line' id='line_1_5' title="bbox 213 1175 1707 1275; baseline 0.009 -32"><span class='ocrx_word' id='word_1_25' title='bbox 213 1175 254 1244; x_wconf 85' lang='grc' dir='ltr'><strong>Εἰ</strong></span> <span class='ocrx_word' id='word_1_26' title='bbox 267 1178 398 1264; x_wconf 85' lang='grc' dir='ltr'><strong>γευστίς</strong></span> <span class='ocrx_word' id='word_1_27' title='bbox 413 1180 496 1247; x_wconf 82' lang='grc' dir='ltr'><strong>ἐστιν</strong></span> <span class='ocrx_word' id='word_1_28' title='bbox 518 1181 536 1247; x_wconf 81' lang='grc' dir='ltr'><strong>θ</strong></span> <span class='ocrx_word' id='word_1_29' title='bbox 550 1179 675 1268; x_wconf 85' lang='grc' dir='ltr'><strong>Κύριος,</strong></span> <span class='ocrx_word' id='word_1_30' title='bbox 699 1184 751 1251; x_wconf 87' lang='grc' dir='ltr'><strong>διὰ</strong></span> <span class='ocrx_word' id='word_1_31' title='bbox 772 1193 830 1271; x_wconf 76' lang='grc' dir='ltr'><strong>τῆς</strong></span> <span class='ocrx_word' id='word_1_32' title='bbox 848 1185 916 1252; x_wconf 81' lang='grc' dir='ltr'><strong>πίσ·</strong></span> <span class='ocrx_word' id='word_1_33' title='bbox 1004 1189 1039 1252; x_wconf 84' lang='lat' dir='ltr'><strong>Si</strong></span> <span class='ocrx_word' id='word_1_34' title='bbox 1050 1193 1212 1267; x_wconf 87' lang='lat' dir='ltr'><strong>gustatur</strong></span> <span class='ocrx_word' id='word_1_35' title='bbox 1224 1191 1398 1272; x_wconf 88' lang='lat' dir='ltr'><strong>Dominus,</strong></span> <span class='ocrx_word' id='word_1_36' title='bbox 1410 1190 1488 1254; x_wconf 90' lang='lat' dir='ltr'><strong>fidei</strong></span> <span class='ocrx_word' id='word_1_37' title='bbox 1501 1197 1608 1270; x_wconf 89' lang='lat' dir='ltr'><strong>gustu</strong></span> <span class='ocrx_word' id='word_1_38' title='bbox 1620 1194 1707 1275; x_wconf 87' lang='lat' dir='ltr'><strong>capi·</strong></span> 
     </span>
     <span class='ocr_line' id='line_1_6' title="bbox 165 1279 1706 1376; baseline 0.009 -30"><span class='ocrx_word' id='word_1_39' title='bbox 165 1279 247 1359; x_wconf 81' lang='grc' dir='ltr'><strong>τεώς</strong></span> <span class='ocrx_word' id='word_1_40' title='bbox 263 1281 331 1348; x_wconf 87' lang='grc' dir='ltr'><strong>ἐστι</strong></span> <span class='ocrx_word' id='word_1_41' title='bbox 344 1283 484 1369; x_wconf 84' lang='grc' dir='ltr'><strong>γευστός·</strong></span> <span class='ocrx_word' id='word_1_42' title='bbox 499 1287 554 1350; x_wconf 81' lang='grc' dir='ltr'><strong>καί</strong></span> <span class='ocrx_word' id='word_1_43' title='bbox 576 1285 604 1352; x_wconf 90' lang='grc' dir='ltr'><strong>εί</strong></span> <span class='ocrx_word' id='word_1_44' title='bbox 625 1290 771 1372; x_wconf 82' lang='grc' dir='ltr'><strong>χρηστὸς,</strong></span> <span class='ocrx_word' id='word_1_45' title='bbox 795 1289 846 1355; x_wconf 78' lang='grc' dir='ltr'><strong>διὰ</strong></span> <span class='ocrx_word' id='word_1_46' title='bbox 860 1296 917 1374; x_wconf 77' lang='grc' dir='ltr'><strong>τῆς</strong></span> <span class='ocrx_word' id='word_1_47' title='bbox 961 1296 1031 1372; x_wconf 89' lang='lat' dir='ltr'><strong>tur;</strong></span> <span class='ocrx_word' id='word_1_48' title='bbox 1051 1294 1081 1356; x_wconf 92' lang='lat' dir='ltr'><strong>si</strong></span> <span class='ocrx_word' id='word_1_49' title='bbox 1103 1295 1286 1374; x_wconf 72' lang='lat' dir='ltr'><strong>suavisest,</strong></span> <span class='ocrx_word' id='word_1_50' title='bbox 1308 1312 1368 1376; x_wconf 87' lang='lat' dir='ltr'><strong>per</strong></span> <span class='ocrx_word' id='word_1_51' title='bbox 1389 1296 1566 1359; x_wconf 88' lang='lat' dir='ltr'><strong>scientiam</strong></span> <span class='ocrx_word' id='word_1_52' title='bbox 1590 1298 1706 1360; x_wconf 88' lang='lat' dir='ltr'><strong>suavis</strong></span> 
     </span>
     <span class='ocr_line' id='line_1_7' title="bbox 164 1385 1024 1473; baseline 0.008 -21"><span class='ocrx_word' id='word_1_53' title='bbox 164 1385 314 1470; x_wconf 78' lang='grc' dir='ltr'><strong>γνώσεώς</strong></span> <span class='ocrx_word' id='word_1_54' title='bbox 329 1386 395 1452; x_wconf 80' lang='grc' dir='ltr'><strong>ἐστι</strong></span> <span class='ocrx_word' id='word_1_55' title='bbox 410 1388 558 1473; x_wconf 77' lang='grc' dir='ltr'><strong>χρηστός.</strong></span> <span class='ocrx_word' id='word_1_56' title='bbox 963 1400 1024 1459; x_wconf 89' lang='lat' dir='ltr'><strong>est.</strong></span> 
     </span>
    </p>
   </div>
   <div class='ocr_carea' id='block_1_4' title="bbox 161 1559 1707 1814">
    <p class='ocr_par' dir='ltr' id='par_1_5' title="bbox 161 1559 1707 1814">
     <span class='ocr_line' id='line_1_8' title="bbox 200 1559 1707 1640; baseline 0.009 -26"><span class='ocrx_word' id='word_1_57' title='bbox 200 1559 253 1615; x_wconf 81' lang='lat' dir='ltr'><strong>Pa.</strong></span> <span class='ocrx_word' id='word_1_58' title='bbox 279 1574 391 1630; x_wconf 83' lang='lat' dir='ltr'><strong>xxxm,</strong></span> <span class='ocrx_word' id='word_1_59' title='bbox 419 1577 447 1617; x_wconf 80' lang='lat' dir='ltr'><strong>v.</strong></span> <span class='ocrx_word' id='word_1_60' title='bbox 472 1561 498 1616; x_wconf 89' lang='grc'><strong>9.</strong></span> <span class='ocrx_word' id='word_1_61' title='bbox 520 1561 587 1618; x_wconf 86' lang='lat' dir='ltr'><strong>Vat.</strong></span> <span class='ocrx_word' id='word_1_62' title='bbox 610 1561 635 1616; x_wconf 69' lang='lat' dir='ltr'><strong>a</strong></span> <span class='ocrx_word' id='word_1_63' title='bbox 663 1560 745 1618; x_wconf 80' lang='lat' dir='ltr'><strong>Nihil</strong></span> <span class='ocrx_word' id='word_1_64' title='bbox 761 1563 840 1635; x_wconf 82' lang='lat' dir='ltr'><strong>novi,</strong></span> <span class='ocrx_word' id='word_1_65' title='bbox 862 1563 914 1621; x_wconf 85' lang='lat' dir='ltr'><strong>sad</strong></span> <span class='ocrx_word' id='word_1_66' title='bbox 957 1569 994 1634; x_wconf 79' lang='grc' dir='ltr'><strong>ια,</strong></span> <span class='ocrx_word' id='word_1_67' title='bbox 1005 1569 1045 1634; x_wconf 81' lang='grc' dir='ltr'><strong>ιβ’,</strong></span> <span class='ocrx_word' id='word_1_68' title='bbox 1057 1571 1100 1637; x_wconf 84' lang='grc' dir='ltr'><strong>ιγ’,</strong></span> <span class='ocrx_word' id='word_1_69' title='bbox 1112 1569 1143 1633; x_wconf 83' lang='grc' dir='ltr'><strong>ιί,</strong></span> <span class='ocrx_word' id='word_1_70' title='bbox 1156 1569 1510 1640; x_wconf 73' lang='grc' dir='ltr'><strong>ις’,ασρτωθυτεπίυλίυθ</strong></span> <span class='ocrx_word' id='word_1_71' title='bbox 1525 1570 1550 1638; x_wconf 89' lang='grc' dir='ltr'><strong>θ,</strong></span> <span class='ocrx_word' id='word_1_72' title='bbox 1561 1571 1602 1626; x_wconf 79' lang='grc'><strong>14.</strong></span> <span class='ocrx_word' id='word_1_73' title='bbox 1614 1571 1707 1640; x_wconf 81' lang='lat' dir='ltr'><strong>Quem</strong></span> 
     </span>
     <span class='ocr_line' id='line_1_9' title="bbox 163 1646 1706 1728; baseline 0.008 -26"><span class='ocrx_word' id='word_1_74' title='bbox 163 1646 378 1703; x_wconf 84' lang='lat' dir='ltr'><strong>confirmantur</strong></span> <span class='ocrx_word' id='word_1_75' title='bbox 389 1647 448 1702; x_wconf 91' lang='grc' dir='ltr'><strong>ΒΒ.</strong></span> <span class='ocrx_word' id='word_1_76' title='bbox 460 1647 491 1702; x_wconf 91' lang='lat' dir='ltr'><strong>in</strong></span> <span class='ocrx_word' id='word_1_77' title='bbox 509 1665 536 1705; x_wconf 84' lang='lat' dir='ltr'><strong>v.</strong></span> <span class='ocrx_word' id='word_1_78' title='bbox 551 1650 575 1720; x_wconf 87' lang='lat'><strong>1,</strong></span> <span class='ocrx_word' id='word_1_79' title='bbox 593 1649 619 1720; x_wconf 77' lang='lat'><strong>2,</strong></span> <span class='ocrx_word' id='word_1_80' title='bbox 636 1649 655 1705; x_wconf 83' lang='grc' dir='ltr'><strong>θ</strong></span> <span class='ocrx_word' id='word_1_81' title='bbox 671 1666 763 1722; x_wconf 85' lang='lat' dir='ltr'><strong>usqne</strong></span> <span class='ocrx_word' id='word_1_82' title='bbox 776 1650 813 1706; x_wconf 87' lang='lat' dir='ltr'><strong>ad</strong></span> <span class='ocrx_word' id='word_1_83' title='bbox 825 1651 861 1707; x_wconf 81' lang='grc'><strong>93</strong></span> <span class='ocrx_word' id='word_1_84' title='bbox 877 1649 915 1706; x_wconf 88' lang='lat' dir='ltr'><strong>ab</strong></span> <span class='ocrx_word' id='word_1_85' title='bbox 959 1666 1133 1708; x_wconf 83' lang='lat' dir='ltr'><strong>consensum</strong></span> <span class='ocrx_word' id='word_1_86' title='bbox 1148 1651 1186 1708; x_wconf 87' lang='lat' dir='ltr'><strong>ad</strong></span> <span class='ocrx_word' id='word_1_87' title='bbox 1197 1652 1425 1710; x_wconf 80' lang='lat' dir='ltr'><strong>continuandam</strong></span> <span class='ocrx_word' id='word_1_88' title='bbox 1434 1655 1500 1712; x_wconf 85' lang='lat' dir='ltr'><strong>Vat.</strong></span> <span class='ocrx_word' id='word_1_89' title='bbox 1511 1655 1706 1728; x_wconf 76' lang='lat' dir='ltr'><strong>bfrequcnter</strong></span> 
     </span>
     <span class='ocr_line' id='line_1_10' title="bbox 161 1733 1706 1814; baseline 0.006 -24"><span class='ocrx_word' id='word_1_90' title='bbox 161 1735 231 1790; x_wconf 81' lang='lat' dir='ltr'><strong>eod.</strong></span> <span class='ocrx_word' id='word_1_91' title='bbox 243 1735 312 1793; x_wconf 70' lang='lat' dir='ltr'><strong>Vct</strong></span> <span class='ocrx_word' id='word_1_92' title='bbox 329 1733 383 1790; x_wconf 88' lang='lat' dir='ltr'><strong>snb</strong></span> <span class='ocrx_word' id='word_1_93' title='bbox 401 1735 509 1791; x_wconf 79' lang='lat' dir='ltr'><strong>litteris</strong></span> <span class='ocrx_word' id='word_1_94' title='bbox 528 1740 555 1803; x_wconf 84' lang='grc' dir='ltr'><strong>ιί,</strong></span> <span class='ocrx_word' id='word_1_95' title='bbox 566 1740 598 1804; x_wconf 83' lang='grc' dir='ltr'><strong>β’,</strong></span> <span class='ocrx_word' id='word_1_96' title='bbox 610 1741 643 1806; x_wconf 87' lang='grc' dir='ltr'><strong>γ’,</strong></span> <span class='ocrx_word' id='word_1_97' title='bbox 656 1741 687 1805; x_wconf 79' lang='grc' dir='ltr'><strong>θ’,</strong></span> <span class='ocrx_word' id='word_1_98' title='bbox 700 1742 722 1805; x_wconf 80' lang='grc' dir='ltr'><strong>ί,</strong></span> <span class='ocrx_word' id='word_1_99' title='bbox 735 1743 764 1806; x_wconf 88' lang='grc' dir='ltr'><strong>ς’,</strong></span> <span class='ocrx_word' id='word_1_100' title='bbox 778 1741 810 1806; x_wconf 73' lang='grc' dir='ltr'><strong>ζ’,</strong></span> <span class='ocrx_word' id='word_1_101' title='bbox 822 1741 849 1807; x_wconf 71' lang='grc' dir='ltr'><strong>ἡ,</strong></span> <span class='ocrx_word' id='word_1_102' title='bbox 863 1740 886 1793; x_wconf 83' lang='grc' dir='ltr'><strong>θ’</strong></span> <span class='ocrx_word' id='word_1_103' title='bbox 898 1741 914 1805; x_wconf 89' lang='grc' dir='ltr'><strong>ί,</strong></span> <span class='ocrx_word' id='word_1_104' title='bbox 959 1739 1302 1811; x_wconf 64' lang='lat' dir='ltr'><strong>marcomannicam,</strong></span> <span class='ocrx_word' id='word_1_105' title='bbox 1313 1741 1706 1814; x_wconf 77' lang='lat' dir='ltr'><strong>saepissimanotaraliccret</strong></span> 
     </span>
    </p>
   </div>
   <div class='ocr_carea' id='block_1_5' title="bbox 747 1935 1135 2015">
    <p class='ocr_par' dir='ltr' id='par_1_6' title="bbox 747 1935 1135 2015">
     <span class='ocr_line' id='line_1_11' title="bbox 747 1935 1135 2015; baseline 0 -2"><span class='ocrx_word' id='word_1_106' title='bbox 747 1935 915 2014; x_wconf 82' lang='lat' dir='ltr'><strong>Psalmus</strong></span> <span class='ocrx_word' id='word_1_107' title='bbox 940 1935 1135 2015; x_wconf 90' lang='lat' dir='ltr'><em>XXXIV.</em></span> 
     </span>
    </p>
   </div>
   <div class='ocr_carea' id='block_1_6' title="bbox 99 2125 1804 5124">
    <p class='ocr_par' dir='ltr' id='par_1_7' title="bbox 161 2125 1706 2528">
     <span class='ocr_line' id='line_1_12' title="bbox 206 2125 1704 2218; baseline 0.005 -28"><span class='ocrx_word' id='word_1_108' title='bbox 206 2145 243 2190; x_wconf 90' lang='lat' dir='ltr'><strong>v.</strong></span> <span class='ocrx_word' id='word_1_109' title='bbox 261 2127 290 2192; x_wconf 87' lang='lat'><strong>8.</strong></span> <span class='ocrx_word' id='word_1_110' title='bbox 306 2125 443 2195; x_wconf 82' lang='grc' dir='ltr'><strong>Ἐλθέτω</strong></span> <span class='ocrx_word' id='word_1_111' title='bbox 459 2131 563 2208; x_wconf 76' lang='grc' dir='ltr'><strong>αὐτοῖς</strong></span> <span class='ocrx_word' id='word_1_112' title='bbox 575 2131 667 2216; x_wconf 85' lang='grc' dir='ltr'><strong>παγίς</strong></span> <span class='ocrx_word' id='word_1_113' title='bbox 682 2129 723 2216; x_wconf 80' lang='grc' dir='ltr'><strong>ἣν</strong></span> <span class='ocrx_word' id='word_1_114' title='bbox 745 2131 782 2195; x_wconf 75' lang='lat' dir='ltr'><strong>oo</strong></span> <span class='ocrx_word' id='word_1_115' title='bbox 802 2127 913 2215; x_wconf 85' lang='grc' dir='ltr'><strong>γινώσ·</strong></span> <span class='ocrx_word' id='word_1_116' title='bbox 1001 2149 1033 2194; x_wconf 91' lang='grc' dir='ltr'><strong>ν.</strong></span> <span class='ocrx_word' id='word_1_117' title='bbox 1056 2134 1086 2196; x_wconf 90' lang='lat'><strong>8.</strong></span> <span class='ocrx_word' id='word_1_118' title='bbox 1118 2133 1231 2199; x_wconf 74' lang='lat' dir='ltr'><strong>Venas</strong></span> <span class='ocrx_word' id='word_1_119' title='bbox 1250 2133 1324 2199; x_wconf 83' lang='lat' dir='ltr'><strong>illis</strong></span> <span class='ocrx_word' id='word_1_120' title='bbox 1346 2133 1482 2218; x_wconf 75' lang='grc' dir='ltr'><strong>ίαρααυν</strong></span> <span class='ocrx_word' id='word_1_121' title='bbox 1503 2151 1596 2216; x_wconf 77' lang='lat' dir='ltr'><strong>qaam</strong></span> <span class='ocrx_word' id='word_1_122' title='bbox 1616 2134 1704 2218; x_wconf 77' lang='lat' dir='ltr'><strong>igno·</strong></span> 
     </span>
     <span class='ocr_line' id='line_1_13' title="bbox 161 2231 1704 2320; baseline 0.005 -26"><span class='ocrx_word' id='word_1_123' title='bbox 161 2251 268 2314; x_wconf 79' lang='grc' dir='ltr'><strong>αουσι,</strong></span> <span class='ocrx_word' id='word_1_124' title='bbox 283 2231 374 2317; x_wconf 73' lang='grc' dir='ltr'><strong>καὶὴ</strong></span> <span class='ocrx_word' id='word_1_125' title='bbox 394 2231 476 2318; x_wconf 78' lang='grc' dir='ltr'><strong>θήρα</strong></span> <span class='ocrx_word' id='word_1_126' title='bbox 497 2232 537 2318; x_wconf 82' lang='grc' dir='ltr'><strong>ἣν</strong></span> <span class='ocrx_word' id='word_1_127' title='bbox 560 2235 709 2319; x_wconf 80' lang='grc' dir='ltr'><strong>ἔκρυψαν,</strong></span> <span class='ocrx_word' id='word_1_128' title='bbox 732 2231 914 2320; x_wconf 85' lang='grc' dir='ltr'><strong>συλλαβὲτω</strong></span> <span class='ocrx_word' id='word_1_129' title='bbox 956 2241 1044 2316; x_wconf 80' lang='lat' dir='ltr'><strong>rant,</strong></span> <span class='ocrx_word' id='word_1_130' title='bbox 1072 2242 1105 2303; x_wconf 77' lang='lat' dir='ltr'><strong>et</strong></span> <span class='ocrx_word' id='word_1_131' title='bbox 1129 2237 1232 2318; x_wconf 69' lang='lat' dir='ltr'><strong>aptio</strong></span> <span class='ocrx_word' id='word_1_132' title='bbox 1257 2253 1354 2319; x_wconf 78' lang='lat' dir='ltr'><strong>quam</strong></span> <span class='ocrx_word' id='word_1_133' title='bbox 1380 2237 1620 2316; x_wconf 70' lang='lat' dir='ltr'><strong>absconderant,</strong></span> <span class='ocrx_word' id='word_1_134' title='bbox 1650 2255 1704 2319; x_wconf 63' lang='lat' dir='ltr'><strong>aga</strong></span> 
     </span>
     <span class='ocr_line' id='line_1_14' title="bbox 162 2335 1706 2424; baseline 0.005 -26"><span class='ocrx_word' id='word_1_135' title='bbox 162 2335 292 2418; x_wconf 71' lang='grc' dir='ltr'><strong>αὐτοὺς,</strong></span> <span class='ocrx_word' id='word_1_136' title='bbox 308 2337 362 2401; x_wconf 81' lang='grc' dir='ltr'><strong>καί</strong></span> <span class='ocrx_word' id='word_1_137' title='bbox 377 2335 411 2402; x_wconf 86' lang='grc' dir='ltr'><strong>ἐν</strong></span> <span class='ocrx_word' id='word_1_138' title='bbox 426 2347 465 2423; x_wconf 73' lang='grc' dir='ltr'><strong>τῇ</strong></span> <span class='ocrx_word' id='word_1_139' title='bbox 477 2337 584 2424; x_wconf 87' lang='grc' dir='ltr'><strong>παγίδι</strong></span> <span class='ocrx_word' id='word_1_140' title='bbox 599 2348 766 2404; x_wconf 82' lang='grc' dir='ltr'><strong>πεσοῦνται</strong></span> <span class='ocrx_word' id='word_1_141' title='bbox 777 2337 810 2403; x_wconf 77' lang='grc' dir='ltr'><strong>ἐν</strong></span> <span class='ocrx_word' id='word_1_142' title='bbox 821 2338 912 2423; x_wconf 73' lang='grc' dir='ltr'><strong>αὐτῇ.</strong></span> <span class='ocrx_word' id='word_1_143' title='bbox 949 2340 1130 2422; x_wconf 66' lang='lat' dir='ltr'><strong>mearam</strong></span> <span class='ocrx_word' id='word_1_144' title='bbox 1150 2357 1218 2405; x_wconf 79' lang='lat' dir='ltr'><strong>eos:</strong></span> <span class='ocrx_word' id='word_1_145' title='bbox 1239 2345 1271 2406; x_wconf 81' lang='lat' dir='ltr'><strong>et</strong></span> <span class='ocrx_word' id='word_1_146' title='bbox 1291 2341 1328 2406; x_wconf 83' lang='grc' dir='ltr'><strong>ία</strong></span> <span class='ocrx_word' id='word_1_147' title='bbox 1358 2340 1508 2422; x_wconf 73' lang='lat' dir='ltr'><strong>loqueum</strong></span> <span class='ocrx_word' id='word_1_148' title='bbox 1534 2341 1645 2406; x_wconf 71' lang='lat' dir='ltr'><strong>codrot</strong></span> <span class='ocrx_word' id='word_1_149' title='bbox 1669 2341 1706 2406; x_wconf 80' lang='lat' dir='ltr'><strong>itt</strong></span> 
     </span>
     <span class='ocr_line' id='line_1_15' title="bbox 172 2441 1072 2528; baseline 0.007 -25"><span class='ocrx_word' id='word_1_150' title='bbox 172 2441 242 2504; x_wconf 79' lang='lat' dir='ltr'><strong>Vct.</strong></span> <span class='ocrx_word' id='word_1_151' title='bbox 259 2441 333 2523; x_wconf 80' lang='grc'><strong>644,</strong></span> <span class='ocrx_word' id='word_1_152' title='bbox 359 2443 387 2505; x_wconf 93' lang='grc'><strong>1.</strong></span> <span class='ocrx_word' id='word_1_153' title='bbox 955 2450 1072 2528; x_wconf 80' lang='lat' dir='ltr'><strong>ipsvm.</strong></span> 
     </span>
    </p>

    <p class='ocr_par' dir='ltr' id='par_1_8' title="bbox 99 2541 1804 3254">
     <span class='ocr_line' id='line_1_16' title="bbox 207 2541 1704 2631; baseline 0.003 -24"><span class='ocrx_word' id='word_1_154' title='bbox 207 2541 429 2629; x_wconf 70' lang='grc' dir='ltr'><strong>Ἀντεστράιρη</strong></span> <span class='ocrx_word' id='word_1_155' title='bbox 443 2545 505 2630; x_wconf 80' lang='grc' dir='ltr'><strong>γὰρ</strong></span> <span class='ocrx_word' id='word_1_156' title='bbox 521 2545 564 2622; x_wconf 88' lang='grc' dir='ltr'><strong>είς</strong></span> <span class='ocrx_word' id='word_1_157' title='bbox 578 2544 723 2631; x_wconf 77' lang='grc' dir='ltr'><strong>κεφαλὴν</strong></span> <span class='ocrx_word' id='word_1_158' title='bbox 738 2553 799 2612; x_wconf 88' lang='grc' dir='ltr'><strong>τῶν</strong></span> <span class='ocrx_word' id='word_1_159' title='bbox 816 2565 912 2629; x_wconf 72' lang='lat' dir='ltr'><strong>aava·</strong></span> <span class='ocrx_word' id='word_1_160' title='bbox 999 2551 1083 2613; x_wconf 88' lang='lat' dir='ltr'><strong>Nam</strong></span> <span class='ocrx_word' id='word_1_161' title='bbox 1095 2548 1131 2612; x_wconf 94' lang='lat' dir='ltr'><strong>in</strong></span> <span class='ocrx_word' id='word_1_162' title='bbox 1143 2551 1246 2628; x_wconf 91' lang='lat' dir='ltr'><strong>capnt</strong></span> <span class='ocrx_word' id='word_1_163' title='bbox 1262 2549 1457 2628; x_wconf 88' lang='lat' dir='ltr'><strong>iniquorum</strong></span> <span class='ocrx_word' id='word_1_164' title='bbox 1474 2549 1616 2630; x_wconf 85' lang='lat' dir='ltr'>laqueus</span> <span class='ocrx_word' id='word_1_165' title='bbox 1628 2565 1704 2612; x_wconf 88' lang='lat' dir='ltr'><strong>con·</strong></span> 
     </span>
     <span class='ocr_line' id='line_1_17' title="bbox 162 2646 1704 2734; baseline 0.003 -23"><span class='ocrx_word' id='word_1_166' title='bbox 162 2646 264 2732; x_wconf 86' lang='grc' dir='ltr'><strong>ρῶνὴ</strong></span> <span class='ocrx_word' id='word_1_167' title='bbox 280 2647 384 2734; x_wconf 89' lang='grc' dir='ltr'><strong>παγίς.</strong></span> <span class='ocrx_word' id='word_1_168' title='bbox 407 2647 625 2733; x_wconf 71' lang='grc' dir='ltr'>θηρεύσαντες</span> <span class='ocrx_word' id='word_1_169' title='bbox 639 2650 702 2734; x_wconf 81' lang='grc' dir='ltr'><strong>γὰρ</strong></span> <span class='ocrx_word' id='word_1_170' title='bbox 723 2651 777 2714; x_wconf 85' lang='grc' dir='ltr'><strong>τὸν</strong></span> <span class='ocrx_word' id='word_1_171' title='bbox 796 2647 912 2732; x_wconf 81' lang='grc' dir='ltr'><strong>ἄνθρω·</strong></span> <span class='ocrx_word' id='word_1_172' title='bbox 956 2669 1075 2716; x_wconf 88' lang='lat' dir='ltr'><strong>versus</strong></span> <span class='ocrx_word' id='word_1_173' title='bbox 1086 2655 1145 2715; x_wconf 87' lang='lat' dir='ltr'><strong>est</strong></span> <span class='ocrx_word' id='word_1_174' title='bbox 1152 2654 1235 2714; x_wconf 83' lang='lat' dir='ltr'><strong>cun</strong></span> <span class='ocrx_word' id='word_1_175' title='bbox 1245 2652 1336 2715; x_wconf 88' lang='lat' dir='ltr'><strong>enirn</strong></span> <span class='ocrx_word' id='word_1_176' title='bbox 1344 2652 1386 2714; x_wconf 92' lang='lat' dir='ltr'><strong>ad</strong></span> <span class='ocrx_word' id='word_1_177' title='bbox 1393 2657 1535 2715; x_wconf 88' lang='lat' dir='ltr'><strong>mortem</strong></span> <span class='ocrx_word' id='word_1_178' title='bbox 1542 2669 1704 2716; x_wconf 88' lang='lat' dir='ltr'><strong>venaran-</strong></span> 
     </span>
     <span class='ocr_line' id='line_1_18' title="bbox 161 2751 1703 2838; baseline 0.001 -21"><span class='ocrx_word' id='word_1_179' title='bbox 161 2773 225 2817; x_wconf 90' lang='grc' dir='ltr'><strong>πον</strong></span> <span class='ocrx_word' id='word_1_180' title='bbox 241 2753 285 2829; x_wconf 80' lang='grc' dir='ltr'><strong>εἰς</strong></span> <span class='ocrx_word' id='word_1_181' title='bbox 300 2751 443 2835; x_wconf 84' lang='grc' dir='ltr'><strong>θάνατον,</strong></span> <span class='ocrx_word' id='word_1_182' title='bbox 464 2751 770 2838; x_wconf 73' lang='grc' dir='ltr'><strong>ἀντεζωγρείιθησαν,</strong></span> <span class='ocrx_word' id='word_1_183' title='bbox 793 2753 848 2816; x_wconf 77' lang='grc' dir='ltr'><strong>καί</strong></span> <span class='ocrx_word' id='word_1_184' title='bbox 869 2759 913 2837; x_wconf 83' lang='grc' dir='ltr'><strong>τῶ</strong></span> <span class='ocrx_word' id='word_1_185' title='bbox 956 2761 1014 2821; x_wconf 88' lang='lat' dir='ltr'><strong>tur</strong></span> <span class='ocrx_word' id='word_1_186' title='bbox 1034 2755 1216 2835; x_wconf 86' lang='lat' dir='ltr'><strong>hominem,</strong></span> <span class='ocrx_word' id='word_1_187' title='bbox 1239 2756 1304 2836; x_wconf 88' lang='lat' dir='ltr'><strong>ipsi</strong></span> <span class='ocrx_word' id='word_1_188' title='bbox 1326 2757 1443 2818; x_wconf 87' lang='lat' dir='ltr'><strong>contra</strong></span> <span class='ocrx_word' id='word_1_189' title='bbox 1458 2756 1547 2836; x_wconf 88' lang='lat' dir='ltr'><strong>capti</strong></span> <span class='ocrx_word' id='word_1_190' title='bbox 1563 2761 1653 2835; x_wconf 89' lang='lat' dir='ltr'><strong>sunt,</strong></span> <span class='ocrx_word' id='word_1_191' title='bbox 1669 2761 1703 2818; x_wconf 87' lang='lat' dir='ltr'><strong>et</strong></span> 
     </span>
     <span class='ocr_line' id='line_1_19' title="bbox 162 2851 1703 2941; baseline 0.001 -21"><span class='ocrx_word' id='word_1_192' title='bbox 162 2854 291 2939; x_wconf 82' lang='grc' dir='ltr'><strong>θανάτῳ</strong></span> <span class='ocrx_word' id='word_1_193' title='bbox 313 2854 545 2940; x_wconf 81' lang='grc' dir='ltr'><strong>παραδίδονται.</strong></span> <span class='ocrx_word' id='word_1_194' title='bbox 568 2851 606 2922; x_wconf 81' lang='lat'><strong>‘0</strong></span> <span class='ocrx_word' id='word_1_195' title='bbox 621 2854 752 2940; x_wconf 82' lang='grc' dir='ltr'><strong>τίφοςό</strong></span> <span class='ocrx_word' id='word_1_196' title='bbox 772 2854 912 2919; x_wconf 87' lang='grc' dir='ltr'><strong>δεσποτι-</strong></span> <span class='ocrx_word' id='word_1_197' title='bbox 956 2860 1057 2925; x_wconf 88' lang='lat' dir='ltr'><strong>morti</strong></span> <span class='ocrx_word' id='word_1_198' title='bbox 1074 2859 1200 2924; x_wconf 80' lang='lat' dir='ltr'><strong>traditi.</strong></span> <span class='ocrx_word' id='word_1_199' title='bbox 1222 2859 1421 2941; x_wconf 81' lang='lat' dir='ltr'><strong>Sepulcrum</strong></span> <span class='ocrx_word' id='word_1_200' title='bbox 1437 2859 1572 2923; x_wconf 90' lang='lat' dir='ltr'><strong>Domini</strong></span> <span class='ocrx_word' id='word_1_201' title='bbox 1588 2864 1649 2939; x_wconf 87' lang='lat' dir='ltr'><strong>est,</strong></span> <span class='ocrx_word' id='word_1_202' title='bbox 1666 2860 1703 2922; x_wconf 90' lang='lat' dir='ltr'><strong>in</strong></span> 
     </span>
     <span class='ocr_line' id='line_1_20' title="bbox 161 2947 1804 3046; baseline 0.003 -24"><span class='ocrx_word' id='word_1_203' title='bbox 161 2959 231 3041; x_wconf 74' lang='grc' dir='ltr'><strong>κὸς,</strong></span> <span class='ocrx_word' id='word_1_204' title='bbox 255 2956 289 3022; x_wconf 81' lang='grc' dir='ltr'><strong>ἐν</strong></span> <span class='ocrx_word' id='word_1_205' title='bbox 311 2959 337 3044; x_wconf 76' lang='grc' dir='ltr'>ᾧ</span> <span class='ocrx_word' id='word_1_206' title='bbox 357 2958 499 3045; x_wconf 76' lang='grc' dir='ltr'><strong>ἐνόμιζον</strong></span> <span class='ocrx_word' id='word_1_207' title='bbox 510 2959 656 3044; x_wconf 79' lang='grc' dir='ltr'><strong>κρύπτειν</strong></span> <span class='ocrx_word' id='word_1_208' title='bbox 671 2957 713 3036; x_wconf 85' lang='grc' dir='ltr'><strong>ὡς</strong></span> <span class='ocrx_word' id='word_1_209' title='bbox 728 2960 838 3042; x_wconf 81' lang='grc' dir='ltr'><strong>νεκρὸν</strong></span> <span class='ocrx_word' id='word_1_210' title='bbox 859 2960 913 3023; x_wconf 84' lang='grc' dir='ltr'><strong>τὸν</strong></span> <span class='ocrx_word' id='word_1_211' title='bbox 946 2947 1024 3046; x_wconf 62' lang='lat' dir='ltr'><strong>&#39;quo</strong></span> <span class='ocrx_word' id='word_1_212' title='bbox 1036 2963 1233 3043; x_wconf 78' lang='lat' dir='ltr'><strong>cogitabant</strong></span> <span class='ocrx_word' id='word_1_213' title='bbox 1255 2967 1294 3027; x_wconf 89' lang='lat' dir='ltr'><strong>nt</strong></span> <span class='ocrx_word' id='word_1_214' title='bbox 1312 2967 1484 3026; x_wconf 90' lang='lat' dir='ltr'><strong>mortuum</strong></span> <span class='ocrx_word' id='word_1_215' title='bbox 1501 2963 1703 3027; x_wconf 82' lang='lat' dir='ltr'>abscondere</span> <span class='ocrx_word' id='word_1_216' title='bbox 1801 2969 1804 2985; x_wconf 90' lang='lat'>&#39;</span> 
     </span>
     <span class='ocr_line' id='line_1_21' title="bbox 99 3059 1703 3152; baseline 0 -22"><span class='ocrx_word' id='word_1_217' title='bbox 99 3059 103 3066; x_wconf 81' lang='grc'><strong>’</strong></span> <span class='ocrx_word' id='word_1_218' title='bbox 161 3063 312 3148; x_wconf 73' lang='grc' dir='ltr'><strong>Σωτῆρα,</strong></span> <span class='ocrx_word' id='word_1_219' title='bbox 334 3065 389 3130; x_wconf 83' lang='grc' dir='ltr'><strong>καί</strong></span> <span class='ocrx_word' id='word_1_220' title='bbox 411 3064 445 3130; x_wconf 86' lang='grc' dir='ltr'><strong>ἐν</strong></span> <span class='ocrx_word' id='word_1_221' title='bbox 467 3066 552 3152; x_wconf 79' lang='grc' dir='ltr'><strong>αὐτῷ</strong></span> <span class='ocrx_word' id='word_1_222' title='bbox 574 3065 636 3151; x_wconf 86' lang='grc' dir='ltr'><strong>γὰρ</strong></span> <span class='ocrx_word' id='word_1_223' title='bbox 659 3062 912 3150; x_wconf 78' lang='grc' dir='ltr'><strong>συνελήφθησαν,</strong></span> <span class='ocrx_word' id='word_1_224' title='bbox 956 3071 1179 3148; x_wconf 67' lang='lat' dir='ltr'><strong>salvatorem</strong></span> <span class='ocrx_word' id='word_1_225' title='bbox 1203 3069 1328 3132; x_wconf 87' lang='lat' dir='ltr'><strong>etenim</strong></span> <span class='ocrx_word' id='word_1_226' title='bbox 1344 3067 1454 3131; x_wconf 86' lang='lat' dir='ltr'><strong>inillo</strong></span> <span class='ocrx_word' id='word_1_227' title='bbox 1471 3068 1703 3150; x_wconf 81' lang='lat' dir='ltr'><strong>comprehensi</strong></span> 
     </span>
     <span class='ocr_line' id='line_1_22' title="bbox 162 3165 1351 3254; baseline 0.002 -22"><span class='ocrx_word' id='word_1_228' title='bbox 162 3167 207 3246; x_wconf 81' lang='grc' dir='ltr'><strong>ὡς</strong></span> <span class='ocrx_word' id='word_1_229' title='bbox 222 3167 257 3232; x_wconf 86' lang='grc' dir='ltr'><strong>ἐν</strong></span> <span class='ocrx_word' id='word_1_230' title='bbox 271 3165 388 3254; x_wconf 85' lang='grc' dir='ltr'><strong>παγίδι.</strong></span> <span class='ocrx_word' id='word_1_231' title='bbox 954 3178 1045 3254; x_wconf 88' lang='lat' dir='ltr'><strong>sunt,</strong></span> <span class='ocrx_word' id='word_1_232' title='bbox 1059 3172 1205 3237; x_wconf 87' lang='lat' dir='ltr'><strong>velutin</strong></span> <span class='ocrx_word' id='word_1_233' title='bbox 1220 3174 1351 3253; x_wconf 88' lang='lat' dir='ltr'><strong>laqueo.</strong></span> 
     </span>
    </p>

    <p class='ocr_par' dir='ltr' id='par_1_9' title="bbox 160 3268 1705 3465">
     <span class='ocr_line' id='line_1_23' title="bbox 210 3268 1705 3358; baseline 0.002 -20"><span class='ocrx_word' id='word_1_234' title='bbox 210 3292 242 3338; x_wconf 85' lang='grc' dir='ltr'><strong>ν.</strong></span> <span class='ocrx_word' id='word_1_235' title='bbox 273 3275 324 3337; x_wconf 90' lang='grc'><strong>11.</strong></span> <span class='ocrx_word' id='word_1_236' title='bbox 347 3271 556 3350; x_wconf 81' lang='grc' dir='ltr'><strong>Ἀνασεάντες</strong></span> <span class='ocrx_word' id='word_1_237' title='bbox 580 3271 732 3358; x_wconf 79' lang='grc' dir='ltr'><strong>μαρτυρες</strong></span> <span class='ocrx_word' id='word_1_238' title='bbox 755 3268 912 3355; x_wconf 61' lang='lat' dir='ltr'><strong>cactos&amp;</strong></span> <span class='ocrx_word' id='word_1_239' title='bbox 998 3295 1030 3340; x_wconf 88' lang='grc' dir='ltr'><strong>ν.</strong></span> <span class='ocrx_word' id='word_1_240' title='bbox 1044 3278 1095 3340; x_wconf 87' lang='grc'><strong>11.</strong></span> <span class='ocrx_word' id='word_1_241' title='bbox 1107 3273 1372 3358; x_wconf 62' lang='lat' dir='ltr'><strong>caracteratis·</strong></span> <span class='ocrx_word' id='word_1_242' title='bbox 1387 3278 1482 3340; x_wconf 81' lang='lat' dir='ltr'><strong>testes</strong></span> <span class='ocrx_word' id='word_1_243' title='bbox 1496 3274 1616 3358; x_wconf 81' lang='grc' dir='ltr'><strong>ίαίριιί,</strong></span> <span class='ocrx_word' id='word_1_244' title='bbox 1635 3290 1705 3358; x_wconf 74' lang='lat' dir='ltr'><strong>qao</strong></span> 
     </span>
     <span class='ocr_line' id='line_1_24' title="bbox 160 3375 1495 3465; baseline 0 -23"><span class='ocrx_word' id='word_1_245' title='bbox 160 3377 224 3442; x_wconf 73' lang='grc' dir='ltr'><strong>οὐκ</strong></span> <span class='ocrx_word' id='word_1_246' title='bbox 238 3375 417 3462; x_wconf 81' lang='grc' dir='ltr'><strong>ἐγίνωσκον,</strong></span> <span class='ocrx_word' id='word_1_247' title='bbox 433 3375 602 3461; x_wconf 71' lang='grc' dir='ltr'><strong>ἐπηρώτων</strong></span> <span class='ocrx_word' id='word_1_248' title='bbox 618 3398 666 3463; x_wconf 90' lang='grc' dir='ltr'><strong>με.</strong></span> <span class='ocrx_word' id='word_1_249' title='bbox 955 3379 1150 3465; x_wconf 70' lang='lat' dir='ltr'><strong>ignorabam,</strong></span> <span class='ocrx_word' id='word_1_250' title='bbox 1175 3377 1417 3461; x_wconf 71' lang='lat' dir='ltr'><strong>interrogabam</strong></span> <span class='ocrx_word' id='word_1_251' title='bbox 1437 3395 1495 3443; x_wconf 82' lang='lat' dir='ltr'><strong>me.</strong></span> 
     </span>
    </p>

    <p class='ocr_par' dir='ltr' id='par_1_10' title="bbox 160 3477 1706 5124">
     <span class='ocr_line' id='line_1_25' title="bbox 209 3477 1706 3565; baseline 0.001 -20"><span class='ocrx_word' id='word_1_252' title='bbox 209 3477 249 3545; x_wconf 86' lang='grc' dir='ltr'><strong>Οἱ</strong></span> <span class='ocrx_word' id='word_1_253' title='bbox 264 3478 455 3556; x_wconf 63' lang='grc' dir='ltr'><strong>ἀναστάντες</strong></span> <span class='ocrx_word' id='word_1_254' title='bbox 470 3477 624 3565; x_wconf 85' lang='grc' dir='ltr'><strong>μάρτυρες</strong></span> <span class='ocrx_word' id='word_1_255' title='bbox 639 3480 741 3546; x_wconf 78' lang='grc' dir='ltr'><strong>ἄδικοι</strong></span> <span class='ocrx_word' id='word_1_256' title='bbox 756 3479 840 3545; x_wconf 76' lang='grc' dir='ltr'><strong>κατὰ</strong></span> <span class='ocrx_word' id='word_1_257' title='bbox 856 3485 912 3544; x_wconf 81' lang='grc' dir='ltr'><strong>τοῦ</strong></span> <span class='ocrx_word' id='word_1_258' title='bbox 1000 3486 1115 3548; x_wconf 83' lang='lat' dir='ltr'><strong>&#39;lestes</strong></span> <span class='ocrx_word' id='word_1_259' title='bbox 1129 3483 1240 3564; x_wconf 92' lang='lat' dir='ltr'><strong>iniqui</strong></span> <span class='ocrx_word' id='word_1_260' title='bbox 1254 3481 1415 3546; x_wconf 87' lang='lat' dir='ltr'><strong>adversas</strong></span> <span class='ocrx_word' id='word_1_261' title='bbox 1430 3485 1638 3546; x_wconf 84' lang='lat' dir='ltr'><strong>Salvatorem</strong></span> <span class='ocrx_word' id='word_1_262' title='bbox 1655 3483 1706 3546; x_wconf 50' lang='lat' dir='ltr'><strong>in-¹</strong></span> 
     </span>
     <span class='ocr_line' id='line_1_26' title="bbox 164 3580 1703 3668; baseline 0.001 -20"><span class='ocrx_word' id='word_1_263' title='bbox 164 3581 315 3668; x_wconf 71' lang='grc' dir='ltr'><strong>Σωτῆρος</strong></span> <span class='ocrx_word' id='word_1_264' title='bbox 330 3580 458 3668; x_wconf 84' lang='grc' dir='ltr'><strong>ἔλεγον·</strong></span> <span class='ocrx_word' id='word_1_265' title='bbox 473 3581 573 3661; x_wconf 84' lang='grc' dir='ltr'><strong>Οθτος</strong></span> <span class='ocrx_word' id='word_1_266' title='bbox 595 3585 699 3650; x_wconf 89' lang='grc' dir='ltr'><strong>είπεν·</strong></span> <span class='ocrx_word' id='word_1_267' title='bbox 713 3581 838 3650; x_wconf 80' lang='grc' dir='ltr'><strong>Λύσατε</strong></span> <span class='ocrx_word' id='word_1_268' title='bbox 860 3584 913 3647; x_wconf 85' lang='grc' dir='ltr'><strong>τὸν</strong></span> <span class='ocrx_word' id='word_1_269' title='bbox 957 3592 1137 3665; x_wconf 79' lang='lat' dir='ltr'><strong>surgentes</strong></span> <span class='ocrx_word' id='word_1_270' title='bbox 1152 3586 1322 3650; x_wconf 86' lang='lat' dir='ltr'><strong>dicebant:</strong></span> <span class='ocrx_word' id='word_1_271' title='bbox 1341 3587 1446 3666; x_wconf 83' lang='lat' dir='ltr'><strong>«Ipse</strong></span> <span class='ocrx_word' id='word_1_272' title='bbox 1461 3585 1560 3649; x_wconf 85' lang='lat' dir='ltr'><strong>dixit:</strong></span> <span class='ocrx_word' id='word_1_273' title='bbox 1576 3588 1703 3650; x_wconf 84' lang='lat' dir='ltr'><strong>Solvite</strong></span> 
     </span>
     <span class='ocr_line' id='line_1_27' title="bbox 163 3685 1703 3775; baseline -0.001 -23"><span class='ocrx_word' id='word_1_274' title='bbox 163 3687 241 3752; x_wconf 83' lang='grc' dir='ltr'><strong>ναὸν</strong></span> <span class='ocrx_word' id='word_1_275' title='bbox 265 3695 386 3770; x_wconf 87' lang='grc' dir='ltr'><strong>τοῦτον,</strong></span> <span class='ocrx_word' id='word_1_276' title='bbox 413 3688 468 3751; x_wconf 82' lang='grc' dir='ltr'><strong>καί</strong></span> <span class='ocrx_word' id='word_1_277' title='bbox 483 3685 516 3751; x_wconf 90' lang='grc' dir='ltr'><strong>ἐν</strong></span> <span class='ocrx_word' id='word_1_278' title='bbox 538 3690 636 3773; x_wconf 86' lang='grc' dir='ltr'><strong>τρισίν</strong></span> <span class='ocrx_word' id='word_1_279' title='bbox 657 3687 789 3775; x_wconf 76' lang='grc' dir='ltr'><strong>ἡμέραις</strong></span> <span class='ocrx_word' id='word_1_280' title='bbox 814 3687 913 3774; x_wconf 83' lang='grc' dir='ltr'><strong>ἐγερῶ</strong></span> <span class='ocrx_word' id='word_1_281' title='bbox 957 3692 1121 3772; x_wconf 87' lang='lat' dir='ltr'><strong>templum</strong></span> <span class='ocrx_word' id='word_1_282' title='bbox 1145 3691 1217 3769; x_wconf 80' lang='lat' dir='ltr'><strong>hoc,</strong></span> <span class='ocrx_word' id='word_1_283' title='bbox 1234 3693 1357 3770; x_wconf 86' lang='lat' dir='ltr'><strong>etpost</strong></span> <span class='ocrx_word' id='word_1_284' title='bbox 1371 3693 1439 3752; x_wconf 86' lang='lat' dir='ltr'><strong>tres</strong></span> <span class='ocrx_word' id='word_1_285' title='bbox 1454 3688 1526 3753; x_wconf 90' lang='lat' dir='ltr'><strong>dias</strong></span> <span class='ocrx_word' id='word_1_286' title='bbox 1550 3690 1703 3752; x_wconf 83' lang='lat' dir='ltr'><strong>excitabo</strong></span> 
     </span>
     <span class='ocr_line' id='line_1_28' title="bbox 163 3789 1704 3878; baseline -0.001 -22"><span class='ocrx_word' id='word_1_287' title='bbox 163 3789 269 3856; x_wconf 71' lang='grc' dir='ltr'><strong>αὐτόν.</strong></span> <span class='ocrx_word' id='word_1_288' title='bbox 287 3789 388 3856; x_wconf 79' lang='grc' dir='ltr'><strong>Τοῦτο</strong></span> <span class='ocrx_word' id='word_1_289' title='bbox 403 3790 438 3856; x_wconf 87' lang='grc' dir='ltr'><strong>δὲ</strong></span> <span class='ocrx_word' id='word_1_290' title='bbox 454 3793 549 3857; x_wconf 80' lang='grc' dir='ltr'><strong>αὐτὸ·</strong></span> <span class='ocrx_word' id='word_1_291' title='bbox 573 3794 631 3857; x_wconf 79' lang='grc' dir='ltr'><strong>οὐκ</strong></span> <span class='ocrx_word' id='word_1_292' title='bbox 645 3791 824 3878; x_wconf 74' lang='grc' dir='ltr'><strong>ἐγίνωσκον,</strong></span> <span class='ocrx_word' id='word_1_293' title='bbox 846 3799 912 3868; x_wconf 87' lang='grc' dir='ltr'><strong>πῶς</strong></span> <span class='ocrx_word' id='word_1_294' title='bbox 957 3794 1083 3858; x_wconf 75' lang='lat' dir='ltr'><strong>illud.»</strong></span> <span class='ocrx_word' id='word_1_295' title='bbox 1108 3795 1178 3856; x_wconf 89' lang='lat' dir='ltr'><strong>Hoc</strong></span> <span class='ocrx_word' id='word_1_296' title='bbox 1204 3809 1283 3855; x_wconf 88' lang='lat' dir='ltr'><strong>vero</strong></span> <span class='ocrx_word' id='word_1_297' title='bbox 1308 3789 1506 3874; x_wconf 74' lang='lat' dir='ltr'><strong>ignorabam,</strong></span> <span class='ocrx_word' id='word_1_298' title='bbox 1537 3792 1704 3873; x_wconf 89' lang='lat' dir='ltr'><strong>quomodo</strong></span> 
     </span>
     <span class='ocr_line' id='line_1_29' title="bbox 160 3894 1703 3982; baseline -0.002 -21"><span class='ocrx_word' id='word_1_299' title='bbox 160 3895 287 3980; x_wconf 79' lang='grc' dir='ltr'><strong>ἐλεγεν;</strong></span> <span class='ocrx_word' id='word_1_300' title='bbox 303 3894 432 3960; x_wconf 79' lang='grc' dir='ltr'><strong>δύναται</strong></span> <span class='ocrx_word' id='word_1_301' title='bbox 446 3899 507 3982; x_wconf 87' lang='grc' dir='ltr'><strong>γὰρ</strong></span> <span class='ocrx_word' id='word_1_302' title='bbox 522 3897 558 3960; x_wconf 84' lang='grc' dir='ltr'><strong>τὸ</strong></span> <span class='ocrx_word' id='word_1_303' title='bbox 575 3895 669 3981; x_wconf 80' lang='grc' dir='ltr'><strong>ρητθν</strong></span> <span class='ocrx_word' id='word_1_304' title='bbox 686 3905 777 3962; x_wconf 78' lang='grc' dir='ltr'><strong>τοῦτο</strong></span> <span class='ocrx_word' id='word_1_305' title='bbox 792 3897 848 3960; x_wconf 80' lang='grc' dir='ltr'><strong>ναί</strong></span> <span class='ocrx_word' id='word_1_306' title='bbox 862 3895 913 3960; x_wconf 74' lang='grc' dir='ltr'><strong>ἐπὶ</strong></span> <span class='ocrx_word' id='word_1_307' title='bbox 957 3899 1064 3963; x_wconf 76' lang='lat' dir='ltr'><strong>dixit?</strong></span> <span class='ocrx_word' id='word_1_308' title='bbox 1086 3899 1201 3960; x_wconf 85' lang='lat' dir='ltr'><strong>Potest</strong></span> <span class='ocrx_word' id='word_1_309' title='bbox 1227 3895 1317 3959; x_wconf 88' lang='lat' dir='ltr'><strong>enirn</strong></span> <span class='ocrx_word' id='word_1_310' title='bbox 1345 3899 1379 3959; x_wconf 89' lang='lat' dir='ltr'><strong>et</strong></span> <span class='ocrx_word' id='word_1_311' title='bbox 1399 3895 1463 3958; x_wconf 88' lang='lat' dir='ltr'><strong>hoc</strong></span> <span class='ocrx_word' id='word_1_312' title='bbox 1491 3896 1632 3959; x_wconf 89' lang='lat' dir='ltr'><strong>verbum</strong></span> <span class='ocrx_word' id='word_1_313' title='bbox 1663 3895 1703 3958; x_wconf 90' lang='lat' dir='ltr'><strong>de</strong></span> 
     </span>
     <span class='ocr_line' id='line_1_30' title="bbox 163 3996 1702 4086; baseline 0.001 -24"><span class='ocrx_word' id='word_1_314' title='bbox 163 4007 220 4062; x_wconf 85' lang='grc' dir='ltr'><strong>τοῦ</strong></span> <span class='ocrx_word' id='word_1_315' title='bbox 236 3997 384 4083; x_wconf 77' lang='grc' dir='ltr'><strong>Σωτῆρος</strong></span> <span class='ocrx_word' id='word_1_316' title='bbox 398 3996 621 4086; x_wconf 85' lang='grc' dir='ltr'><strong>λαμβάνεσθαι,</strong></span> <span class='ocrx_word' id='word_1_317' title='bbox 637 4000 758 4086; x_wconf 78' lang='grc' dir='ltr'><strong>ῆτίιχα</strong></span> <span class='ocrx_word' id='word_1_318' title='bbox 771 4001 825 4065; x_wconf 82' lang='grc' dir='ltr'><strong>καί</strong></span> <span class='ocrx_word' id='word_1_319' title='bbox 840 3999 912 4076; x_wconf 81' lang='grc' dir='ltr'><strong>ὅλος</strong></span> <span class='ocrx_word' id='word_1_320' title='bbox 956 4004 1127 4068; x_wconf 74' lang='lat' dir='ltr'><strong>salvatore</strong></span> <span class='ocrx_word' id='word_1_321' title='bbox 1150 3999 1309 4079; x_wconf 83' lang='lat' dir='ltr'><strong>intelligi,</strong></span> <span class='ocrx_word' id='word_1_322' title='bbox 1331 3999 1421 4078; x_wconf 80' lang='lat' dir='ltr'><strong>sicut</strong></span> <span class='ocrx_word' id='word_1_323' title='bbox 1442 3998 1527 4063; x_wconf 82' lang='lat' dir='ltr'><strong>forte</strong></span> <span class='ocrx_word' id='word_1_324' title='bbox 1550 4003 1585 4063; x_wconf 89' lang='lat' dir='ltr'><strong>ct</strong></span> <span class='ocrx_word' id='word_1_325' title='bbox 1609 4004 1702 4063; x_wconf 85' lang='lat' dir='ltr'><strong>totus</strong></span> 
     </span>
     <span class='ocr_line' id='line_1_31' title="bbox 162 4101 1702 4190; baseline -0.001 -23"><span class='ocrx_word' id='word_1_326' title='bbox 162 4101 335 4187; x_wconf 73' lang='grc' dir='ltr'><strong>δψαλμίς</strong></span> <span class='ocrx_word' id='word_1_327' title='bbox 351 4101 425 4187; x_wconf 84' lang='grc' dir='ltr'><strong>Ἀφ’</strong></span> <span class='ocrx_word' id='word_1_328' title='bbox 440 4103 560 4168; x_wconf 83' lang='grc' dir='ltr'><strong>ἑαυτῶν</strong></span> <span class='ocrx_word' id='word_1_329' title='bbox 576 4105 632 4190; x_wconf 75' lang='grc' dir='ltr'><strong>μὲν</strong></span> <span class='ocrx_word' id='word_1_330' title='bbox 655 4105 684 4170; x_wconf 84' lang='grc' dir='ltr'><strong>οἱ</strong></span> <span class='ocrx_word' id='word_1_331' title='bbox 699 4104 855 4189; x_wconf 78' lang='grc' dir='ltr'><strong>ἄνθρωποι</strong></span> <span class='ocrx_word' id='word_1_332' title='bbox 876 4105 913 4169; x_wconf 81' lang='grc' dir='ltr'><strong>οὐ</strong></span> <span class='ocrx_word' id='word_1_333' title='bbox 956 4107 1116 4190; x_wconf 86' lang='lat' dir='ltr'><strong>psalmus.</strong></span> <span class='ocrx_word' id='word_1_334' title='bbox 1139 4105 1203 4168; x_wconf 91' lang='lat' dir='ltr'><strong>Per</strong></span> <span class='ocrx_word' id='word_1_335' title='bbox 1224 4121 1260 4168; x_wconf 84' lang='lat' dir='ltr'><strong>sc</strong></span> <span class='ocrx_word' id='word_1_336' title='bbox 1287 4103 1423 4184; x_wconf 88' lang='lat' dir='ltr'><strong>quidem</strong></span> <span class='ocrx_word' id='word_1_337' title='bbox 1451 4103 1605 4166; x_wconf 86' lang='lat' dir='ltr'><strong>homines</strong></span> <span class='ocrx_word' id='word_1_338' title='bbox 1632 4120 1702 4167; x_wconf 91' lang='lat' dir='ltr'><strong>non</strong></span> 
     </span>
     <span class='ocr_line' id='line_1_32' title="bbox 161 4205 1706 4294; baseline 0 -24"><span class='ocrx_word' id='word_1_339' title='bbox 161 4205 350 4290; x_wconf 80' lang='grc' dir='ltr'><strong>γινώσκουσι</strong></span> <span class='ocrx_word' id='word_1_340' title='bbox 364 4207 422 4290; x_wconf 74' lang='grc' dir='ltr'><strong>τὴν</strong></span> <span class='ocrx_word' id='word_1_341' title='bbox 437 4205 562 4289; x_wconf 75' lang='grc' dir='ltr'><strong>πανίαν,</strong></span> <span class='ocrx_word' id='word_1_342' title='bbox 586 4207 779 4294; x_wconf 83' lang='grc' dir='ltr'><strong>ἐρωτώμενοι</strong></span> <span class='ocrx_word' id='word_1_343' title='bbox 796 4209 831 4273; x_wconf 87' lang='grc' dir='ltr'><strong>δέ</strong></span> <span class='ocrx_word' id='word_1_344' title='bbox 853 4207 913 4272; x_wconf 74' lang='grc' dir='ltr'><strong>ὑπὸ</strong></span> <span class='ocrx_word' id='word_1_345' title='bbox 957 4212 1167 4289; x_wconf 90' lang='lat' dir='ltr'><strong>cognoscunt</strong></span> <span class='ocrx_word' id='word_1_346' title='bbox 1177 4207 1358 4286; x_wconf 69' lang='lat' dir='ltr'><strong>malitiam</strong></span> <span class='ocrx_word' id='word_1_347' title='bbox 1370 4205 1428 4270; x_wconf 89' lang='lat' dir='ltr'><strong>scd</strong></span> <span class='ocrx_word' id='word_1_348' title='bbox 1444 4207 1645 4283; x_wconf 85' lang='lat' dir='ltr'><strong>interrogati</strong></span> <span class='ocrx_word' id='word_1_349' title='bbox 1660 4207 1706 4270; x_wconf 82' lang='lat' dir='ltr'><strong>ab·</strong></span> 
     </span>
     <span class='ocr_line' id='line_1_33' title="bbox 163 4307 1701 4398; baseline -0.001 -24"><span class='ocrx_word' id='word_1_350' title='bbox 163 4318 226 4374; x_wconf 85' lang='grc' dir='ltr'><strong>τῶν</strong></span> <span class='ocrx_word' id='word_1_351' title='bbox 248 4307 369 4395; x_wconf 79' lang='grc' dir='ltr'><strong>ἐχθρῶν</strong></span> <span class='ocrx_word' id='word_1_352' title='bbox 392 4310 526 4377; x_wconf 72' lang='grc' dir='ltr'><strong>διαιτῶν</strong></span> <span class='ocrx_word' id='word_1_353' title='bbox 549 4310 715 4398; x_wconf 90' lang='grc' dir='ltr'><strong>λογισμῶν,</strong></span> <span class='ocrx_word' id='word_1_354' title='bbox 738 4313 782 4390; x_wconf 88' lang='grc' dir='ltr'><strong>είς</strong></span> <span class='ocrx_word' id='word_1_355' title='bbox 799 4319 913 4398; x_wconf 88' lang='grc' dir='ltr'><strong>γνῶσιν</strong></span> <span class='ocrx_word' id='word_1_356' title='bbox 957 4314 1105 4378; x_wconf 88' lang='lat' dir='ltr'><strong>inimicis</strong></span> <span class='ocrx_word' id='word_1_357' title='bbox 1131 4327 1191 4393; x_wconf 86' lang='lat' dir='ltr'><strong>par</strong></span> <span class='ocrx_word' id='word_1_358' title='bbox 1217 4311 1430 4390; x_wconf 83' lang='lat' dir='ltr'><strong>tentationes,</strong></span> <span class='ocrx_word' id='word_1_359' title='bbox 1460 4311 1639 4372; x_wconf 90' lang='lat' dir='ltr'><strong>transcunt</strong></span> <span class='ocrx_word' id='word_1_360' title='bbox 1666 4310 1701 4372; x_wconf 92' lang='lat' dir='ltr'><strong>in</strong></span> 
     </span>
     <span class='ocr_line' id='line_1_34' title="bbox 163 4413 1700 4501; baseline -0.001 -23"><span class='ocrx_word' id='word_1_361' title='bbox 163 4415 312 4498; x_wconf 83' lang='grc' dir='ltr'><strong>ἔρχονται</strong></span> <span class='ocrx_word' id='word_1_362' title='bbox 333 4421 390 4498; x_wconf 76' lang='grc' dir='ltr'><strong>τῆς</strong></span> <span class='ocrx_word' id='word_1_363' title='bbox 415 4413 540 4492; x_wconf 78' lang='grc' dir='ltr'><strong>κακίας.</strong></span> <span class='ocrx_word' id='word_1_364' title='bbox 566 4413 632 4480; x_wconf 83' lang='grc' dir='ltr'><strong>Νῦν</strong></span> <span class='ocrx_word' id='word_1_365' title='bbox 659 4415 694 4480; x_wconf 86' lang='grc' dir='ltr'><strong>δὲ</strong></span> <span class='ocrx_word' id='word_1_366' title='bbox 719 4418 778 4501; x_wconf 77' lang='grc' dir='ltr'><strong>τὴν</strong></span> <span class='ocrx_word' id='word_1_367' title='bbox 803 4423 914 4500; x_wconf 77' lang='grc' dir='ltr'><strong>πεῖραν</strong></span> <span class='ocrx_word' id='word_1_368' title='bbox 957 4419 1039 4483; x_wconf 91' lang='lat' dir='ltr'><strong>mali</strong></span> <span class='ocrx_word' id='word_1_369' title='bbox 1061 4417 1300 4496; x_wconf 89' lang='lat' dir='ltr'><strong>cognitionem.</strong></span> <span class='ocrx_word' id='word_1_370' title='bbox 1316 4417 1413 4478; x_wconf 89' lang='lat' dir='ltr'><strong>Nnnc</strong></span> <span class='ocrx_word' id='word_1_371' title='bbox 1428 4429 1507 4477; x_wconf 89' lang='lat' dir='ltr'><strong>vero</strong></span> <span class='ocrx_word' id='word_1_372' title='bbox 1523 4414 1642 4493; x_wconf 89' lang='lat' dir='ltr'><strong>loquor</strong></span> <span class='ocrx_word' id='word_1_373' title='bbox 1659 4413 1700 4477; x_wconf 89' lang='lat' dir='ltr'><strong>de</strong></span> 
     </span>
     <span class='ocr_line' id='line_1_35' title="bbox 162 4515 1702 4605; baseline -0.001 -24"><span class='ocrx_word' id='word_1_374' title='bbox 162 4515 267 4602; x_wconf 85' lang='grc' dir='ltr'><strong>λέγω·</strong></span> <span class='ocrx_word' id='word_1_375' title='bbox 296 4515 423 4603; x_wconf 80' lang='grc' dir='ltr'><strong>λέγεται</strong></span> <span class='ocrx_word' id='word_1_376' title='bbox 448 4519 509 4602; x_wconf 82' lang='grc' dir='ltr'><strong>γὰρ</strong></span> <span class='ocrx_word' id='word_1_377' title='bbox 535 4520 589 4583; x_wconf 85' lang='grc' dir='ltr'><strong>καί</strong></span> <span class='ocrx_word' id='word_1_378' title='bbox 615 4518 638 4604; x_wconf 73' lang='grc' dir='ltr'><em>ἡ</em></span> <span class='ocrx_word' id='word_1_379' title='bbox 665 4529 760 4604; x_wconf 85' lang='grc' dir='ltr'><strong>πεῖρα</strong></span> <span class='ocrx_word' id='word_1_380' title='bbox 784 4528 913 4605; x_wconf 83' lang='grc' dir='ltr'><strong>γνῶσις·</strong></span> <span class='ocrx_word' id='word_1_381' title='bbox 957 4521 1150 4600; x_wconf 87' lang='lat' dir='ltr'><strong>cognitione</strong></span> <span class='ocrx_word' id='word_1_382' title='bbox 1161 4537 1221 4601; x_wconf 89' lang='lat' dir='ltr'><strong>per</strong></span> <span class='ocrx_word' id='word_1_383' title='bbox 1233 4518 1510 4600; x_wconf 83' lang='lat' dir='ltr'><strong>experimentum.</strong></span> <span class='ocrx_word' id='word_1_384' title='bbox 1518 4517 1702 4598; x_wconf 80' lang='lat' dir='ltr'><strong>Experiam-</strong></span> 
     </span>
     <span class='ocr_line' id='line_1_36' title="bbox 162 4620 1705 4708; baseline -0.001 -22"><span class='ocrx_word' id='word_1_385' title='bbox 162 4621 282 4707; x_wconf 85' lang='grc' dir='ltr'><strong>Ἔγνω,</strong></span> <span class='ocrx_word' id='word_1_386' title='bbox 298 4623 404 4706; x_wconf 82' lang='grc' dir='ltr'><strong>φησίν,</strong></span> <span class='ocrx_word' id='word_1_387' title='bbox 419 4621 525 4708; x_wconf 79' lang='grc' dir='ltr'><strong>Ἀδὰμ</strong></span> <span class='ocrx_word' id='word_1_388' title='bbox 535 4621 594 4707; x_wconf 77' lang='grc' dir='ltr'><strong>τὴν</strong></span> <span class='ocrx_word' id='word_1_389' title='bbox 605 4631 741 4707; x_wconf 70' lang='grc' dir='ltr'><strong>γυναῖκα</strong></span> <span class='ocrx_word' id='word_1_390' title='bbox 752 4622 857 4689; x_wconf 84' lang='grc' dir='ltr'><strong>αθτοῶ.</strong></span> <span class='ocrx_word' id='word_1_391' title='bbox 871 4661 911 4671; x_wconf 94' lang='grc'>-</span> <span class='ocrx_word' id='word_1_392' title='bbox 956 4627 1005 4690; x_wconf 89' lang='lat' dir='ltr'><strong>tia</strong></span> <span class='ocrx_word' id='word_1_393' title='bbox 1017 4625 1107 4688; x_wconf 87' lang='lat' dir='ltr'><strong>anim</strong></span> <span class='ocrx_word' id='word_1_394' title='bbox 1119 4622 1244 4686; x_wconf 88' lang='lat' dir='ltr'><strong>dicitur</strong></span> <span class='ocrx_word' id='word_1_395' title='bbox 1254 4621 1416 4699; x_wconf 90' lang='lat' dir='ltr'><strong>cognitio.</strong></span> <span class='ocrx_word' id='word_1_396' title='bbox 1435 4623 1643 4702; x_wconf 75' lang='lat' dir='ltr'><strong>«Cognovit,</strong></span> <span class='ocrx_word' id='word_1_397' title='bbox 1656 4620 1705 4684; x_wconf 90' lang='lat' dir='ltr'><strong>di-</strong></span> 
     </span>
     <span class='ocr_line' id='line_1_37' title="bbox 162 4723 1704 4812; baseline -0.005 -20"><span class='ocrx_word' id='word_1_398' title='bbox 162 4723 392 4812; x_wconf 79' lang='grc' dir='ltr'><strong>Συαοφαντίαν,</strong></span> <span class='ocrx_word' id='word_1_399' title='bbox 408 4727 513 4812; x_wconf 82' lang='grc' dir='ltr'><strong>φησίν,</strong></span> <span class='ocrx_word' id='word_1_400' title='bbox 529 4723 690 4811; x_wconf 80' lang='grc' dir='ltr'><strong>ὑπέμεινα,</strong></span> <span class='ocrx_word' id='word_1_401' title='bbox 707 4725 729 4790; x_wconf 88' lang='lat' dir='ltr'><strong>a</strong></span> <span class='ocrx_word' id='word_1_402' title='bbox 745 4727 825 4811; x_wconf 81' lang='grc' dir='ltr'><strong>μηδὲ</strong></span> <span class='ocrx_word' id='word_1_403' title='bbox 843 4726 912 4792; x_wconf 87' lang='grc' dir='ltr'><strong>ἐλο-</strong></span> <span class='ocrx_word' id='word_1_404' title='bbox 957 4731 1056 4808; x_wconf 85' lang='lat' dir='ltr'><strong>citur,</strong></span> <span class='ocrx_word' id='word_1_405' title='bbox 1079 4726 1186 4790; x_wconf 87' lang='lat' dir='ltr'><strong>Adam</strong></span> <span class='ocrx_word' id='word_1_406' title='bbox 1214 4725 1392 4790; x_wconf 84' lang='lat' dir='ltr'><strong>mulierem</strong></span> <span class='ocrx_word' id='word_1_407' title='bbox 1419 4740 1560 4786; x_wconf 84' lang='lat' dir='ltr'><strong>snam.»</strong></span> <span class='ocrx_word' id='word_1_408' title='bbox 1588 4757 1626 4768; x_wconf 88' lang='lat'><em>-</em></span> <span class='ocrx_word' id='word_1_409' title='bbox 1644 4725 1704 4785; x_wconf 82' lang='lat' dir='ltr'><strong>Ga-</strong></span> 
     </span>
     <span class='ocr_line' id='line_1_38' title="bbox 163 4826 1702 4916; baseline -0.004 -22"><span class='ocrx_word' id='word_1_410' title='bbox 163 4829 304 4915; x_wconf 81' lang='grc' dir='ltr'><strong>γισίιμιγν</strong></span> <span class='ocrx_word' id='word_1_411' title='bbox 325 4829 616 4915; x_wconf 81' lang='grc' dir='ltr'><strong>κατηγορούμενος·</strong></span> <span class='ocrx_word' id='word_1_412' title='bbox 638 4828 746 4915; x_wconf 76' lang='grc' dir='ltr'><strong>ἐπειδὴ</strong></span> <span class='ocrx_word' id='word_1_413' title='bbox 769 4830 831 4916; x_wconf 85' lang='grc' dir='ltr'><strong>γὰρ</strong></span> <span class='ocrx_word' id='word_1_414' title='bbox 853 4831 914 4896; x_wconf 80' lang='grc' dir='ltr'><strong>ὑπὸ</strong></span> <span class='ocrx_word' id='word_1_415' title='bbox 957 4831 1133 4910; x_wconf 86' lang='lat' dir='ltr'><strong>lumniam,</strong></span> <span class='ocrx_word' id='word_1_416' title='bbox 1157 4829 1281 4908; x_wconf 68' lang='lat' dir='ltr'><strong>inquit,</strong></span> <span class='ocrx_word' id='word_1_417' title='bbox 1304 4827 1438 4908; x_wconf 87' lang='lat' dir='ltr'><strong>pertuli,</strong></span> <span class='ocrx_word' id='word_1_418' title='bbox 1454 4826 1508 4890; x_wconf 89' lang='lat' dir='ltr'><strong>his</strong></span> <span class='ocrx_word' id='word_1_419' title='bbox 1523 4829 1702 4889; x_wconf 86' lang='lat' dir='ltr'><strong>accusatus</strong></span> 
     </span>
     <span class='ocr_line' id='line_1_39' title="bbox 163 4931 1702 5020; baseline -0.006 -20"><span class='ocrx_word' id='word_1_420' title='bbox 163 4944 219 5000; x_wconf 85' lang='grc' dir='ltr'><strong>τοῦ</strong></span> <span class='ocrx_word' id='word_1_421' title='bbox 236 4933 352 5020; x_wconf 81' lang='grc' dir='ltr'><strong>φθόνου</strong></span> <span class='ocrx_word' id='word_1_422' title='bbox 366 4931 550 5020; x_wconf 81' lang='grc' dir='ltr'><strong>ἠλεγμένος,</strong></span> <span class='ocrx_word' id='word_1_423' title='bbox 567 4935 627 4998; x_wconf 83' lang='grc' dir='ltr'><strong>ὅσα</strong></span> <span class='ocrx_word' id='word_1_424' title='bbox 642 4931 749 5000; x_wconf 85' lang='grc' dir='ltr'><strong>Σαοὺλ</strong></span> <span class='ocrx_word' id='word_1_425' title='bbox 764 4933 913 5020; x_wconf 75' lang='grc' dir='ltr'><strong>τυραννή-</strong></span> <span class='ocrx_word' id='word_1_426' title='bbox 958 4952 1034 5017; x_wconf 80' lang='lat' dir='ltr'><strong>qua</strong></span> <span class='ocrx_word' id='word_1_427' title='bbox 1046 4950 1107 4996; x_wconf 89' lang='lat' dir='ltr'><strong>nec</strong></span> <span class='ocrx_word' id='word_1_428' title='bbox 1122 4933 1368 5010; x_wconf 82' lang='lat' dir='ltr'><strong>cogitaveram:</strong></span> <span class='ocrx_word' id='word_1_429' title='bbox 1384 4935 1562 5013; x_wconf 88' lang='lat' dir='ltr'><strong>postquam</strong></span> <span class='ocrx_word' id='word_1_430' title='bbox 1577 4947 1637 5012; x_wconf 89' lang='lat' dir='ltr'><strong>par</strong></span> <span class='ocrx_word' id='word_1_431' title='bbox 1652 4931 1702 4992; x_wconf 89' lang='lat' dir='ltr'><strong>in-</strong></span> 
     </span>
     <span class='ocr_line' id='line_1_40' title="bbox 164 5035 1702 5124; baseline -0.007 -19"><span class='ocrx_word' id='word_1_432' title='bbox 164 5059 248 5106; x_wconf 88' lang='grc' dir='ltr'><strong>οειεν</strong></span> <span class='ocrx_word' id='word_1_433' title='bbox 262 5037 454 5122; x_wconf 80' lang='grc' dir='ltr'><strong>ὑπώπτευεν,</strong></span> <span class='ocrx_word' id='word_1_434' title='bbox 469 5039 524 5104; x_wconf 86' lang='grc' dir='ltr'><strong>καί</strong></span> <span class='ocrx_word' id='word_1_435' title='bbox 538 5037 648 5106; x_wconf 80' lang='grc' dir='ltr'><strong>τούτου</strong></span> <span class='ocrx_word' id='word_1_436' title='bbox 663 5037 755 5124; x_wconf 84' lang='grc' dir='ltr'><strong>χάριν</strong></span> <span class='ocrx_word' id='word_1_437' title='bbox 778 5037 915 5124; x_wconf 76' lang='grc' dir='ltr'><strong>πολεμον</strong></span> <span class='ocrx_word' id='word_1_438' title='bbox 959 5039 1085 5103; x_wconf 89' lang='lat' dir='ltr'><strong>vidiam</strong></span> <span class='ocrx_word' id='word_1_439' title='bbox 1102 5037 1319 5101; x_wconf 85' lang='lat' dir='ltr'><strong>insimulatus</strong></span> <span class='ocrx_word' id='word_1_440' title='bbox 1334 5035 1518 5115; x_wconf 79' lang='lat' dir='ltr'><strong>prasensit,</strong></span> <span class='ocrx_word' id='word_1_441' title='bbox 1535 5037 1702 5116; x_wconf 89' lang='lat' dir='ltr'><strong>quantum</strong></span> 
     </span>
    </p>
   </div>
   <div class='ocr_carea' id='block_1_7' title="bbox 197 5247 1652 5322">
    <p class='ocr_par' dir='ltr' id='par_1_11' title="bbox 197 5247 1652 5322">
     <span class='ocr_line' id='line_1_41' title="bbox 197 5247 1652 5322; baseline -0.008 -13"><span class='ocrx_word' id='word_1_442' title='bbox 197 5251 248 5310; x_wconf 76' lang='lat' dir='ltr'><strong>Pa</strong></span> <span class='ocrx_word' id='word_1_443' title='bbox 261 5266 372 5322; x_wconf 77' lang='lat' dir='ltr'><strong>xxxiv,</strong></span> <span class='ocrx_word' id='word_1_444' title='bbox 384 5269 412 5310; x_wconf 86' lang='grc' dir='ltr'><strong>ν.</strong></span> <span class='ocrx_word' id='word_1_445' title='bbox 425 5251 450 5308; x_wconf 88' lang='grc' dir='ltr'><strong>θ.</strong></span> <span class='ocrx_word' id='word_1_446' title='bbox 464 5251 523 5309; x_wconf 84' lang='lat' dir='ltr'><strong>Vct</strong></span> <span class='ocrx_word' id='word_1_447' title='bbox 536 5252 576 5308; x_wconf 80' lang='lat'><strong>14.</strong></span> <span class='ocrx_word' id='word_1_448' title='bbox 999 5268 1026 5308; x_wconf 88' lang='lat' dir='ltr'><strong>v.</strong></span> <span class='ocrx_word' id='word_1_449' title='bbox 1040 5251 1080 5305; x_wconf 89' lang='lat'><strong>11.</strong></span> <span class='ocrx_word' id='word_1_450' title='bbox 1095 5249 1161 5308; x_wconf 70' lang='lat' dir='ltr'><strong>Vat,</strong></span> <span class='ocrx_word' id='word_1_451' title='bbox 1176 5249 1199 5304; x_wconf 83' lang='grc'><strong>5.</strong></span> <span class='ocrx_word' id='word_1_452' title='bbox 1214 5249 1257 5308; x_wconf 82' lang='grc'><strong>14.</strong></span> <span class='ocrx_word' id='word_1_453' title='bbox 1269 5247 1313 5304; x_wconf 76' lang='lat' dir='ltr'><strong>Of.</strong></span> <span class='ocrx_word' id='word_1_454' title='bbox 1328 5247 1348 5306; x_wconf 91' lang='lat' dir='ltr'><strong>J</strong></span> <span class='ocrx_word' id='word_1_455' title='bbox 1349 5265 1374 5303; x_wconf 94' lang='lat' dir='ltr'><strong>o.</strong></span> <span class='ocrx_word' id='word_1_456' title='bbox 1387 5265 1420 5316; x_wconf 86' lang='lat' dir='ltr'><strong>u,</strong></span> <span class='ocrx_word' id='word_1_457' title='bbox 1434 5249 1474 5308; x_wconf 88' lang='grc'><strong>10.</strong></span> <span class='ocrx_word' id='word_1_458' title='bbox 1489 5247 1561 5304; x_wconf 81' lang='lat' dir='ltr'><strong>Gen.</strong></span> <span class='ocrx_word' id='word_1_459' title='bbox 1574 5263 1615 5314; x_wconf 85' lang='lat' dir='ltr'><strong>rr,</strong></span> <span class='ocrx_word' id='word_1_460' title='bbox 1629 5247 1652 5300; x_wconf 92' lang='lat'><strong>1.</strong></span> 
     </span>
    </p>
   </div>
   <div class='ocr_carea' id='block_1_8' title="bbox 0 0 2008 6085">
    <p class='ocr_par' dir='ltr' id='par_1_12' title="bbox 0 0 2008 6085">
     <span class='ocr_line' id='line_1_42' title="bbox 0 0 2008 6085; baseline 0 0"><span class='ocrx_word' id='word_1_461' title='bbox 0 0 2008 6085; x_wconf 95' lang='lat' dir='ltr'><strong> </strong></span> 
     </span>
    </p>
   </div>
  </div>
 </body>
</html>
