3966 6108
833 465 1040 537 ausanius
1643 473 1707 536 509

159 627 201 674 τα
216 605 434 694 ἑρμηνεύεται)
450 607 504 675 καί
527 605 621 678 πάλιν
643 605 766 678 παιδίον
781 609 908 698 γενόμε-
950 617 1181 694 terpretantur
1201 613 1366 697 ostreata),
1391 618 1425 680 et
1448 631 1565 682 rursus
1590 615 1701 680 infans

159 733 212 792 νος
227 713 279 779 διά
293 723 351 801 τῆς
372 725 587 802 πνευματικῆς
604 717 659 780 καί
681 714 860 795 ὑδατώδους
875 715 910 782 ά·
952 715 1062 781 factus
1093 735 1135 780 ex
1157 718 1329 799 spirituali
1359 735 1419 799 per
1441 719 1550 784 undas
1581 721 1705 783 nativi-

159 815 388 905 ναγεννησεως,
404 821 459 884 καί
481 821 579 897 οὕτως
595 818 637 896 ῶς
652 817 774 884 παιδίον
788 817 910 905 άρτιγε-
952 821 1039 900 tate,
1073 838 1113 884 ac
1135 827 1319 906 propterea·
1341 820 1431 885 sicut
1460 821 1572 886 infans
1602 823 1702 886 modo
1798 866 1801 876 ·

159 920 219 1003 νὲς,
234 920 405 1006 άπόνηρον,
417 924 473 987 καί
483 921 599 1000 κακίας
615 922 721 1007 πάσης
735 921 909 1008 ἐλεύθερον,
953 925 1102 1004 genitus,
1119 926 1282 990 innocens
1297 928 1333 988 et
1354 928 1478 988 cuncta
1492 925 1629 988 malitia
1645 926 1707 990 im·

158 1026 203 1102 είς
218 1023 379 1092 ύασιλείαν
395 1027 537 1110 ούρανῶν
552 1025 779 1114 ἀναγόμενος...
792 1025 907 1113 Ἀνάγ-
953 1031 1077 1109 munis,
1087 1046 1193 1110 pergo
1205 1031 1247 1094 ad
1259 1045 1395 1109 regnan
1407 1032 1579 1094 oaelorum.
1595 1032 1706 1096 —Ne·

157 1148 201 1213 κη
225 1139 314 1195 πᾶσα
335 1131 376 1215 ην
398 1132 439 1195 τά
461 1129 494 1210 ἐξ
517 1131 629 1207 αίύινος
655 1129 804 1217 ἱδρυμένα
826 1131 907 1215 (edd.
952 1149 1044 1196 cesse
1067 1148 1205 1213 prorsus
1229 1137 1312 1213 erat,
1336 1135 1520 1197 simulacra
1543 1135 1702 1212 gentium

160 1237 245 1300 1356
262 1236 312 1320 A)
337 1233 524 1320 σεόάσματα
546 1245 607 1304 τῶν
622 1236 718 1303 ἐθνῶν
740 1235 839 1302 σάλον
854 1238 910 1301 καί
953 1253 973 1298 a
987 1235 1111 1299 seculo
1126 1237 1288 1316 stabilita,
1300 1233 1560 1301 commotionem
1573 1244 1609 1302 et
1623 1255 1702 1301 cou-

156 1335 271 1404 κλόνον
286 1336 407 1420 παθεῖν,
422 1341 478 1404 καί
500 1341 573 1417 τοὺς
587 1340 621 1405 ἐν
637 1337 743 1417 αὐτοῖς
757 1339 908 1426 δαίμονας
951 1339 1142 1404 cussionem
1158 1341 1239 1421 pati,
1256 1343 1291 1402 et
1305 1339 1473 1405 daemones
1489 1331 1526 1404 in
1544 1342 1626 1424 ipsis
1642 1343 1702 1406 ha·

157 1443 277 1528 φυγεῖν,
293 1445 345 1508 ίνα
360 1451 404 1529 τῷ
419 1441 491 1528 Θεῷ
509 1443 645 1530 γεννηθῇ
665 1443 737 1510 καθ’
751 1444 829 1530 όλης
850 1454 908 1532 τῆς
952 1443 1100 1507 bitantes
1115 1445 1246 1525 fugere,
1262 1447 1303 1507 ut
1314 1446 1460 1525 populus
1477 1462 1519 1508 ex
1542 1446 1705 1523 gentibus

156 1545 415 1634 οἰκουμένηςόέξ
425 1548 522 1615 ἐθνῶν
532 1549 619 1627 λαός.
628 1549 681 1614 Διὸ
690 1547 838 1615 λέλεκται
849 1571 910 1616 κα-
950 1565 1012 1629 per
1025 1551 1135 1610 totum
1158 1547 1274 1611 orbem
1296 1538 1595 1614 Deo'nasceretur.
1620 1551 1699 1615 Ideo

155 1652 197 1716 τθι
208 1653 262 1716 τόν
273 1650 427 1718 Ἀκύλαν·
441 1651 624 1738 Ὀδύνησον,
640 1661 694 1741 γῆ,
708 1653 771 1718 άπὸ
786 1653 909 1740 προσῶ-
950 1651 1041 1732 apud
1055 1652 1215 1732 Aquilam
1231 1651 1374 1714 dicitur:
1394 1653 1545 1732 Parcere,
1568 1658 1701 1736 oterrc,

157 1777 218 1821 που
233 1765 290 1822 τού
305 1754 388 1823 Θεοῦ
403 1754 530 1822 Ἰακύιύ.
546 1755 585 1822 Ὁ
599 1758 662 1842 γόιρ
678 1756 772 1835 αὐτός
787 1756 907 1840 Θεός,δ
951 1753 1073 1836 asceta
1094 1754 1159 1819 Dei
1179 1753 1284 1820 Jacob.
1309 1757 1384 1837 lpse
1409 1757 1500 1819 enim
1524 1757 1625 1839 Deus,
1641 1761 1702 1841 qui

158 1859 210 1926 διά
221 1858 381 1939 Μωυσέως
396 1860 447 1926 ἐπὶ
462 1869 519 1946 της
542 1859 661 1947 ἐρήμου
681 1862 759 1926 ποτε
774 1860 909 1948 μεταύα-
951 1876 1012 1941 per
1025 1861 1175 1944 Moysem
1190 1860 1272 1923 olim
1288 1859 1324 1924 in
1339 1860 1472 1924 deserto
1487 1864 1636 1926 mutavit
1658 1865 1705 1928 ri-

157 1964 222 2032 λῶν
236 1959 295 2051 την
311 1963 474 2051 στρέμνιον
489 1963 607 2049 πέτραν
627 1967 755 2052 κοίτην
777 1965 908 2051 ἀκρότο-
951 1979 1070 2042 goram
1086 1967 1190 2044 petrae
1202 1967 1367 2027 etsexum
1379 1969 1519 2028 acutum
1531 1965 1567 2028 in
1577 1971 1703 2046 stagna
1729 1981 1733 1992 ·

160 2068 281 2153 μανείς
299 2066 411 2154 λίμνας
432 2070 487 2133 καί
502 2067 608 2156 πηγάς
631 2067 763 2151 ὑδάτων,
780 2068 798 2133 ό
814 2069 908 2148 αύτός
952 2070 987 2130 et
999 2065 1108 2130 sontes
1124 2083 1301 2147 aquarum,
1317 2065 1407 2129 idem
1420 2068 1491 2148 ipse
1508 2071 1630 2152 estqui
1642 2089 1703 2152 per

158 2171 250 2250 ούτος
265 2174 320 2237 καί
342 2172 395 2237 διὰ
408 2176 466 2255 της
481 2172 591 2238 νεωστί
616 2169 803 2257 ἐκχυθείσης
818 2173 909 2259 χάρι-
950 2175 1120 2235 recentem
1132 2171 1254 2250 gratiae
1265 2169 1465 2235 effusionem
1472 2191 1575 2254 super
1584 2190 1702 2242 omues

159 2295 212 2354 τος
226 2275 272 2352 είς
292 2273 397 2339 πάντα
418 2275 458 2339 τὰ
479 2273 565 2359 ἔθνη,
581 2276 638 2351 τάς
652 2282 713 2339 τῶν
736 2274 907 2360 ἀνθρώπων
951 2282 1083 2357 gentes,
1105 2277 1237 2340 animas
1255 2276 1433 2340 homiuum
1458 2279 1540 2343 olim
1557 2283 1701 2364 steriles,

159 2379 265 2465 ψυχάς
287 2380 344 2456 τάς
366 2377 466 2445 πάλαι
485 2376 609 2464 στείρας
623 2381 680 2446 καί
698 2380 830 2465 ἀγόνους
852 2384 908 2446 καί
952 2381 1212 2462 tremuisset
1232 2379 1463 2446 infructiferos
1483 2385 1702 2462 convertitin
1727 2399 1732 2404 ·

160 2481 324 2566 ἀκάρπους
339 2479 530 2567 μεταύάλλει
545 2483 590 2560 είς
610 2481 747 2569 λογικῶν
760 2469 909 2570 ναμάτων
949 2485 1182 2568 spiritualium
1212 2485 1430 2568 lympharum
1456 2486 1587 2567 fontes,
1600 2487 1701 2568 juxta

157 2587 275 2671 πηγάς,
289 2583 363 2650 καθ’
373 2583 414 2670 ἣν
436 2582 605 2669 πεποίηται
624 2587 702 2670 πρός
723 2589 796 2665 τοὺς
811 2589 908 2657 αὐτοῦ
952 2591 1065 2654 datam
1081 2589 1258 2680 discipulis
1274 2589 1346 2654 suis
1370 2591 1639 2673 promissionem,
1655 2595 1705 2658 di·

160 2687 304 2775 μαθητόις
319 2685 524 2775 ἐπαγγελίαν,
538 2688 633 2753 είπὼν
644 2690 715 2774 περί
727 2698 788 2755 τῶν
799 2691 843 2768 είς
854 2692 909 2756 αύ-
952 2711 1033 2758 oens
1055 2693 1097 2757 de
1123 2692 1339 2757 credentibus
1366 2694 1402 2756 iu
1426 2710 1521 2756 eum:
1547 2697 1705 2763 «Flumi-

132 2869 135 2879 ,
156 2795 212 2860 τόν
225 2791 443 2876 πιστευόντων,
460 2791 508 2856 δτι
523 2793 660 2878 ποταμοί
671 2792 710 2856 ἐκ
721 2803 778 2881 της
789 2794 910 2874 κοιλίας
952 2816 997 2862 na
1012 2815 1055 2862 ex
1067 2800 1186 2860 ventre
1202 2795 1276 2878 ejus
1302 2793 1411 2860 fluent
1425 2813 1522 2878 aquae
1543 2801 1700 2867 salientis

159 2899 257 2963 αυτοῦ
265 2897 427 2984 ῥεύσουσιν
436 2896 574 2982 [ὕδατος]
588 2895 764 2984 άλλομίνου
771 2899 815 2978 είς
823 2899 910 2988 ζωὴν
953 2901 990 2965 in
1005 2901 1112 2966 vitam
1127 2905 1331 2964 aternam.»

159 3001 293 3068 αίύνιον.

203 3125 235 3168 v.
253 3106 303 3169 Ιθ.
319 3099 448 3190 Ὅμοιοι
461 3102 566 3182 αὐτοῖς
580 3101 720 3189 γένοιντο
743 3103 773 3171 ol
787 3117 911 3174 ποιοῦν-
997 3125 1030 3171 u.
1049 3110 1099 3173 16.
1111 3106 1701 3193 Similesillitficntqniscciwttcc,

159 3225 212 3286 τες
233 3206 325 3290 αθτά,
341 3209 397 3273 καί
412 3205 527 3284 πάντες
544 3206 573 3270 οἱ
595 3208 779 3287 πεποιθότες
793 3199 844 3275 ἐπ’
855 3210 911 3276 αθ-
953 3214 986 3276 et
999 3227 1106 3276 mactes
1119 3211 1177 3293 qui
1191 3212 1308 3296 συηνίτί
1321 3215 1401 3278 auct
1412 3211 1450 3276 ic
1464 3213 1523 3277 cis.

159 3331 235 3388 τοις.

204 3411 244 3480 Oi
266 3412 302 3478 δέ
323 3421 384 3481 τῶν
405 3413 502 3481 ἐθνῶν
523 3413 741 3501 νενομισμέναι
762 3415 833 3482 θεοί
855 3417 908 3486 άν-
938 3484 941 3490 ,
999 3419 1043 3480 At
1058 3415 1116 3480 isti
1124 3416 1282 3495 gentium
1293 3415 1352 3498 dii,
1365 3421 1404 3481 ut
1415 3419 1632 3503 putabantur,
1644 3423 1707 3488 hu·

159 3515 319 3604 θρυπίνων
331 3519 432 3603 ἔργων
443 3517 680 3605 ἀναπλάσματα
689 3520 909 3607 τυγχάνουσιν.
955 3536 1135 3585 manorum
1158 3536 1299 3601 operum
1314 3519 1481 3599 figmenta
1503 3529 1594 3587 sunt.
1621 3527 1707 3590 Edo-

161 3622 368 3689 Διδάσκονται
375 3622 410 3687 δέ
418 3620 522 3707 λέγειν
529 3622 559 3686 οἱ
566 3621 665 3687 αὐτοί·
671 3616 910 3709 Ὅμοιοιαίιτοῐς
953 3631 1074 3690 centur
1088 3629 1203 3690 autem
1218 3625 1330 3690 dicere
1347 3626 1460 3689 iidem:
1473 3627 1554 3693 Πίίυ
1560 3631 1708 3709 stautai

160 3726 300 3815 γένοιντο
315 3726 431 3805 πάντες
445 3725 474 3791 οί
489 3736 649 3804 ποιοῦντες
663 3728 745 3794 αὐτὰ
759 3731 815 3794 καί
830 3731 907 3796 πάν·
952 3731 1049 3796 miles
1062 3745 1168 3797 anactea
1182 3731 1240 3811 qai
1246 3729 1387 3812 faciam
1400 3747 1447 3809 τα,
1467 3736 1501 3796 et
1514 3750 1622 3799 cautes
1637 3753 1707 3803 τοπ-

160 3853 213 3910 τες
228 3830 258 3896 ol
271 3830 455 3909 πεποιθότες
478 3830 528 3896 ἐπ’
539 3832 655 3915 αὐτοῖς,
678 3833 739 3918 οὐχ
761 3835 812 3901 ίνα
833 3835 909 3900 ἐπα-
941 3833 1085 3915 fidentes
1105 3834 1143 3898 ic
1164 3834 1223 3899 σάν.
1247 3835 1321 3898 Non
1344 3839 1385 3898 ut
1407 3837 1573 3901 tollantur
1587 3839 1630 3904 ab
1646 3840 1704 3905 ho·

162 3945 279 4023 ρῶνται
298 3943 364 4014 τοῖς
385 3934 569 4020 ἀνθρώποις,
592 3935 717 4016 άλλίθς
739 3939 778 4004 ἂν
800 3939 909 4004 εἴδειεν
954 3939 1114 4018 minibus,
1129 3938 1189 4002 sed
1203 3942 1244 4002 ut
1257 3939 1456 4018 intelligant
1467 3941 1615 4023 idipsum
1629 3963 1704 4020 suc·

161 4041 211 4107 ότι
225 4049 318 4106 τοῦτο
334 4039 445 4106 ἕπεται
457 4041 522 4118 τοῖς
533 4039 785 4127 εἰδωλολάτραις.
797 4042 836 4109 ot
847 4046 908 4130 γάρ
954 4044 1072 4108 σεύατο
1097 4043 1285 4107 cultoribus
1316 4043 1493 4108 idolorum.
1521 4047 1585 4121 Qui
1612 4051 1703 4112 enim

161 4145 226 4223 τοῖς
242 4144 376 4231 ἀψύχοις
388 4143 527 4223 είδύλοις
539 4144 581 4223 ῶς
593 4144 680 4225 θεοῖς
696 4147 927 4234 προσανέχον·
954 4148 1099 4213 mortuis
1114 4147 1307 4212 simulacris
1322 4149 1433 4212 veluti
1449 4148 1515 4213 diis
1525 4167 1599 4214 sese
1615 4151 1709 4217 addi·

161 4270 224 4331 τες,
240 4257 358 4334 νεκρῶν
373 4250 428 4313 καί
451 4247 648 4335 ἀναισθήτων
665 4249 803 4318 είδύλων
817 4252 909 4319 ούδέν
954 4251 1147 4333 suntnihil
1162 4249 1325 4316 differunt
1335 4253 1377 4316 ab
1390 4253 1489 4317 idolis
1500 4254 1572 4317 vita
1585 4259 1619 4319 et
1628 4275 1705 4321 sen·

160 4353 339 4435 διοίσουσιν,
366 4355 525 4439 τοσαύτην
548 4353 669 4442 βλάόην
695 4356 909 4447 ἐπεργαζόμε-
956 4375 998 4422 su
1013 4355 1151 4434 orbatis,
1166 4358 1301 4418 tantum
1318 4357 1354 4419 in
1377 4373 1413 4420 se
1437 4357 1519 4438 ipsis
1543 4359 1706 4424 damnum

160 4477 209 4524 νοι
231 4459 265 4525 ἐν
280 4459 396 4542 αὐτοῖς,
411 4467 469 4544 της
480 4461 552 4543 περί
566 4461 607 4524 τόι
622 4460 738 4527 είδωλα
752 4463 910 4548 φωλευού·
955 4461 1140 4526 inferentes
1156 4477 1198 4522 ex
1213 4459 1380 4524 diabolica
1394 4460 1429 4523 vi
1455 4477 1531 4542 quae
1546 4461 1582 4525 in
1606 4463 1705 4528 idolis

159 4583 220 4648 οης
231 4561 415 4647 δαιμονικῆς
427 4560 595 4647 ἐνεργείας.
607 4562 711 4630 Ἀλλά
722 4567 777 4631 καί
788 4565 910 4635 δίκαιον
956 4564 1091 4630 insidet.
1108 4565 1198 4641 Quin
1214 4581 1353 4645 aequum
1369 4569 1420 4628 est
1436 4581 1493 4629 eos
1508 4567 1568 4647 qui
1583 4571 1622 4631 ut
1637 4586 1710 4632 me-

158 4667 233 4743 τούς
249 4664 291 4742 ὡς
306 4665 437 4732 κάλλιον
453 4663 603 4745 σέύοντας
617 4668 673 4731 καί
683 4667 758 4734 θεῖα
769 4669 910 4756 νομίζον·
954 4671 1042 4734 liora
1066 4670 1245 4749 honorant,
1271 4673 1374 4751 atque
1403 4669 1519 4734 divina
1545 4677 1707 4754 reputant

158 4790 217 4848 τας
230 4770 272 4833 τά
294 4770 416 4855 ἀψυχα,
433 4769 477 4847 είς
493 4769 600 4855 όμοιον
620 4770 726 4849 αύτοίς
749 4783 910 4860 καταοτη-
954 4790 1009 4836 res
1040 4773 1230 4852 inanimas,
1258 4773 1294 4836 in
1329 4771 1418 4836 hanc
1447 4775 1707 4842 similitudinem

159 4893 220 4957 ναι,
236 4875 291 4938 καὶ
306 4872 366 4939 οὐκ
380 4873 420 4940 ἂν
435 4873 542 4950 αύτοῐς
555 4880 649 4952 τοῦτο
660 4872 780 4940 δίκαιον
793 4875 907 4964 φανείη
955 4879 1217 4958 constituantur,
1239 4877 1341 4940 etiam
1363 4877 1393 4941 si
1416 4877 1488 4942 haec
1510 4879 1578 4944 illis
1601 4884 1704 4948 male-

128 5045 141 5058 ,
160 4977 297 5063 κατάρα,
321 4975 394 5043 ἀλλ’
405 4975 504 5062 εὐχῆς
527 4975 612 5056 άξιον
626 4980 663 5043 τό
681 4976 778 5056 θεοὺς
800 4979 910 5067 γενέσ-
956 4983 1059 5047 dictio
1081 4983 1196 5047 minus
1219 4981 1376 5046 videatur
1391 4979 1495 5064 justa,
1513 4985 1572 5049 sed
1587 4993 1704 5054 votum

194 5203 223 5242 v.
237 5185 278 5240 ιε.
291 5181 387 5242 vaus.
401 5183 443 5254 11,
456 5182 506 5238 rs:
