<?xml version="1.0" encoding="UTF-8"?>
<!DOCTYPE html PUBLIC "-//W3C//DTD XHTML 1.0 Transitional//EN"
    "http://www.w3.org/TR/xhtml1/DTD/xhtml1-transitional.dtd">
<html xmlns="http://www.w3.org/1999/xhtml" xml:lang="en" lang="en">
 <head>
  <title>
</title>
<meta http-equiv="Content-Type" content="text/html;charset=utf-8" />
  <meta name='ocr-system' content='tesseract 3.04.00' />
  <meta name='ocr-capabilities' content='ocr_page ocr_carea ocr_par ocr_line ocrx_word'/>
</head>
<body>
  <div class='ocr_page' id='page_1' title='image "./analectasacrasp00pitrgoog_0433.png"; bbox 0 0 4044 6104; ppageno 0'>
   <div class='ocr_carea' id='block_1_1' title="bbox 977 457 1186 520">
    <p class='ocr_par' dir='ltr' id='par_1_1' title="bbox 977 457 1186 520">
     <span class='ocr_line' id='line_1_1' title="bbox 977 457 1186 520; baseline 0.005 -1"><span class='ocrx_word' id='word_1_1' title='bbox 977 457 1186 520; x_wconf 78' lang='lat' dir='ltr'><strong>ORIGENES</strong></span> 
     </span>
    </p>
   </div>
   <div class='ocr_carea' id='block_1_2' title="bbox 900 741 1249 824">
    <p class='ocr_par' dir='ltr' id='par_1_2' title="bbox 900 741 1249 824">
     <span class='ocr_line' id='line_1_2' title="bbox 900 741 1249 824; baseline -0.003 -3"><span class='ocrx_word' id='word_1_2' title='bbox 900 745 1069 823; x_wconf 82' lang='lat' dir='ltr'>Psotmus</span> <span class='ocrx_word' id='word_1_3' title='bbox 1093 741 1249 824; x_wconf 87' lang='lat' dir='ltr'><strong><em>XXIV.</em></strong></span> 
     </span>
    </p>
   </div>
   <div class='ocr_carea' id='block_1_3' title="bbox 203 970 1848 4492">
    <p class='ocr_par' dir='ltr' id='par_1_3' title="bbox 293 970 1847 1161">
     <span class='ocr_line' id='line_1_3' title="bbox 335 970 1847 1058; baseline 0.005 -24"><span class='ocrx_word' id='word_1_4' title='bbox 335 991 368 1036; x_wconf 89' lang='lat' dir='ltr'>v.</span> <span class='ocrx_word' id='word_1_5' title='bbox 382 976 412 1038; x_wconf 84' lang='lat'>4.</span> <span class='ocrx_word' id='word_1_6' title='bbox 425 972 492 1050; x_wconf 83' lang='grc' dir='ltr'>Τὰς</span> <span class='ocrx_word' id='word_1_7' title='bbox 508 973 598 1051; x_wconf 83' lang='grc' dir='ltr'>θδοὺς</span> <span class='ocrx_word' id='word_1_8' title='bbox 610 995 677 1056; x_wconf 86' lang='grc' dir='ltr'>σου,</span> <span class='ocrx_word' id='word_1_9' title='bbox 691 970 800 1056; x_wconf 76' lang='grc' dir='ltr'>Κύριε,</span> <span class='ocrx_word' id='word_1_10' title='bbox 816 970 968 1057; x_wconf 82' lang='grc' dir='ltr'>γνὼρισόν</span> <span class='ocrx_word' id='word_1_11' title='bbox 981 994 1041 1058; x_wconf 84' lang='grc' dir='ltr'>μοι,</span> <span class='ocrx_word' id='word_1_12' title='bbox 1132 993 1163 1038; x_wconf 87' lang='grc' dir='ltr'>ν.</span> <span class='ocrx_word' id='word_1_13' title='bbox 1176 976 1206 1037; x_wconf 90' lang='grc'>4.</span> <span class='ocrx_word' id='word_1_14' title='bbox 1229 975 1304 1040; x_wconf 70' lang='lat' dir='ltr'>Viae</span> <span class='ocrx_word' id='word_1_15' title='bbox 1316 979 1402 1053; x_wconf 74' lang='lat' dir='ltr'>tuot,</span> <span class='ocrx_word' id='word_1_16' title='bbox 1425 975 1569 1057; x_wconf 77' lang='lat' dir='ltr'>Domine,</span> <span class='ocrx_word' id='word_1_17' title='bbox 1588 975 1768 1042; x_wconf 76' lang='lat' dir='ltr'>dcownatra</span> <span class='ocrx_word' id='word_1_18' title='bbox 1782 979 1847 1042; x_wconf 84' lang='lat' dir='ltr'>mi·</span> 
     </span>
     <span class='ocr_line' id='line_1_4' title="bbox 293 1074 1599 1161; baseline 0.005 -23"><span class='ocrx_word' id='word_1_19' title='bbox 293 1076 348 1138; x_wconf 84' lang='grc' dir='ltr'>καί</span> <span class='ocrx_word' id='word_1_20' title='bbox 360 1076 417 1154; x_wconf 87' lang='grc' dir='ltr'>τόις</span> <span class='ocrx_word' id='word_1_21' title='bbox 427 1075 551 1160; x_wconf 80' lang='grc' dir='ltr'>τρίδους</span> <span class='ocrx_word' id='word_1_22' title='bbox 563 1097 620 1141; x_wconf 94' lang='grc' dir='ltr'>σου</span> <span class='ocrx_word' id='word_1_23' title='bbox 632 1074 756 1154; x_wconf 82' lang='grc' dir='ltr'>δίδαξόν</span> <span class='ocrx_word' id='word_1_24' title='bbox 768 1096 816 1161; x_wconf 87' lang='grc' dir='ltr'>με.</span> <span class='ocrx_word' id='word_1_25' title='bbox 838 1078 905 1144; x_wconf 80' lang='lat' dir='ltr'>Vct.</span> <span class='ocrx_word' id='word_1_26' title='bbox 923 1079 997 1156; x_wconf 87' lang='grc'>638,</span> <span class='ocrx_word' id='word_1_27' title='bbox 1013 1078 1041 1140; x_wconf 91' lang='grc'>1.</span> <span class='ocrx_word' id='word_1_28' title='bbox 1093 1079 1140 1158; x_wconf 77' lang='lat' dir='ltr'>tt,</span> <span class='ocrx_word' id='word_1_29' title='bbox 1156 1082 1188 1143; x_wconf 81' lang='lat' dir='ltr'>et</span> <span class='ocrx_word' id='word_1_30' title='bbox 1201 1079 1337 1143; x_wconf 73' lang='lat' dir='ltr'>semitas</span> <span class='ocrx_word' id='word_1_31' title='bbox 1351 1079 1527 1146; x_wconf 72' lang='grc' dir='ltr'>λυπεοίατο</span> <span class='ocrx_word' id='word_1_32' title='bbox 1541 1098 1599 1146; x_wconf 79' lang='lat' dir='ltr'>me.</span> 
     </span>
    </p>

    <p class='ocr_par' dir='ltr' id='par_1_4' title="bbox 288 1177 1848 2412">
     <span class='ocr_line' id='line_1_5' title="bbox 336 1177 1848 1267; baseline 0.003 -23"><span class='ocrx_word' id='word_1_33' title='bbox 336 1178 406 1258; x_wconf 85' lang='grc' dir='ltr'>Πᾶς</span> <span class='ocrx_word' id='word_1_34' title='bbox 421 1181 437 1244; x_wconf 88' lang='grc' dir='ltr'>δ</span> <span class='ocrx_word' id='word_1_35' title='bbox 454 1188 497 1264; x_wconf 83' lang='grc' dir='ltr'>τῷ</span> <span class='ocrx_word' id='word_1_36' title='bbox 515 1178 601 1265; x_wconf 82' lang='grc' dir='ltr'>φόθιρ</span> <span class='ocrx_word' id='word_1_37' title='bbox 616 1189 672 1244; x_wconf 82' lang='grc' dir='ltr'>τοῦ</span> <span class='ocrx_word' id='word_1_38' title='bbox 695 1178 779 1248; x_wconf 83' lang='grc' dir='ltr'><strong>Θεοῦ</strong></span> <span class='ocrx_word' id='word_1_39' title='bbox 794 1177 955 1264; x_wconf 82' lang='grc' dir='ltr'>προσιέναι</span> <span class='ocrx_word' id='word_1_40' title='bbox 974 1177 1046 1266; x_wconf 88' lang='grc' dir='ltr'>βου·</span> <span class='ocrx_word' id='word_1_41' title='bbox 1140 1183 1353 1263; x_wconf 86' lang='lat' dir='ltr'>Quicumque</span> <span class='ocrx_word' id='word_1_42' title='bbox 1370 1186 1446 1247; x_wconf 88' lang='lat' dir='ltr'>vult</span> <span class='ocrx_word' id='word_1_43' title='bbox 1460 1185 1496 1247; x_wconf 91' lang='lat' dir='ltr'>in</span> <span class='ocrx_word' id='word_1_44' title='bbox 1509 1189 1603 1247; x_wconf 89' lang='lat' dir='ltr'>metu</span> <span class='ocrx_word' id='word_1_45' title='bbox 1617 1183 1753 1248; x_wconf 89' lang='lat' dir='ltr'><strong>Domini</strong></span> <span class='ocrx_word' id='word_1_46' title='bbox 1769 1203 1848 1267; x_wconf 89' lang='lat' dir='ltr'>pro-</span> 
     </span>
     <span class='ocr_line' id='line_1_6' title="bbox 292 1281 1846 1374; baseline 0.005 -29"><span class='ocrx_word' id='word_1_47' title='bbox 292 1281 434 1367; x_wconf 86' lang='grc' dir='ltr'>λόμενος,</span> <span class='ocrx_word' id='word_1_48' title='bbox 457 1283 586 1369; x_wconf 76' lang='grc' dir='ltr'>θαρρῶν</span> <span class='ocrx_word' id='word_1_49' title='bbox 607 1281 723 1367; x_wconf 80' lang='grc' dir='ltr'><strong>ἡκέτω,</strong></span> <span class='ocrx_word' id='word_1_50' title='bbox 740 1284 829 1361; x_wconf 87' lang='grc' dir='ltr'>εἰδὼς</span> <span class='ocrx_word' id='word_1_51' title='bbox 851 1284 898 1348; x_wconf 87' lang='grc' dir='ltr'>ότι</span> <span class='ocrx_word' id='word_1_52' title='bbox 914 1285 1040 1363; x_wconf 84' lang='grc' dir='ltr'>αότόςό</span> <span class='ocrx_word' id='word_1_53' title='bbox 1091 1284 1222 1366; x_wconf 85' lang='lat' dir='ltr'>cedere,</span> <span class='ocrx_word' id='word_1_54' title='bbox 1249 1285 1421 1352; x_wconf 86' lang='lat' dir='ltr'>confidens</span> <span class='ocrx_word' id='word_1_55' title='bbox 1446 1286 1688 1374; x_wconf 79' lang='lat' dir='ltr'>proficiscatur,</span> <span class='ocrx_word' id='word_1_56' title='bbox 1719 1290 1846 1354; x_wconf 82' lang='lat' dir='ltr'>certior</span> 
     </span>
     <span class='ocr_line' id='line_1_7' title="bbox 291 1384 1844 1473; baseline 0.003 -24"><span class='ocrx_word' id='word_1_57' title='bbox 291 1384 407 1470; x_wconf 86' lang='grc' dir='ltr'>Κύριος</span> <span class='ocrx_word' id='word_1_58' title='bbox 430 1386 666 1472; x_wconf 84' lang='grc' dir='ltr'>ὑποδεξόμενος,</span> <span class='ocrx_word' id='word_1_59' title='bbox 683 1388 735 1452; x_wconf 85' lang='grc' dir='ltr'>οία</span> <span class='ocrx_word' id='word_1_60' title='bbox 756 1387 959 1471; x_wconf 80' lang='grc' dir='ltr'>διδάσκαλος,</span> <span class='ocrx_word' id='word_1_61' title='bbox 984 1409 1042 1473; x_wconf 84' lang='grc' dir='ltr'>μα·</span> <span class='ocrx_word' id='word_1_62' title='bbox 1092 1387 1202 1452; x_wconf 85' lang='lat' dir='ltr'>factus</span> <span class='ocrx_word' id='word_1_63' title='bbox 1221 1391 1333 1471; x_wconf 87' lang='lat' dir='ltr'>ipsum</span> <span class='ocrx_word' id='word_1_64' title='bbox 1349 1393 1531 1455; x_wconf 89' lang='lat' dir='ltr'>Dominum</span> <span class='ocrx_word' id='word_1_65' title='bbox 1554 1409 1646 1455; x_wconf 91' lang='lat' dir='ltr'>more</span> <span class='ocrx_word' id='word_1_66' title='bbox 1671 1393 1844 1472; x_wconf 83' lang='lat' dir='ltr'>magistri,</span> 
     </span>
     <span class='ocr_line' id='line_1_8' title="bbox 292 1489 1844 1579; baseline 0.004 -25"><span class='ocrx_word' id='word_1_67' title='bbox 292 1489 394 1576; x_wconf 82' lang='grc' dir='ltr'>θητήν</span> <span class='ocrx_word' id='word_1_68' title='bbox 422 1493 476 1556; x_wconf 84' lang='grc' dir='ltr'>τὸν</span> <span class='ocrx_word' id='word_1_69' title='bbox 507 1490 696 1578; x_wconf 88' lang='grc' dir='ltr'>βουλόμενον</span> <span class='ocrx_word' id='word_1_70' title='bbox 726 1491 811 1579; x_wconf 82' lang='grc' dir='ltr'>αὐτῷ</span> <span class='ocrx_word' id='word_1_71' title='bbox 842 1492 1043 1578; x_wconf 78' lang='grc' dir='ltr'>πλησιάζειν.</span> <span class='ocrx_word' id='word_1_72' title='bbox 1088 1498 1326 1574; x_wconf 88' lang='lat' dir='ltr'>suscepturum</span> <span class='ocrx_word' id='word_1_73' title='bbox 1335 1511 1408 1558; x_wconf 87' lang='lat' dir='ltr'>esse</span> <span class='ocrx_word' id='word_1_74' title='bbox 1419 1495 1625 1577; x_wconf 88' lang='lat' dir='ltr'>discipulum</span> <span class='ocrx_word' id='word_1_75' title='bbox 1637 1497 1696 1577; x_wconf 94' lang='lat' dir='ltr'>qui</span> <span class='ocrx_word' id='word_1_76' title='bbox 1709 1497 1750 1560; x_wconf 88' lang='lat' dir='ltr'>ad</span> <span class='ocrx_word' id='word_1_77' title='bbox 1762 1513 1844 1560; x_wconf 82' lang='lat' dir='ltr'>cum</span> 
     </span>
     <span class='ocr_line' id='line_1_9' title="bbox 290 1593 1844 1684; baseline 0.003 -26"><span class='ocrx_word' id='word_1_78' title='bbox 290 1593 422 1679; x_wconf 81' lang='grc' dir='ltr'>Πρῶτον</span> <span class='ocrx_word' id='word_1_79' title='bbox 445 1597 502 1682; x_wconf 83' lang='grc' dir='ltr'>μέν</span> <span class='ocrx_word' id='word_1_80' title='bbox 524 1595 646 1675; x_wconf 82' lang='grc' dir='ltr'>πολλὰς</span> <span class='ocrx_word' id='word_1_81' title='bbox 668 1596 811 1677; x_wconf 71' lang='grc' dir='ltr'>ἐπιδείξει</span> <span class='ocrx_word' id='word_1_82' title='bbox 834 1597 920 1684; x_wconf 78' lang='grc' dir='ltr'>αὐτῷ</span> <span class='ocrx_word' id='word_1_83' title='bbox 941 1599 1042 1681; x_wconf 81' lang='grc' dir='ltr'>δδοὺς,</span> <span class='ocrx_word' id='word_1_84' title='bbox 1088 1596 1165 1659; x_wconf 78' lang='lat' dir='ltr'>vult</span> <span class='ocrx_word' id='word_1_85' title='bbox 1201 1598 1482 1679; x_wconf 85' lang='lat' dir='ltr'>appropinquare.</span> <span class='ocrx_word' id='word_1_86' title='bbox 1516 1599 1669 1663; x_wconf 89' lang='lat' dir='ltr'>Primum</span> <span class='ocrx_word' id='word_1_87' title='bbox 1704 1600 1844 1683; x_wconf 90' lang='lat' dir='ltr'>quidem</span> 
     </span>
     <span class='ocr_line' id='line_1_10' title="bbox 290 1699 1845 1788; baseline 0.004 -26"><span class='ocrx_word' id='word_1_88' title='bbox 290 1700 400 1763; x_wconf 78' lang='grc' dir='ltr'>ἔπειτα</span> <span class='ocrx_word' id='word_1_89' title='bbox 416 1699 619 1788; x_wconf 78' lang='grc' dir='ltr'>νομοθετήσει</span> <span class='ocrx_word' id='word_1_90' title='bbox 642 1701 727 1779; x_wconf 83' lang='grc' dir='ltr'>ὅπως</span> <span class='ocrx_word' id='word_1_91' title='bbox 749 1701 797 1766; x_wconf 83' lang='grc' dir='ltr'>δεῖ</span> <span class='ocrx_word' id='word_1_92' title='bbox 818 1701 891 1767; x_wconf 90' lang='grc' dir='ltr'>καθ’</span> <span class='ocrx_word' id='word_1_93' title='bbox 903 1701 1043 1787; x_wconf 79' lang='grc' dir='ltr'>ἑκάστην</span> <span class='ocrx_word' id='word_1_94' title='bbox 1088 1700 1214 1764; x_wconf 79' lang='lat' dir='ltr'>multas</span> <span class='ocrx_word' id='word_1_95' title='bbox 1237 1701 1287 1764; x_wconf 92' lang='lat' dir='ltr'>illi</span> <span class='ocrx_word' id='word_1_96' title='bbox 1303 1703 1378 1766; x_wconf 85' lang='lat' dir='ltr'>vias</span> <span class='ocrx_word' id='word_1_97' title='bbox 1394 1701 1556 1768; x_wconf 91' lang='lat' dir='ltr'>ostendet.</span> <span class='ocrx_word' id='word_1_98' title='bbox 1580 1704 1708 1767; x_wconf 87' lang='lat' dir='ltr'>Deinde</span> <span class='ocrx_word' id='word_1_99' title='bbox 1726 1706 1845 1786; x_wconf 82' lang='lat' dir='ltr'>praeci-</span> 
     </span>
     <span class='ocr_line' id='line_1_11' title="bbox 288 1801 1844 1891; baseline 0.004 -26"><span class='ocrx_word' id='word_1_100' title='bbox 288 1801 416 1885; x_wconf 83' lang='grc' dir='ltr'>δδτύειν,</span> <span class='ocrx_word' id='word_1_101' title='bbox 431 1803 472 1888; x_wconf 76' lang='grc' dir='ltr'>ἣν</span> <span class='ocrx_word' id='word_1_102' title='bbox 495 1802 608 1870; x_wconf 84' lang='grc' dir='ltr'>θιτοίαν</span> <span class='ocrx_word' id='word_1_103' title='bbox 629 1803 732 1870; x_wconf 81' lang='grc' dir='ltr'>ἕλοιτό</span> <span class='ocrx_word' id='word_1_104' title='bbox 755 1826 800 1883; x_wconf 91' lang='grc' dir='ltr'>τις</span> <span class='ocrx_word' id='word_1_105' title='bbox 823 1807 918 1884; x_wconf 79' lang='grc' dir='ltr'>αυτὸς</span> <span class='ocrx_word' id='word_1_106' title='bbox 940 1805 1043 1891; x_wconf 80' lang='grc' dir='ltr'>έοιυτῷ</span> <span class='ocrx_word' id='word_1_107' title='bbox 1087 1804 1157 1884; x_wconf 92' lang='lat' dir='ltr'>piet</span> <span class='ocrx_word' id='word_1_108' title='bbox 1172 1805 1341 1884; x_wconf 92' lang='lat' dir='ltr'>quomodo</span> <span class='ocrx_word' id='word_1_109' title='bbox 1358 1811 1510 1887; x_wconf 81' lang='lat' dir='ltr'>oporteat</span> <span class='ocrx_word' id='word_1_110' title='bbox 1525 1825 1585 1888; x_wconf 87' lang='lat' dir='ltr'>per</span> <span class='ocrx_word' id='word_1_111' title='bbox 1600 1808 1756 1886; x_wconf 79' lang='lat' dir='ltr'>singulas</span> <span class='ocrx_word' id='word_1_112' title='bbox 1771 1825 1844 1871; x_wconf 83' lang='lat' dir='ltr'>am-</span> 
     </span>
     <span class='ocr_line' id='line_1_12' title="bbox 288 1907 1844 1996; baseline 0.002 -24"><span class='ocrx_word' id='word_1_113' title='bbox 288 1908 408 1992; x_wconf 85' lang='grc' dir='ltr'>ταθτην</span> <span class='ocrx_word' id='word_1_114' title='bbox 425 1907 564 1996; x_wconf 84' lang='grc' dir='ltr'>βαδίζοι·</span> <span class='ocrx_word' id='word_1_115' title='bbox 581 1907 623 1986; x_wconf 82' lang='grc' dir='ltr'>ὡς</span> <span class='ocrx_word' id='word_1_116' title='bbox 637 1910 699 1994; x_wconf 78' lang='grc' dir='ltr'>γὰρ</span> <span class='ocrx_word' id='word_1_117' title='bbox 715 1907 831 1975; x_wconf 82' lang='grc' dir='ltr'>πολλαί</span> <span class='ocrx_word' id='word_1_118' title='bbox 847 1912 940 1996; x_wconf 82' lang='grc' dir='ltr'>μοναί</span> <span class='ocrx_word' id='word_1_119' title='bbox 956 1912 1045 1996; x_wconf 76' lang='grc' dir='ltr'>παρὰ</span> <span class='ocrx_word' id='word_1_120' title='bbox 1089 1908 1219 1989; x_wconf 81' lang='lat' dir='ltr'>balare,</span> <span class='ocrx_word' id='word_1_121' title='bbox 1232 1915 1267 1972; x_wconf 90' lang='lat' dir='ltr'>et</span> <span class='ocrx_word' id='word_1_122' title='bbox 1277 1926 1528 1992; x_wconf 87' lang='lat' dir='ltr'>quamcumque</span> <span class='ocrx_word' id='word_1_123' title='bbox 1541 1913 1617 1994; x_wconf 89' lang='lat' dir='ltr'>quis</span> <span class='ocrx_word' id='word_1_124' title='bbox 1629 1913 1783 1994; x_wconf 83' lang='lat' dir='ltr'>elegerit,</span> <span class='ocrx_word' id='word_1_125' title='bbox 1793 1913 1844 1994; x_wconf 87' lang='lat' dir='ltr'>ip-</span> 
     </span>
     <span class='ocr_line' id='line_1_13' title="bbox 292 2011 1840 2100; baseline 0.003 -26"><span class='ocrx_word' id='word_1_126' title='bbox 292 2021 337 2097; x_wconf 82' lang='grc' dir='ltr'>τῷ</span> <span class='ocrx_word' id='word_1_127' title='bbox 353 2012 464 2096; x_wconf 87' lang='grc' dir='ltr'>Πατρί,</span> <span class='ocrx_word' id='word_1_128' title='bbox 488 2015 586 2091; x_wconf 82' lang='grc' dir='ltr'>οὕτως</span> <span class='ocrx_word' id='word_1_129' title='bbox 608 2013 664 2077; x_wconf 88' lang='grc' dir='ltr'>καί</span> <span class='ocrx_word' id='word_1_130' title='bbox 678 2012 790 2077; x_wconf 84' lang='grc' dir='ltr'>πολλοί</span> <span class='ocrx_word' id='word_1_131' title='bbox 805 2011 867 2100; x_wconf 81' lang='grc' dir='ltr'>βίοι</span> <span class='ocrx_word' id='word_1_132' title='bbox 880 2023 942 2080; x_wconf 83' lang='grc' dir='ltr'>τῶν</span> <span class='ocrx_word' id='word_1_133' title='bbox 958 2016 1044 2079; x_wconf 83' lang='grc' dir='ltr'>κατὰ</span> <span class='ocrx_word' id='word_1_134' title='bbox 1088 2030 1124 2075; x_wconf 88' lang='lat' dir='ltr'>se</span> <span class='ocrx_word' id='word_1_135' title='bbox 1140 2012 1205 2076; x_wconf 91' lang='lat' dir='ltr'>sibi</span> <span class='ocrx_word' id='word_1_136' title='bbox 1218 2030 1293 2076; x_wconf 86' lang='lat' dir='ltr'>eam</span> <span class='ocrx_word' id='word_1_137' title='bbox 1305 2015 1485 2078; x_wconf 86' lang='lat' dir='ltr'>tenendam</span> <span class='ocrx_word' id='word_1_138' title='bbox 1497 2015 1630 2080; x_wconf 82' lang='lat' dir='ltr'>babeat</span> <span class='ocrx_word' id='word_1_139' title='bbox 1643 2016 1840 2080; x_wconf 80' lang='lat' dir='ltr'>sicutenim</span> 
     </span>
     <span class='ocr_line' id='line_1_14' title="bbox 289 2115 1842 2204; baseline -0.001 -21"><span class='ocrx_word' id='word_1_140' title='bbox 289 2115 371 2183; x_wconf 87' lang='grc' dir='ltr'>Θεδν</span> <span class='ocrx_word' id='word_1_141' title='bbox 386 2116 637 2202; x_wconf 77' lang='grc' dir='ltr'>προκοπτόντων.</span> <span class='ocrx_word' id='word_1_142' title='bbox 657 2115 817 2194; x_wconf 81' lang='grc' dir='ltr'>Ἕκαστος</span> <span class='ocrx_word' id='word_1_143' title='bbox 830 2117 865 2182; x_wconf 84' lang='grc' dir='ltr'>δὲ</span> <span class='ocrx_word' id='word_1_144' title='bbox 877 2117 979 2204; x_wconf 79' lang='grc' dir='ltr'>ἑαυτῷ</span> <span class='ocrx_word' id='word_1_145' title='bbox 992 2118 1040 2182; x_wconf 89' lang='grc' dir='ltr'>αί-</span> <span class='ocrx_word' id='word_1_146' title='bbox 1090 2118 1208 2182; x_wconf 84' lang='lat' dir='ltr'>multae</span> <span class='ocrx_word' id='word_1_147' title='bbox 1223 2119 1415 2183; x_wconf 91' lang='lat' dir='ltr'>mansiones</span> <span class='ocrx_word' id='word_1_148' title='bbox 1429 2126 1512 2182; x_wconf 88' lang='lat' dir='ltr'>sunt</span> <span class='ocrx_word' id='word_1_149' title='bbox 1530 2119 1619 2201; x_wconf 88' lang='lat' dir='ltr'>apud</span> <span class='ocrx_word' id='word_1_150' title='bbox 1636 2121 1780 2199; x_wconf 89' lang='lat' dir='ltr'>Patrem,</span> <span class='ocrx_word' id='word_1_151' title='bbox 1793 2121 1842 2182; x_wconf 87' lang='lat' dir='ltr'>ita</span> 
     </span>
     <span class='ocr_line' id='line_1_15' title="bbox 288 2219 1842 2307; baseline 0 -22"><span class='ocrx_word' id='word_1_152' title='bbox 288 2219 403 2305; x_wconf 78' lang='grc' dir='ltr'>ρετίζει</span> <span class='ocrx_word' id='word_1_153' title='bbox 424 2223 479 2285; x_wconf 85' lang='grc' dir='ltr'>καί</span> <span class='ocrx_word' id='word_1_154' title='bbox 495 2220 660 2307; x_wconf 80' lang='grc' dir='ltr'>ἐκλέγεται</span> <span class='ocrx_word' id='word_1_155' title='bbox 674 2221 715 2306; x_wconf 84' lang='grc' dir='ltr'>ήν</span> <span class='ocrx_word' id='word_1_156' title='bbox 730 2221 769 2287; x_wconf 82' lang='grc' dir='ltr'>ἂν</span> <span class='ocrx_word' id='word_1_157' title='bbox 784 2220 876 2285; x_wconf 84' lang='grc' dir='ltr'>θέλοι</span> <span class='ocrx_word' id='word_1_158' title='bbox 895 2220 988 2287; x_wconf 91' lang='grc' dir='ltr'>όδόν·</span> <span class='ocrx_word' id='word_1_159' title='bbox 1011 2222 1045 2287; x_wconf 88' lang='grc' dir='ltr'>έν</span> <span class='ocrx_word' id='word_1_160' title='bbox 1091 2225 1124 2283; x_wconf 89' lang='lat' dir='ltr'>et</span> <span class='ocrx_word' id='word_1_161' title='bbox 1139 2221 1249 2284; x_wconf 84' lang='lat' dir='ltr'>multa</span> <span class='ocrx_word' id='word_1_162' title='bbox 1263 2222 1401 2285; x_wconf 83' lang='lat' dir='ltr'>vivendi</span> <span class='ocrx_word' id='word_1_163' title='bbox 1413 2239 1541 2302; x_wconf 81' lang='lat' dir='ltr'>genera</span> <span class='ocrx_word' id='word_1_164' title='bbox 1553 2240 1669 2287; x_wconf 88' lang='lat' dir='ltr'>eorum</span> <span class='ocrx_word' id='word_1_165' title='bbox 1685 2225 1744 2304; x_wconf 92' lang='lat' dir='ltr'>qui</span> <span class='ocrx_word' id='word_1_166' title='bbox 1757 2224 1842 2287; x_wconf 88' lang='lat' dir='ltr'>divi-</span> 
     </span>
     <span class='ocr_line' id='line_1_16' title="bbox 289 2323 1841 2412; baseline 0 -23"><span class='ocrx_word' id='word_1_167' title='bbox 289 2323 415 2410; x_wconf 79' lang='grc' dir='ltr'>ἑκάστῳ</span> <span class='ocrx_word' id='word_1_168' title='bbox 430 2323 465 2390; x_wconf 86' lang='grc' dir='ltr'>δέ</span> <span class='ocrx_word' id='word_1_169' title='bbox 481 2323 538 2412; x_wconf 87' lang='grc' dir='ltr'>βίιρ</span> <span class='ocrx_word' id='word_1_170' title='bbox 553 2325 686 2392; x_wconf 82' lang='grc' dir='ltr'>δυνατὸν</span> <span class='ocrx_word' id='word_1_171' title='bbox 702 2324 814 2410; x_wconf 81' lang='grc' dir='ltr'>ἀρέσαι</span> <span class='ocrx_word' id='word_1_172' title='bbox 829 2323 911 2410; x_wconf 82' lang='grc' dir='ltr'>Θεῷ.</span> <span class='ocrx_word' id='word_1_173' title='bbox 1089 2340 1173 2386; x_wconf 93' lang='lat' dir='ltr'>num</span> <span class='ocrx_word' id='word_1_174' title='bbox 1188 2324 1375 2406; x_wconf 86' lang='lat' dir='ltr'>proiectum</span> <span class='ocrx_word' id='word_1_175' title='bbox 1392 2325 1583 2408; x_wconf 87' lang='lat' dir='ltr'>perficiunt.</span> <span class='ocrx_word' id='word_1_176' title='bbox 1600 2326 1841 2407; x_wconf 84' lang='lat' dir='ltr'>Unusquisque</span> 
     </span>
    </p>

    <p class='ocr_par' dir='ltr' id='par_1_5' title="bbox 829 2427 1841 2720">
     <span class='ocr_line' id='line_1_17' title="bbox 1084 2427 1840 2511; baseline 0.004 -22"><span class='ocrx_word' id='word_1_177' title='bbox 1084 2432 1200 2490; x_wconf 87' lang='lat' dir='ltr'>autem</span> <span class='ocrx_word' id='word_1_178' title='bbox 1216 2427 1282 2492; x_wconf 88' lang='lat' dir='ltr'>sibi</span> <span class='ocrx_word' id='word_1_179' title='bbox 1297 2431 1399 2509; x_wconf 85' lang='lat' dir='ltr'>eligit</span> <span class='ocrx_word' id='word_1_180' title='bbox 1421 2436 1456 2494; x_wconf 88' lang='lat' dir='ltr'>et</span> <span class='ocrx_word' id='word_1_181' title='bbox 1470 2430 1613 2494; x_wconf 82' lang='lat' dir='ltr'>ascribit</span> <span class='ocrx_word' id='word_1_182' title='bbox 1629 2431 1719 2494; x_wconf 86' lang='lat' dir='ltr'>viam</span> <span class='ocrx_word' id='word_1_183' title='bbox 1737 2447 1840 2511; x_wconf 90' lang='lat' dir='ltr'>quam</span> 
     </span>
     <span class='ocr_line' id='line_1_18' title="bbox 1086 2533 1841 2617; baseline 0.003 -23"><span class='ocrx_word' id='word_1_184' title='bbox 1086 2533 1234 2595; x_wconf 85' lang='lat' dir='ltr'>mavult:</span> <span class='ocrx_word' id='word_1_185' title='bbox 1252 2533 1288 2596; x_wconf 96' lang='lat' dir='ltr'>in</span> <span class='ocrx_word' id='word_1_186' title='bbox 1316 2551 1534 2617; x_wconf 87' lang='lat' dir='ltr'>quacumque</span> <span class='ocrx_word' id='word_1_187' title='bbox 1557 2534 1764 2613; x_wconf 76' lang='lat' dir='ltr'>autemvita,</span> <span class='ocrx_word' id='word_1_188' title='bbox 1784 2533 1841 2596; x_wconf 85' lang='lat' dir='ltr'>dn·</span> 
     </span>
     <span class='ocr_line' id='line_1_19' title="bbox 829 2637 1575 2720; baseline 0.003 -22"><span class='ocrx_word' id='word_1_189' title='bbox 829 2716 831 2720; x_wconf 11' lang='lat' dir='ltr'>y</span> <span class='ocrx_word' id='word_1_190' title='bbox 1088 2639 1145 2699; x_wconf 90' lang='lat' dir='ltr'>tur</span> <span class='ocrx_word' id='word_1_191' title='bbox 1160 2640 1307 2718; x_wconf 81' lang='lat' dir='ltr'>potestas</span> <span class='ocrx_word' id='word_1_192' title='bbox 1326 2639 1395 2702; x_wconf 94' lang='lat' dir='ltr'>Deo</span> <span class='ocrx_word' id='word_1_193' title='bbox 1410 2637 1575 2720; x_wconf 90' lang='lat' dir='ltr'>placendi.</span> 
     </span>
    </p>

    <p class='ocr_par' dir='ltr' id='par_1_6' title="bbox 289 2739 1839 3034">
     <span class='ocr_line' id='line_1_20' title="bbox 331 2739 1839 2825; baseline 0.001 -19"><span class='ocrx_word' id='word_1_194' title='bbox 331 2763 363 2808; x_wconf 89' lang='lat' dir='ltr'>v.</span> <span class='ocrx_word' id='word_1_195' title='bbox 379 2743 429 2807; x_wconf 93' lang='grc'>10.</span> <span class='ocrx_word' id='word_1_196' title='bbox 442 2739 548 2808; x_wconf 86' lang='grc' dir='ltr'>Πᾶσαι</span> <span class='ocrx_word' id='word_1_197' title='bbox 564 2740 597 2805; x_wconf 87' lang='grc' dir='ltr'>αἱ</span> <span class='ocrx_word' id='word_1_198' title='bbox 612 2740 678 2806; x_wconf 80' lang='grc' dir='ltr'>ὁδοί</span> <span class='ocrx_word' id='word_1_199' title='bbox 693 2739 814 2825; x_wconf 83' lang='grc' dir='ltr'>Κυρίου</span> <span class='ocrx_word' id='word_1_200' title='bbox 829 2741 918 2819; x_wconf 81' lang='grc' dir='ltr'>ἔλεος</span> <span class='ocrx_word' id='word_1_201' title='bbox 936 2744 991 2806; x_wconf 84' lang='grc' dir='ltr'>καί</span> <span class='ocrx_word' id='word_1_202' title='bbox 1008 2741 1042 2806; x_wconf 83' lang='grc' dir='ltr'>ἀ·</span> <span class='ocrx_word' id='word_1_203' title='bbox 1131 2758 1162 2804; x_wconf 86' lang='lat' dir='ltr'>v.</span> <span class='ocrx_word' id='word_1_204' title='bbox 1181 2743 1232 2804; x_wconf 91' lang='lat'>10.</span> <span class='ocrx_word' id='word_1_205' title='bbox 1251 2741 1413 2807; x_wconf 73' lang='lat' dir='ltr'>Universa</span> <span class='ocrx_word' id='word_1_206' title='bbox 1426 2743 1487 2807; x_wconf 70' lang='lat' dir='ltr'>cic</span> <span class='ocrx_word' id='word_1_207' title='bbox 1498 2742 1641 2822; x_wconf 79' lang='lat' dir='ltr'>Domini,</span> <span class='ocrx_word' id='word_1_208' title='bbox 1658 2743 1839 2808; x_wconf 68' lang='lat' dir='ltr'>mnemor-</span> 
     </span>
     <span class='ocr_line' id='line_1_21' title="bbox 289 2843 1837 2932; baseline -0.001 -21"><span class='ocrx_word' id='word_1_209' title='bbox 289 2844 403 2930; x_wconf 88' lang='grc' dir='ltr'>λήθειοι</span> <span class='ocrx_word' id='word_1_210' title='bbox 417 2854 482 2924; x_wconf 79' lang='grc' dir='ltr'>τοῖς</span> <span class='ocrx_word' id='word_1_211' title='bbox 504 2845 673 2930; x_wconf 81' lang='grc' dir='ltr'>ἐκζητοῦσι</span> <span class='ocrx_word' id='word_1_212' title='bbox 688 2848 747 2932; x_wconf 83' lang='grc' dir='ltr'>τήν</span> <span class='ocrx_word' id='word_1_213' title='bbox 769 2843 925 2930; x_wconf 80' lang='grc' dir='ltr'>διαθήκην</span> <span class='ocrx_word' id='word_1_214' title='bbox 945 2847 1043 2910; x_wconf 77' lang='grc' dir='ltr'>αὐτοῦ</span> <span class='ocrx_word' id='word_1_215' title='bbox 1087 2844 1143 2909; x_wconf 77' lang='lat' dir='ltr'>dic</span> <span class='ocrx_word' id='word_1_216' title='bbox 1164 2849 1197 2910; x_wconf 80' lang='lat' dir='ltr'>ct</span> <span class='ocrx_word' id='word_1_217' title='bbox 1209 2847 1333 2911; x_wconf 74' lang='lat' dir='ltr'>ceritas</span> <span class='ocrx_word' id='word_1_218' title='bbox 1353 2845 1593 2929; x_wconf 66' lang='lat' dir='ltr'>requirentibus</span> <span class='ocrx_word' id='word_1_219' title='bbox 1613 2847 1837 2912; x_wconf 77' lang='lat' dir='ltr'>testamcutum</span> 
     </span>
     <span class='ocr_line' id='line_1_22' title="bbox 292 2948 1498 3034; baseline 0.002 -22"><span class='ocrx_word' id='word_1_220' title='bbox 292 2950 347 3014; x_wconf 83' lang='grc' dir='ltr'>καί</span> <span class='ocrx_word' id='word_1_221' title='bbox 362 2951 402 3014; x_wconf 86' lang='grc' dir='ltr'>τόι</span> <span class='ocrx_word' id='word_1_222' title='bbox 418 2948 572 3034; x_wconf 84' lang='grc' dir='ltr'>μαρτύρια</span> <span class='ocrx_word' id='word_1_223' title='bbox 587 2949 694 3014; x_wconf 81' lang='grc' dir='ltr'>αὐτοῦ.</span> <span class='ocrx_word' id='word_1_224' title='bbox 1087 2950 1158 3030; x_wconf 75' lang='lat' dir='ltr'>cjtts</span> <span class='ocrx_word' id='word_1_225' title='bbox 1173 2954 1206 3015; x_wconf 86' lang='lat' dir='ltr'>et</span> <span class='ocrx_word' id='word_1_226' title='bbox 1219 2951 1403 3015; x_wconf 67' lang='lat' dir='ltr'>testimonib</span> <span class='ocrx_word' id='word_1_227' title='bbox 1417 2952 1498 3031; x_wconf 78' lang='lat' dir='ltr'>ejus.</span> 
     </span>
    </p>

    <p class='ocr_par' dir='ltr' id='par_1_7' title="bbox 203 3051 1842 4388">
     <span class='ocr_line' id='line_1_23' title="bbox 333 3051 1842 3138; baseline -0.001 -21"><span class='ocrx_word' id='word_1_228' title='bbox 333 3051 526 3138; x_wconf 83' lang='grc' dir='ltr'>Ἐλεηθηναι</span> <span class='ocrx_word' id='word_1_229' title='bbox 541 3052 590 3118; x_wconf 82' lang='grc' dir='ltr'>δεῖ</span> <span class='ocrx_word' id='word_1_230' title='bbox 602 3051 763 3137; x_wconf 87' lang='grc' dir='ltr'>πρότερον,</span> <span class='ocrx_word' id='word_1_231' title='bbox 780 3055 831 3118; x_wconf 84' lang='grc' dir='ltr'>ίνα</span> <span class='ocrx_word' id='word_1_232' title='bbox 842 3074 887 3131; x_wconf 87' lang='grc' dir='ltr'>τις</span> <span class='ocrx_word' id='word_1_233' title='bbox 898 3055 957 3138; x_wconf 86' lang='grc' dir='ltr'>τήν</span> <span class='ocrx_word' id='word_1_234' title='bbox 969 3053 1041 3119; x_wconf 84' lang='grc' dir='ltr'>ὁδόν</span> <span class='ocrx_word' id='word_1_235' title='bbox 1129 3054 1357 3120; x_wconf 89' lang='lat' dir='ltr'>Misericordia</span> <span class='ocrx_word' id='word_1_236' title='bbox 1367 3055 1485 3119; x_wconf 91' lang='lat' dir='ltr'>donari</span> <span class='ocrx_word' id='word_1_237' title='bbox 1493 3055 1643 3137; x_wconf 89' lang='lat' dir='ltr'>primum</span> <span class='ocrx_word' id='word_1_238' title='bbox 1651 3055 1792 3136; x_wconf 82' lang='lat' dir='ltr'>oportet,</span> <span class='ocrx_word' id='word_1_239' title='bbox 1800 3057 1842 3116; x_wconf 91' lang='lat' dir='ltr'>ut</span> 
     </span>
     <span class='ocr_line' id='line_1_24' title="bbox 290 3153 1840 3243; baseline 0.001 -25"><span class='ocrx_word' id='word_1_240' title='bbox 290 3156 387 3219; x_wconf 84' lang='grc' dir='ltr'>αθτοῦ</span> <span class='ocrx_word' id='word_1_241' title='bbox 410 3153 536 3240; x_wconf 78' lang='grc' dir='ltr'>έπιθόις,</span> <span class='ocrx_word' id='word_1_242' title='bbox 560 3159 659 3235; x_wconf 82' lang='grc' dir='ltr'>οὕτως</span> <span class='ocrx_word' id='word_1_243' title='bbox 686 3156 736 3222; x_wconf 82' lang='grc' dir='ltr'>ἐπ’</span> <span class='ocrx_word' id='word_1_244' title='bbox 759 3159 859 3243; x_wconf 76' lang='grc' dir='ltr'>αθτήν</span> <span class='ocrx_word' id='word_1_245' title='bbox 885 3156 1040 3243; x_wconf 80' lang='grc' dir='ltr'>ἀφίκηται</span> <span class='ocrx_word' id='word_1_246' title='bbox 1087 3160 1163 3240; x_wconf 85' lang='lat' dir='ltr'>quis</span> <span class='ocrx_word' id='word_1_247' title='bbox 1176 3160 1268 3222; x_wconf 84' lang='lat' dir='ltr'>viam</span> <span class='ocrx_word' id='word_1_248' title='bbox 1280 3160 1419 3223; x_wconf 90' lang='lat' dir='ltr'>Domini</span> <span class='ocrx_word' id='word_1_249' title='bbox 1434 3161 1621 3240; x_wconf 84' lang='lat' dir='ltr'>ingressus,</span> <span class='ocrx_word' id='word_1_250' title='bbox 1633 3159 1682 3222; x_wconf 87' lang='lat' dir='ltr'>sic</span> <span class='ocrx_word' id='word_1_251' title='bbox 1693 3175 1753 3240; x_wconf 87' lang='lat' dir='ltr'>per</span> <span class='ocrx_word' id='word_1_252' title='bbox 1764 3175 1840 3221; x_wconf 84' lang='lat' dir='ltr'>eom</span> 
     </span>
     <span class='ocr_line' id='line_1_25' title="bbox 290 3259 1841 3346; baseline 0 -22"><span class='ocrx_word' id='word_1_253' title='bbox 290 3261 349 3346; x_wconf 86' lang='grc' dir='ltr'>τήν</span> <span class='ocrx_word' id='word_1_254' title='bbox 366 3259 526 3344; x_wconf 84' lang='grc' dir='ltr'>ἀλήθειαν.</span> <span class='ocrx_word' id='word_1_255' title='bbox 550 3259 593 3327; x_wconf 79' lang='grc' dir='ltr'>Αἱ</span> <span class='ocrx_word' id='word_1_256' title='bbox 607 3261 674 3327; x_wconf 81' lang='grc' dir='ltr'>ὁδοί</span> <span class='ocrx_word' id='word_1_257' title='bbox 696 3262 792 3326; x_wconf 74' lang='grc' dir='ltr'>αὐτοῦ</span> <span class='ocrx_word' id='word_1_258' title='bbox 816 3265 852 3327; x_wconf 87' lang='grc' dir='ltr'>οὐ</span> <span class='ocrx_word' id='word_1_259' title='bbox 867 3270 946 3326; x_wconf 88' lang='grc' dir='ltr'>πᾶσι</span> <span class='ocrx_word' id='word_1_260' title='bbox 960 3261 1041 3328; x_wconf 86' lang='grc' dir='ltr'>θευ-</span> <span class='ocrx_word' id='word_1_261' title='bbox 1090 3265 1268 3344; x_wconf 85' lang='lat' dir='ltr'>perveniat</span> <span class='ocrx_word' id='word_1_262' title='bbox 1282 3263 1325 3327; x_wconf 90' lang='lat' dir='ltr'>ad</span> <span class='ocrx_word' id='word_1_263' title='bbox 1344 3265 1533 3328; x_wconf 89' lang='lat' dir='ltr'>veritatem.</span> <span class='ocrx_word' id='word_1_264' title='bbox 1550 3264 1622 3327; x_wconf 78' lang='lat' dir='ltr'>via</span> <span class='ocrx_word' id='word_1_265' title='bbox 1643 3262 1717 3343; x_wconf 75' lang='lat' dir='ltr'>eius</span> <span class='ocrx_word' id='word_1_266' title='bbox 1733 3263 1841 3325; x_wconf 88' lang='lat' dir='ltr'>omni·</span> 
     </span>
     <span class='ocr_line' id='line_1_26' title="bbox 203 3364 1841 3452; baseline 0.001 -22"><span class='ocrx_word' id='word_1_267' title='bbox 203 3433 206 3440; x_wconf 69' lang='grc'><strong>,</strong></span> <span class='ocrx_word' id='word_1_268' title='bbox 289 3375 415 3450; x_wconf 86' lang='grc' dir='ltr'>ροῦνται</span> <span class='ocrx_word' id='word_1_269' title='bbox 430 3364 519 3444; x_wconf 87' lang='grc' dir='ltr'>έλεος</span> <span class='ocrx_word' id='word_1_270' title='bbox 534 3369 589 3432; x_wconf 84' lang='grc' dir='ltr'>καί</span> <span class='ocrx_word' id='word_1_271' title='bbox 605 3365 749 3452; x_wconf 78' lang='grc' dir='ltr'>ἀλήθεια,</span> <span class='ocrx_word' id='word_1_272' title='bbox 767 3365 852 3431; x_wconf 79' lang='grc' dir='ltr'>ἀλλὰ</span> <span class='ocrx_word' id='word_1_273' title='bbox 866 3366 930 3442; x_wconf 82' lang='grc' dir='ltr'>τοῖς</span> <span class='ocrx_word' id='word_1_274' title='bbox 945 3364 1041 3450; x_wconf 81' lang='grc' dir='ltr'>έκζη-</span> <span class='ocrx_word' id='word_1_275' title='bbox 1086 3368 1150 3432; x_wconf 89' lang='lat' dir='ltr'>bus</span> <span class='ocrx_word' id='word_1_276' title='bbox 1166 3385 1234 3431; x_wconf 92' lang='lat' dir='ltr'>non</span> <span class='ocrx_word' id='word_1_277' title='bbox 1247 3373 1328 3432; x_wconf 88' lang='lat' dir='ltr'>sunt</span> <span class='ocrx_word' id='word_1_278' title='bbox 1338 3369 1571 3433; x_wconf 87' lang='lat' dir='ltr'>misericordia</span> <span class='ocrx_word' id='word_1_279' title='bbox 1583 3374 1617 3432; x_wconf 91' lang='lat' dir='ltr'>et</span> <span class='ocrx_word' id='word_1_280' title='bbox 1628 3368 1765 3448; x_wconf 84' lang='lat' dir='ltr'>veritas,</span> <span class='ocrx_word' id='word_1_281' title='bbox 1780 3367 1841 3432; x_wconf 84' lang='lat' dir='ltr'>sed</span> 
     </span>
     <span class='ocr_line' id='line_1_27' title="bbox 288 3469 1840 3557; baseline -0.001 -23"><span class='ocrx_word' id='word_1_282' title='bbox 288 3480 376 3534; x_wconf 86' lang='grc' dir='ltr'>τοῦσι</span> <span class='ocrx_word' id='word_1_283' title='bbox 389 3472 448 3557; x_wconf 86' lang='grc' dir='ltr'>τήν</span> <span class='ocrx_word' id='word_1_284' title='bbox 470 3469 626 3557; x_wconf 76' lang='grc' dir='ltr'>διαθήκην</span> <span class='ocrx_word' id='word_1_285' title='bbox 642 3473 757 3536; x_wconf 82' lang='grc' dir='ltr'>αὐτοῦ·</span> <span class='ocrx_word' id='word_1_286' title='bbox 773 3473 815 3536; x_wconf 79' lang='grc' dir='ltr'>ὢν</span> <span class='ocrx_word' id='word_1_287' title='bbox 830 3491 877 3548; x_wconf 87' lang='grc' dir='ltr'>τις</span> <span class='ocrx_word' id='word_1_288' title='bbox 900 3470 991 3546; x_wconf 82' lang='grc' dir='ltr'>ἐκτὸς</span> <span class='ocrx_word' id='word_1_289' title='bbox 1007 3470 1039 3535; x_wconf 84' lang='grc' dir='ltr'>θ·</span> <span class='ocrx_word' id='word_1_290' title='bbox 1087 3471 1318 3553; x_wconf 77' lang='lat' dir='ltr'>quarentibus</span> <span class='ocrx_word' id='word_1_291' title='bbox 1338 3476 1580 3536; x_wconf 87' lang='lat' dir='ltr'>testamentum</span> <span class='ocrx_word' id='word_1_292' title='bbox 1597 3470 1686 3553; x_wconf 87' lang='lat' dir='ltr'>ejus:</span> <span class='ocrx_word' id='word_1_293' title='bbox 1710 3488 1768 3545; x_wconf 82' lang='lat' dir='ltr'>eas¹</span> <span class='ocrx_word' id='word_1_294' title='bbox 1783 3471 1840 3534; x_wconf 79' lang='lat' dir='ltr'>e&#39;x·</span> 
     </span>
     <span class='ocr_line' id='line_1_28' title="bbox 289 3574 1841 3662; baseline -0.001 -22"><span class='ocrx_word' id='word_1_295' title='bbox 289 3574 431 3660; x_wconf 81' lang='grc' dir='ltr'>πάρχιυν,</span> <span class='ocrx_word' id='word_1_296' title='bbox 448 3575 575 3661; x_wconf 82' lang='grc' dir='ltr'>ἄπειρός</span> <span class='ocrx_word' id='word_1_297' title='bbox 591 3577 658 3642; x_wconf 83' lang='grc' dir='ltr'>ἐστι</span> <span class='ocrx_word' id='word_1_298' title='bbox 672 3585 729 3662; x_wconf 77' lang='grc' dir='ltr'>της</span> <span class='ocrx_word' id='word_1_299' title='bbox 746 3574 963 3661; x_wconf 79' lang='grc' dir='ltr'>χρηστότητος</span> <span class='ocrx_word' id='word_1_300' title='bbox 986 3576 1040 3639; x_wconf 88' lang='grc' dir='ltr'>καί</span> <span class='ocrx_word' id='word_1_301' title='bbox 1088 3579 1142 3637; x_wconf 88' lang='lat' dir='ltr'>tro</span> <span class='ocrx_word' id='word_1_302' title='bbox 1168 3577 1197 3639; x_wconf 87' lang='lat' dir='ltr'>si</span> <span class='ocrx_word' id='word_1_303' title='bbox 1221 3577 1297 3656; x_wconf 86' lang='lat' dir='ltr'>quis</span> <span class='ocrx_word' id='word_1_304' title='bbox 1320 3577 1409 3658; x_wconf 87' lang='lat' dir='ltr'>ierit,</span> <span class='ocrx_word' id='word_1_305' title='bbox 1431 3575 1609 3641; x_wconf 84' lang='lat' dir='ltr'>fraudatur</span> <span class='ocrx_word' id='word_1_306' title='bbox 1631 3576 1782 3640; x_wconf 85' lang='lat' dir='ltr'>bonitate</span> <span class='ocrx_word' id='word_1_307' title='bbox 1805 3581 1841 3638; x_wconf 90' lang='lat' dir='ltr'>et</span> 
     </span>
     <span class='ocr_line' id='line_1_29' title="bbox 286 3676 1839 3765; baseline 0.001 -23"><span class='ocrx_word' id='word_1_308' title='bbox 286 3676 1041 3765; x_wconf 71' lang='grc' dir='ltr'>τοῦκόιλλουςτῶνκυριακῶνθδῶνἜκζητητέον</span> <span class='ocrx_word' id='word_1_309' title='bbox 1085 3682 1338 3762; x_wconf 87' lang='lat' dir='ltr'>pulchritudine</span> <span class='ocrx_word' id='word_1_310' title='bbox 1358 3683 1492 3746; x_wconf 86' lang='lat' dir='ltr'>viarum</span> <span class='ocrx_word' id='word_1_311' title='bbox 1508 3683 1653 3747; x_wconf 87' lang='lat' dir='ltr'>Domini.</span> <span class='ocrx_word' id='word_1_312' title='bbox 1681 3684 1839 3757; x_wconf 85' lang='lat' dir='ltr'>Quaeren-</span> 
     </span>
     <span class='ocr_line' id='line_1_30' title="bbox 288 3780 1840 3868; baseline 0.002 -22"><span class='ocrx_word' id='word_1_313' title='bbox 288 3782 344 3848; x_wconf 80' lang='grc' dir='ltr'>οὖν</span> <span class='ocrx_word' id='word_1_314' title='bbox 354 3783 413 3867; x_wconf 89' lang='grc' dir='ltr'>τήν</span> <span class='ocrx_word' id='word_1_315' title='bbox 425 3780 591 3868; x_wconf 88' lang='grc' dir='ltr'>διαθήκην,</span> <span class='ocrx_word' id='word_1_316' title='bbox 603 3781 643 3866; x_wconf 85' lang='grc' dir='ltr'>ήν</span> <span class='ocrx_word' id='word_1_317' title='bbox 655 3781 820 3867; x_wconf 73' lang='grc' dir='ltr'>ἐξαγαγὼν</span> <span class='ocrx_word' id='word_1_318' title='bbox 832 3781 870 3846; x_wconf 84' lang='grc' dir='ltr'>ἐκ</span> <span class='ocrx_word' id='word_1_319' title='bbox 881 3790 937 3868; x_wconf 81' lang='grc' dir='ltr'>της</span> <span class='ocrx_word' id='word_1_320' title='bbox 949 3801 1040 3845; x_wconf 89' lang='grc' dir='ltr'>πνευ-</span> <span class='ocrx_word' id='word_1_321' title='bbox 1085 3783 1167 3846; x_wconf 91' lang='lat' dir='ltr'>dum</span> <span class='ocrx_word' id='word_1_322' title='bbox 1190 3801 1272 3862; x_wconf 83' lang='lat' dir='ltr'>ergo</span> <span class='ocrx_word' id='word_1_323' title='bbox 1297 3790 1349 3849; x_wconf 87' lang='lat' dir='ltr'>est</span> <span class='ocrx_word' id='word_1_324' title='bbox 1370 3789 1623 3867; x_wconf 86' lang='lat' dir='ltr'>tastamentum,</span> <span class='ocrx_word' id='word_1_325' title='bbox 1648 3785 1738 3867; x_wconf 90' lang='lat' dir='ltr'>quod</span> <span class='ocrx_word' id='word_1_326' title='bbox 1761 3803 1840 3850; x_wconf 88' lang='lat' dir='ltr'>con·</span> 
     </span>
     <span class='ocr_line' id='line_1_31' title="bbox 289 3882 1839 3972; baseline 0.004 -24"><span class='ocrx_word' id='word_1_327' title='bbox 289 3893 424 3970; x_wconf 82' lang='grc' dir='ltr'>ματικής</span> <span class='ocrx_word' id='word_1_328' title='bbox 435 3882 607 3970; x_wconf 81' lang='grc' dir='ltr'>Αἰγύπτου,</span> <span class='ocrx_word' id='word_1_329' title='bbox 624 3884 753 3967; x_wconf 89' lang='grc' dir='ltr'>διέθετο,</span> <span class='ocrx_word' id='word_1_330' title='bbox 769 3883 893 3969; x_wconf 85' lang='grc' dir='ltr'>δηλαδή</span> <span class='ocrx_word' id='word_1_331' title='bbox 909 3892 967 3969; x_wconf 80' lang='grc' dir='ltr'>τῆς</span> <span class='ocrx_word' id='word_1_332' title='bbox 982 3905 1038 3948; x_wconf 90' lang='grc' dir='ltr'>πο-</span> <span class='ocrx_word' id='word_1_333' title='bbox 1083 3887 1196 3950; x_wconf 88' lang='lat' dir='ltr'>stituit</span> <span class='ocrx_word' id='word_1_334' title='bbox 1209 3905 1318 3968; x_wconf 93' lang='lat' dir='ltr'>quum</span> <span class='ocrx_word' id='word_1_335' title='bbox 1341 3904 1385 3951; x_wconf 81' lang='lat' dir='ltr'>ox</span> <span class='ocrx_word' id='word_1_336' title='bbox 1409 3891 1581 3972; x_wconf 85' lang='lat' dir='ltr'>spirituali</span> <span class='ocrx_word' id='word_1_337' title='bbox 1595 3893 1742 3972; x_wconf 82' lang='lat' dir='ltr'>AEgypto</span> <span class='ocrx_word' id='word_1_338' title='bbox 1760 3889 1839 3954; x_wconf 87' lang='lat' dir='ltr'>edu·</span> 
     </span>
     <span class='ocr_line' id='line_1_32' title="bbox 287 3987 1839 4078; baseline 0.004 -26"><span class='ocrx_word' id='word_1_339' title='bbox 287 3987 400 4054; x_wconf 90' lang='grc' dir='ltr'>λυθέου</span> <span class='ocrx_word' id='word_1_340' title='bbox 416 3987 549 4073; x_wconf 82' lang='grc' dir='ltr'>πλάνης,</span> <span class='ocrx_word' id='word_1_341' title='bbox 565 3989 607 4068; x_wconf 61' lang='lat' dir='ltr'>og</span> <span class='ocrx_word' id='word_1_342' title='bbox 629 3989 669 4054; x_wconf 81' lang='grc' dir='ltr'>ἂν</span> <span class='ocrx_word' id='word_1_343' title='bbox 683 3997 806 4076; x_wconf 79' lang='grc' dir='ltr'>γνῶμεν</span> <span class='ocrx_word' id='word_1_344' title='bbox 820 3989 875 4052; x_wconf 88' lang='grc' dir='ltr'>καί</span> <span class='ocrx_word' id='word_1_345' title='bbox 894 3990 953 4074; x_wconf 87' lang='grc' dir='ltr'>τήν</span> <span class='ocrx_word' id='word_1_346' title='bbox 967 4009 1037 4052; x_wconf 87' lang='grc' dir='ltr'>και·</span> <span class='ocrx_word' id='word_1_347' title='bbox 1086 3990 1147 4070; x_wconf 82' lang='lat' dir='ltr'>xit,</span> <span class='ocrx_word' id='word_1_348' title='bbox 1161 3992 1578 4078; x_wconf 82' lang='lat' dir='ltr'>nimirumapolytheismi</span> <span class='ocrx_word' id='word_1_349' title='bbox 1589 3995 1736 4075; x_wconf 81' lang='lat' dir='ltr'>fallacia,</span> <span class='ocrx_word' id='word_1_350' title='bbox 1748 3993 1839 4058; x_wconf 91' lang='lat' dir='ltr'>unde</span> 
     </span>
     <span class='ocr_line' id='line_1_33' title="bbox 288 4089 1839 4183; baseline 0.005 -28"><span class='ocrx_word' id='word_1_351' title='bbox 288 4091 346 4176; x_wconf 88' lang='grc' dir='ltr'>νήν</span> <span class='ocrx_word' id='word_1_352' title='bbox 369 4089 534 4176; x_wconf 83' lang='grc' dir='ltr'>διαθήκην,</span> <span class='ocrx_word' id='word_1_353' title='bbox 553 4091 593 4177; x_wconf 79' lang='grc' dir='ltr'>ἣν</span> <span class='ocrx_word' id='word_1_354' title='bbox 615 4090 802 4158; x_wconf 85' lang='grc' dir='ltr'>έθεόοιίυσεν</span> <span class='ocrx_word' id='word_1_355' title='bbox 825 4092 841 4156; x_wconf 83' lang='lat' dir='ltr'>d</span> <span class='ocrx_word' id='word_1_356' title='bbox 865 4093 971 4177; x_wconf 86' lang='grc' dir='ltr'>συτήρ</span> <span class='ocrx_word' id='word_1_357' title='bbox 987 4093 1035 4155; x_wconf 82' lang='lat' dir='ltr'>ai·</span> <span class='ocrx_word' id='word_1_358' title='bbox 1086 4110 1332 4174; x_wconf 81' lang='lat' dir='ltr'>cognoscamus</span> <span class='ocrx_word' id='word_1_359' title='bbox 1340 4097 1839 4183; x_wconf 85' lang='lat' dir='ltr'>novumquoquefoedus,qu0d</span> 
     </span>
     <span class='ocr_line' id='line_1_34' title="bbox 290 4192 1840 4283; baseline 0.005 -25"><span class='ocrx_word' id='word_1_360' title='bbox 290 4214 365 4280; x_wconf 89' lang='grc' dir='ltr'>μοιτι</span> <span class='ocrx_word' id='word_1_361' title='bbox 376 4192 674 4280; x_wconf 73' lang='grc' dir='ltr'>ἰδίῳ.Ἐκζητητέον</span> <span class='ocrx_word' id='word_1_362' title='bbox 685 4197 740 4260; x_wconf 85' lang='grc' dir='ltr'>καί</span> <span class='ocrx_word' id='word_1_363' title='bbox 752 4197 825 4272; x_wconf 85' lang='grc' dir='ltr'>τοὺς</span> <span class='ocrx_word' id='word_1_364' title='bbox 838 4214 1036 4280; x_wconf 87' lang='grc' dir='ltr'>μεμαρτυρη-</span> <span class='ocrx_word' id='word_1_365' title='bbox 1086 4199 1237 4264; x_wconf 85' lang='lat' dir='ltr'>firmavit</span> <span class='ocrx_word' id='word_1_366' title='bbox 1248 4203 1559 4283; x_wconf 82' lang='lat' dir='ltr'>propriosanguine</span> <span class='ocrx_word' id='word_1_367' title='bbox 1572 4205 1737 4268; x_wconf 82' lang='lat' dir='ltr'>Salvator.</span> <span class='ocrx_word' id='word_1_368' title='bbox 1745 4204 1840 4280; x_wconf 82' lang='lat' dir='ltr'>Quae·</span> 
     </span>
     <span class='ocr_line' id='line_1_35' title="bbox 293 4297 1839 4388; baseline 0.004 -24"><span class='ocrx_word' id='word_1_369' title='bbox 293 4298 404 4385; x_wconf 89' lang='grc' dir='ltr'>μένους</span> <span class='ocrx_word' id='word_1_370' title='bbox 419 4303 475 4366; x_wconf 86' lang='grc' dir='ltr'>καί</span> <span class='ocrx_word' id='word_1_371' title='bbox 493 4297 722 4388; x_wconf 84' lang='grc' dir='ltr'>έμιτνεομένους</span> <span class='ocrx_word' id='word_1_372' title='bbox 737 4297 791 4364; x_wconf 82' lang='grc' dir='ltr'>ὑπ’</span> <span class='ocrx_word' id='word_1_373' title='bbox 802 4299 899 4365; x_wconf 76' lang='grc' dir='ltr'>αυτοῦ</span> <span class='ocrx_word' id='word_1_374' title='bbox 913 4298 1036 4384; x_wconf 85' lang='grc' dir='ltr'>λόγους.</span> <span class='ocrx_word' id='word_1_375' title='bbox 1080 4303 1185 4367; x_wconf 87' lang='lat' dir='ltr'>reuda</span> <span class='ocrx_word' id='word_1_376' title='bbox 1200 4306 1303 4368; x_wconf 86' lang='lat' dir='ltr'>etiam</span> <span class='ocrx_word' id='word_1_377' title='bbox 1325 4311 1407 4370; x_wconf 88' lang='lat' dir='ltr'>sunt</span> <span class='ocrx_word' id='word_1_378' title='bbox 1420 4309 1615 4372; x_wconf 88' lang='lat' dir='ltr'>testimonia</span> <span class='ocrx_word' id='word_1_379' title='bbox 1645 4313 1680 4371; x_wconf 89' lang='lat' dir='ltr'>et</span> <span class='ocrx_word' id='word_1_380' title='bbox 1702 4308 1839 4372; x_wconf 88' lang='lat' dir='ltr'>oracula</span> 
     </span>
    </p>

    <p class='ocr_par' dir='ltr' id='par_1_8' title="bbox 1082 4409 1498 4492">
     <span class='ocr_line' id='line_1_36' title="bbox 1082 4409 1498 4492; baseline 0.01 -21"><span class='ocrx_word' id='word_1_381' title='bbox 1082 4409 1217 4473; x_wconf 86' lang='lat' dir='ltr'>coelitus</span> <span class='ocrx_word' id='word_1_382' title='bbox 1229 4410 1271 4473; x_wconf 94' lang='lat' dir='ltr'>ab</span> <span class='ocrx_word' id='word_1_383' title='bbox 1287 4411 1360 4492; x_wconf 89' lang='lat' dir='ltr'>ipso</span> <span class='ocrx_word' id='word_1_384' title='bbox 1376 4411 1498 4475; x_wconf 84' lang='lat' dir='ltr'>afflata.</span> 
     </span>
    </p>
   </div>
   <div class='ocr_carea' id='block_1_4' title="bbox 322 4612 1833 4773">
    <p class='ocr_par' dir='ltr' id='par_1_9' title="bbox 322 4612 1833 4773">
     <span class='ocr_line' id='line_1_37' title="bbox 322 4612 1833 4683; baseline 0.002 -16"><span class='ocrx_word' id='word_1_385' title='bbox 322 4612 371 4668; x_wconf 84' lang='lat' dir='ltr'>Ps.</span> <span class='ocrx_word' id='word_1_386' title='bbox 386 4629 473 4683; x_wconf 81' lang='lat' dir='ltr'>xxrv,</span> <span class='ocrx_word' id='word_1_387' title='bbox 485 4629 514 4671; x_wconf 80' lang='grc' dir='ltr'>ν.</span> <span class='ocrx_word' id='word_1_388' title='bbox 526 4613 553 4669; x_wconf 85' lang='lat'>4.</span> <span class='ocrx_word' id='word_1_389' title='bbox 564 4613 632 4671; x_wconf 77' lang='lat' dir='ltr'>Vct.</span> <span class='ocrx_word' id='word_1_390' title='bbox 644 4612 686 4668; x_wconf 84' lang='lat'>13.</span> <span class='ocrx_word' id='word_1_391' title='bbox 699 4613 721 4670; x_wconf 91' lang='lat' dir='ltr'><strong>J</strong></span> <span class='ocrx_word' id='word_1_392' title='bbox 722 4629 786 4669; x_wconf 81' lang='lat' dir='ltr'>oon</span> <span class='ocrx_word' id='word_1_393' title='bbox 799 4629 863 4682; x_wconf 80' lang='lat' dir='ltr'>xiv,</span> <span class='ocrx_word' id='word_1_394' title='bbox 876 4612 902 4667; x_wconf 78' lang='lat'>2.</span> <span class='ocrx_word' id='word_1_395' title='bbox 1080 4615 1189 4683; x_wconf 87' lang='grc' dir='ltr'>λόγους.</span> <span class='ocrx_word' id='word_1_396' title='bbox 1211 4612 1328 4671; x_wconf 77' lang='lat' dir='ltr'>Ultimis</span> <span class='ocrx_word' id='word_1_397' title='bbox 1346 4613 1411 4672; x_wconf 80' lang='lat' dir='ltr'>edd</span> <span class='ocrx_word' id='word_1_398' title='bbox 1432 4615 1531 4673; x_wconf 84' lang='lat' dir='ltr'>verbis</span> <span class='ocrx_word' id='word_1_399' title='bbox 1549 4613 1612 4670; x_wconf 90' lang='lat' dir='ltr'>cod.</span> <span class='ocrx_word' id='word_1_400' title='bbox 1632 4615 1666 4670; x_wconf 81' lang='lat'>13</span> <span class='ocrx_word' id='word_1_401' title='bbox 1687 4613 1784 4671; x_wconf 85' lang='lat' dir='ltr'>addit:</span> <span class='ocrx_word' id='word_1_402' title='bbox 1801 4615 1833 4670; x_wconf 90' lang='lat'>&#39;0</span> 
     </span>
     <span class='ocr_line' id='line_1_38' title="bbox 322 4699 1831 4773; baseline -0.001 -17"><span class='ocrx_word' id='word_1_403' title='bbox 322 4714 350 4756; x_wconf 82' lang='lat' dir='ltr'>v.</span> <span class='ocrx_word' id='word_1_404' title='bbox 370 4701 412 4755; x_wconf 90' lang='grc'>10.</span> <span class='ocrx_word' id='word_1_405' title='bbox 431 4701 497 4758; x_wconf 77' lang='lat' dir='ltr'>Vct.</span> <span class='ocrx_word' id='word_1_406' title='bbox 511 4701 545 4756; x_wconf 87' lang='grc'>16</span> <span class='ocrx_word' id='word_1_407' title='bbox 558 4701 607 4773; x_wconf 91' lang='lat' dir='ltr'>qui</span> <span class='ocrx_word' id='word_1_408' title='bbox 620 4701 651 4756; x_wconf 92' lang='lat' dir='ltr'>in</span> <span class='ocrx_word' id='word_1_409' title='bbox 664 4699 723 4756; x_wconf 84' lang='lat' dir='ltr'>fine</span> <span class='ocrx_word' id='word_1_410' title='bbox 735 4699 826 4756; x_wconf 79' lang='lat' dir='ltr'>habet</span> <span class='ocrx_word' id='word_1_411' title='bbox 837 4701 880 4755; x_wconf 72' lang='grc' dir='ltr'>ὑπ’</span> <span class='ocrx_word' id='word_1_412' title='bbox 891 4700 1036 4768; x_wconf 75' lang='grc' dir='ltr'>ἀνθρώπων</span> <span class='ocrx_word' id='word_1_413' title='bbox 1082 4703 1162 4766; x_wconf 75' lang='grc' dir='ltr'>αὐτὸς</span> <span class='ocrx_word' id='word_1_414' title='bbox 1179 4704 1286 4770; x_wconf 77' lang='grc' dir='ltr'>ῥύσαιτο</span> <span class='ocrx_word' id='word_1_415' title='bbox 1304 4703 1372 4770; x_wconf 82' lang='grc' dir='ltr'>Θεὸς</span> <span class='ocrx_word' id='word_1_416' title='bbox 1389 4705 1422 4757; x_wconf 84' lang='grc' dir='ltr'>έκ</span> <span class='ocrx_word' id='word_1_417' title='bbox 1439 4707 1530 4758; x_wconf 78' lang='grc' dir='ltr'>πασῶν</span> <span class='ocrx_word' id='word_1_418' title='bbox 1548 4707 1600 4758; x_wconf 79' lang='grc' dir='ltr'>τῶν</span> <span class='ocrx_word' id='word_1_419' title='bbox 1612 4705 1729 4772; x_wconf 81' lang='grc' dir='ltr'>θλίψεων</span> <span class='ocrx_word' id='word_1_420' title='bbox 1743 4703 1831 4757; x_wconf 69' lang='grc' dir='ltr'>αὑτοῦ.</span> 
     </span>
    </p>
   </div>
   <div class='ocr_carea' id='block_1_5' title="bbox 0 0 2026 6104">
    <p class='ocr_par' dir='ltr' id='par_1_10' title="bbox 0 0 2026 6104">
     <span class='ocr_line' id='line_1_39' title="bbox 0 0 2026 6104; baseline 0 0"><span class='ocrx_word' id='word_1_421' title='bbox 0 0 2026 6104; x_wconf 95' lang='lat' dir='ltr'> </span> 
     </span>
    </p>
   </div>
  </div>
 </body>
</html>
