4006 6090
728 461 771 525 IN
795 455 994 530 PSALIIUM
1016 464 1150 532 CXVIII
1634 475 1699 538 289

160 591 328 678 πληρῶσαι
338 593 394 672 τάς
406 593 535 672 ἐντολάς
546 615 613 677 σου,
626 594 734 682 Κύριε·
749 599 846 667 ὲλεῦν
858 622 909 687 μοι
952 605 998 668 sit
1015 608 1074 668 tua
1095 607 1236 688 implere
1258 613 1435 692 praecepta,
1458 611 1616 692 Domine;
1638 615 1699 677 nri·

158 695 215 760 καὲ
229 693 351 781 θσηθῶν
374 715 436 784 μοι,
453 695 551 784 ζησάν
574 720 612 786 μι
632 701 684 766 διὰ
706 711 762 789 της
777 703 906 789 χάριτός
951 711 1083 772 senatus
1105 713 1139 774 et
1160 712 1345 777 auxiliatus
1368 714 1462 794 mihi,
1481 714 1617 778 vivifiea
1639 733 1695 779 me

158 817 226 882 σου,
242 797 400 866 τουτέστιν
421 799 473 868 διὰ
486 802 543 880 τὰς
565 801 746 890 ὲπιφανείιις
763 816 819 872 τοῦ
834 806 907 873 iton
951 829 1011 892 per
1033 814 1180 890 gratiam
1204 819 1308 896 tuam,
1332 817 1366 881 id
1390 821 1441 880 est
1462 835 1523 898 per
1544 819 1623 882 Filii
1645 821 1697 882 tui
1745 797 1747 806 ’

157 921 226 966 σου.
249 901 350 968 -Ὁ
372 913 511 983 τοιοῦτος
533 906 567 971 ὲν
588 904 694 993 ἡμέρᾳ
715 911 767 975 διδι
788 911 905 988 παντὸς
951 915 1158 996 epiphanias.
1177 917 1378 998 Huiusmodi
1399 922 1452 983 vir
1474 939 1608 1003 semper
1630 939 1698 986 me·

162 1005 289 1092 μελετᾳ.
311 1005 381 1072 Οὐκ
402 1009 470 1074 εἰπε
499 1009 534 1074 δὲ
545 1031 561 1100 '.
574 1009 710 1096 ἐποίησα
735 1013 787 1078 τὸν
810 1014 904 1100 νόμον
950 1017 1086 1082 ditatur.
1101 1022 1145 1084 At
1159 1038 1226 1085 non
1247 1022 1346 1086 dixit:
1370 1022 1435 1088 ieci
1455 1025 1567 1103 Iegem
1588 1031 1696 1106 tuam,

157 1129 225 1193 σου,
249 1109 321 1176 ἀλλ’
330 1111 496 1197 ἠγάπησα
521 1113 720 1199 Τελειότερος
743 1118 804 1202 γάρ
830 1117 848 1204 ὁ
870 1116 903 1197 ἐξ
949 1124 1009 1188 sed
1029 1123 1140 1188 dileat.
1167 1125 1348 1190 Perfeetior
1373 1129 1464 1190 enim
1489 1131 1541 1191 est
1569 1130 1628 1210 qui
1653 1145 1695 1192 ex

159 1211 297 1300 ἀγάπης,
313 1214 385 1278 ἀλλ’
395 1217 454 1280 οὐκ
469 1216 612 1304 ἀνάγκης
627 1227 732 1285 ποιῶν.
758 1219 906 1288 Τοιοῦτον
950 1243 1073 1308 amore,
1086 1244 1154 1292 non
1169 1231 1367 1294 necessitate
1382 1232 1466 1310 agit.
1482 1233 1598 1296 Talem
1613 1249 1693 1296 vero

157 1317 194 1383 δὲ
208 1317 398 1404 άγαπησατι
413 1319 507 1406 νόμον
519 1321 730 1408 δικαιοσύνης,
742 1322 771 1386 οἱ
786 1321 905 1408 κρίνον-
949 1331 1061 1408 Iegem
1072 1330 1216 1411 justitia
1229 1333 1374 1413 diligite,
1388 1351 1448 1398 ros
1464 1335 1523 1416 qui
1530 1333 1693 1415 judioatis

157 1424 367 1509 τεςτηνγῆν.
953 1437 1089 1498 terram.

201 1538 266 1605 Καὶ
277 1540 344 1627 μετ’
351 1539 452 1628 ὀλίγοι
465 1540 630 1629 Δυνάμεθα
644 1553 726 1610 νοεῖν
737 1543 789 1610 τά·
800 1541 904 1630 Ὅλην
993 1538 1039 1602 Εἰ
1051 1542 1130 1620 poti
1142 1555 1260 1621 patm-
1277 1539 1366 1604 Illud
1389 1544 1455 1606 ίῦίῦ
1468 1540 1521 1606 die
1534 1539 1697 1606 meditatio

156 1645 216 1729 την
236 1641 360 1729 ἡμέραν
383 1644 497 1732 μελάτη
515 1647 573 1731 μού
596 1647 690 1733 ἐστιν,
705 1647 739 1714 ἐν
761 1648 824 1733 δλῳ
846 1657 904 1734 της
949 1657 1019 1706 mea
1033 1645 1090 1721 eat,
1106 1659 1285 1723 possumus
1300 1645 1493 1724 intelligere
1509 1645 1544 1708 in
1566 1646 1698 1709 tutavi·
1721 1688 1723 1696 ‚

157 1747 242 1833 ζωης
258 1769 317 1834 μου
332 1748 445 1835 χρόνῳ,
461 1749 627 1837 πολλαχοῦ
641 1753 703 1837 γὰρ
717 1752 735 1816 ὁ
750 1761 812 1830 πᾶς
827 1752 901 1839 χρῦ.
950 1749 992 1809 tre
1003 1750 1126 1810 uostrae
1145 1751 1304 1829 tempore.
1320 1751 1526 1832 Frequenter
1542 1751 1634 1814 enim
1648 1754 1696 1812 te

157 1871 210 1928 νος
224 1861 280 1938 της
296 1851 380 1936 (aar
401 1853 649 1938 τῶν-ἀνθρώπιον
669 1854 775 1941 ἡμέρα
793 1856 900 1922 καλεῖ.
949 1852 1022 1911 tum
1037 1851 1117 1914 'vitae
1132 1850 1316 1930 hominum¹
1330 1857 1474 1935 tempus,
1489 1853 1561 1917 dies
1583 1853 1696 1934 appel·

158 1973 220 2036 ται,
237 1953 279 2032 ὡς
293 1955 327 2021 ἐν
341 1965 397 2042 τῷ·
412 1956 477 2022 Καὶ
488 1959 525 2022 σὲ
539 1956 691 2044 θπὲμιινα
705 1960 783 2043 δλην
793 1961 852 2045 τὴν
863 1958 900 2044 ἡ.
948 1954 1049 2034 latur,
1065 1957 1104 2018 ut
1118 1953 1180 2018 ibi:
1199 1977 1216 2016 ιι
1232 1958 1276 2020 Et
1293 1961 1327 2020 te
1341 1958 1490 2022 sustinui
1500 1962 1572 2022 tata
1586 1958 1651 2038 die,
1675 1978 1694 2017 α

158 2055 266 2144 μέραν,
281 2061 336 2124 καὶ
350 2060 405 2125 τό·
419 2055 540 2129 'Eventu
555 2082 612 2126 σου
629 2061 853 2150 θανατούμεθα
868 2065 899 2129 ὅ-
949 2060 983 2121 et
1004 2059 1125 2123 illiczr
1149 2059 1288 2141 Propter
1301 2065 1335 2124 te
1362 2061 1605 2126 mortificamur
1621 2065 1693 2126 tota

159 2159 439 2250 ληνπηνὴμέραν.
950 2159 1051 2224 die.»

202 2286 233 2334 v.
250 2271 303 2352 98,
315 2271 368 2335 99.
380 2268 474 2354 Ὑπὲρ
489 2272 562 2348 τοὺς
577 2269 709 2356 ἐχθρούς
725 2292 783 2356 μου
795 2271 898 2358 ὲσδρι-
989 2283 1023 2328 V·
1047 2267 1098 2346 98,
1122 2269 1174 2330 99.
1189 2267 1295 2348 Super·
1316 2267 1465 2334 iuimicus
1477 2285 1563 2334 οιοοσ
1583 2285 1695 2350 sapere

158 2369 217 2450 σάς
234 2391 272 2458 μι
287 2375 345 2458 την
367 2372 499 2458 ἐντολήν
515 2395 581 2458 σου,
605 2374 651 2439 δτι
666 2376 711 2453 εἰς
733 2377 786 2442 τὸν
801 2377 901 2442 αἰῶνα
946 2385 995 2434 να
1010 2368 1129 2453 fecisti
1155 2372 1254 2454 ῐσραοι
1268 2377 1367 2452 tuna,
1383 2373 1463 2455 quie
1482 2375 1521 2437 ιἰι
1541 2378 1694 2438 aternum

157 2474 218 2561 ὲμή
235 2477 329 2541 ὲστιν.
345 2475 439 2562 Ὑπὲρ
461 2476 581 2555 πάντας
596 2479 669 2556 τοὺς
691 2477 899 2559 διδασκάλους
946 2489 1016 2539 tm
1037 2478 1094 2539 est·
1109 2475 1214 2558 Super
1227 2492 1334 2541 omme
1350 2475 1493 2542 docentes
1507 2493 1556 2542 me
1569 2476 1694 2542 intelle·

156 2588 290 2665 συνῆκα,
313 2580 362 2645 ὅτι
382 2583 423 2645 τά
446 2581 599 2668 μαρτύριά
621 2603 679 2648 σου
703 2582 817 2670 μελέτη
842 2585 902 2672 μού
946 2578 993 2658 πί,
1022 2579 1101 2660 quia
1133 2580 1302 2646 ἰσῦίιπῦπιλῦ
1323 2580 1486 2646 mutilatio
1507 2597 1577 2646 meu
1590 2583 1648 2647 est.

160 2683 254 2749 ὲστιν.
456 2717 458 2722 ·

198 2787 305 2855 Εἰπὼν
320 2789 398 2874 ὑπὲρ
414 2791 486 2868 τοὺς
502 2789 633 2877 ἐχθρούς
657 2811 726 2877 μου,
742 2791 850 2877 ἐχθροὶ
865 2792 901 2857 δὲ
990 2788 1099 2869 supra
1120 2788 1268 2854 inimicos
1281 2805 1375 2868 meos,
1401 2789 1459 2854 ait.
1479 2789 1613 2852 Inimici
1635 2773 1694 2852 n'o·

152 2889 244 2978 ἡμῶν
259 2892 382 2974 ἐκεῖνοι,
399 2893 428 2958 οἱ
438 2895 566 2979 ἔχοντες
577 2893 675 2980 ζηλον
686 2894 780 2978 Θεοῦ,
793 2895 902 2960 ἀλλὀδ
947 2893 1009 2956 stri
1025 2891 1077 2955 illi
1091 2896 1174 2957 sunt
1187 2892 1246 2974 qui
1269 2893 1379 2956 zelum
1394 2892 1455 2956 Dei
1478 2892 1614 2972 habent
1632 2891 1692 2956 sed

153 2997 239 3061 κατά
260 2993 444 3082 ὲπίγνιυσιν·
466 2995 594 3064 ἐκείνων
616 2999 651 3064 δὲ
676 2999 759 3083 ἠσαν
785 3003 840 3065 καὶ
866 2999 898 3065 αἱ
946 3011 1015 3060 non
1030 2995 1216 3061 secundum
1231 2997 1425 3061 seientiam:
1452 2995 1603 3059 «horum
1619 2995 1694 3077 qui·

152 3101 282 3186 γραφαὶ,
298 3102 353 3166 καὶ
368 3109 486 3185 πρῶτοι
507 3102 735 3187 ἐπιστεύθησαν
751 3104 791 3168 τά
806 3102 899 3188 λόγια
948 3099 1024 3164 dem
1040 3107 1138 3165 erant
1153 3102 1346 3184 Scriptura,
1362 3103 1530 3184 atquibus
1547 3103 1694 3184 primum

151 3212 208 3269 τοῦ
223 3201 318 3287 Θεοῦ,
340 3207 396 3269 παὶ
417 3205 531 3271 ἐκεῖνοι
550 3205 580 3271 οἱ
595 3207 779 3273 διδάσκαλοι
801 3209 899 3293 ὲπαγ-
946 3205 1081 3284 eloquin
1100 3205 1162 3268 Dei
1184 3206 1364 3270 eommIssa
1388 3209 1518 3269 suntra
1544 3187 1603 3288 q'ui
1625 3207 1692 3287 pri·

152 3305 321 3392 γάλλονται
341 3308 514 3394 γεγονέναι,
538 3311 594 3375 ἅτε
616 3320 734 3395 πρῶτοι
755 3311 899 3397 παραλα-
945 3324 1041 3370 munt
1059 3308 1154 3372 missi
1168 3313 1250 3372 sunt
1264 3313 1303 3373 ut
1318 3307 1440 3373 fierent
1454 3311 1629 3390 magistri3
1653 3314 1692 3373 ut

154 3410 262 3490 δόντες
284 3411 378 3498 νόμον
399 3416 455 3478 καὶ
475 3412 659 3499 προφήτας·
680 3413 771 3501 ἡμεῖς
793 3425 848 3482 νῦν
870 3417 899 3481 οἱ
947 3412 1008 3492 qni
1030 3412 1124 3492 prius
1148 3417 1343 3493 receperant
1364 3413 1477 3492 legem
1493 3420 1527 3476 et
1548 3414 1690 3496 prophe

152 3514 217 3580 ἀπδ
231 3517 293 3581 τῶν
306 3516 402 3582 ὲθνῦν
417 3514 568 3602 λὲγομεν·
583 3513 677 3602 Ὑπὲρ
692 3518 812 3594 πάντας
822 3520 895 3596 τοὺς
946 3519 1009 3578 tas.
1032 3516 1099 3578 Nos
1114 3531 1194 3578 vero
1209 3533 1301 3580 nune
1315 3533 1357 3579 ex
1373 3515 1535 3594 gentibus
1550 3519 1625 3597 orti,
1641 3517 1690 3580 di·

143 3619 358 3698 ’διδάσκοντάς
381 3640 420 3705 με
435 3629 567 3707 αινηκα.
591 3618 649 3685 Διδι
670 3620 701 3686 τί
722 3618 774 3705 δὲ,
798 3621 844 3685 δτι
859 3622 900 3686 τά
946 3619 1071 3682 aimus:
1099 3620 1204 3700 Super
1225 3635 1330 3684 οιινιισι
1355 3619 1497 3686 docentes
1520 3637 1570 3686 ιιια
1592 3621 1687 3686 iutel-

151 3722 307 3810 μαρτῦριά
318 3745 375 3789 σου
387 3723 503 3810 μελέτη
516 3723 575 3810 μού
590 3724 684 3791 ἐστιν.
696 3720 783 3790 -Ὁ
794 3725 900 3791 πάντα
945 3723 1020 3789 lesi.
1038 3726 1081 3786 At
1103 3739 1170 3804 quo
1186 3722 1306 3788 modo?
1324 3725 1407 3800 Quia
1428 3723 1611 3789 testimonia
1624 3741 1687 3789 πισ-

150 3829 236 3893 ιιατδι
251 3826 346 3914 νόμον
360 3830 416 3893 καὶ
429 3825 530 3914 λέγων
544 3829 599 3893 παὶ
614 3828 767 3914 πράττων,
781 3827 897 3915 μιλετμ
944 3827 1060 3893 turtio
1074 3843 1145 3892 mea
1160 3829 1217 3891 est.
1230 3828 1295 3903 Qui
1311 3829 1403 3891 enim
1418 3827 1532 3890 omnia
1547 3826 1628 3890 Iaeit
1642 3846 1692 3892 se·

152 3934 206 3996 τδν
221 3931 317 4018 νόμον
332 3941 388 3997 τοῦ
403 3930 495 3999 Θεοῦ.
945 3929 1095 3994 cundum
1112 3931 1235 4010 legem,
1248 3931 1360 4010 legem
1376 3931 1438 3994 Dei
1453 3931 1646 3996 meditatur.

193 4055 227 4100 ν.
247 4037 320 4100 100.
340 4033 435 4120 Ὑπὲρ
457 4033 683 4120 πρεσδυτὲρους
705 4044 838 4121 συνῆκα,
853 4037 901 4100 δτι
988 4053 1020 4098 ν.
1035 4035 1106 4098 100.
1118 4035 1223 4116 &aper
1235 4034 1492 4114 οειιοπὶαάοῖὶοαί,
1509 4034 1588 4117 quia
1598 4051 1689 4100 αισα-

150 4141 208 4219 τάς
224 4139 353 4218 ἐντολάς
368 4161 425 4205 σου
440 4140 628 4226 ὲξεζήαησα.
943 4138 1020 4204 dam
1035 4139 1277 4220 maruntii.

195 4243 233 4311 Ὁ
249 4244 351 4311 Ἠσαῦ
373 4244 580 4330 πρεσδύτερος
601 4245 643 4332 ην
664 4255 720 4310 τοῦ
735 4242 896 4329 'Ianuari
987 4243 1079 4307 Esau
1092 4244 1206 4306 senior
1227 4243 1352 4307 tanobo
1368 4246 1450 4323 erat,
1466 4242 1509 4306 ad
1532 4243 1622 4306 Esau
1637 4261 1688 4307 re·

150 4346 280 4434 εδλοηία
295 4346 443 4413 άπὲκειτο
466 4357 509 4434 τῷ
525 4346 637 4430 Ἡσαῦ,
653 4351 708 4414 καὶ
730 4348 752 4434 ἡ
770 4347 898 4434 εδλοηία
942 4351 1077 4410 servata
1090 4347 1280 4410 benedictio
1295 4347 1369 4427 fuit,
1385 4347 1427 4410 ad
1443 4348 1534 4411 Esau
1549 4349 1689 4428 promis·

150 4463 207 4518 τοῦ
229 4452 433 4537 εῦλογυῦντος
455 4453 578 4536 εἴρηται
599 4454 676 4537 πρὸς
701 4454 755 4518 τὸν
776 4451 897 4535 Ἠσαῦ,
942 4468 980 4516 sa
1005 4451 1072 4515 fuit
1098 4449 1288 4514 benedictio
1313 4449 1553 4530 benedicentis,
1579 4467 1689 4531 usque

150 4555 209 4634 ἕιυς
220 4556 341 4633 ὲκεϊνος
352 4555 716 4643 ὲξηλθεν.Ἐνεδυοάμην
727 4566 783 4622 τοῦ
795 4555 897 4622 ‘Huni
942 4555 1024 4618 dum
1040 4555 1097 4618 iile
1113 4555 1228 4617 exivit.
1251 4557 1326 4634 Ego
1341 4557 1451 4618 vestes
1466 4556 1557 4619 Esau
1573 4553 1687 4618 indui:

150 4660 192 4723 τὰ
203 4657 322 4745 ἱμάτια·
335 4657 464 4744 ὲξηλθεν
475 4659 537 4744 γάρ
549 4658 667 4737 ἐκεῖνος
679 4657 896 4745 ὲπὶτάθηρία,
942 4659 1049 4722 exivit
1062 4658 1154 4721 euim
1169 4659 1243 4738 iste,
1258 4657 1346 4722 ieras
1366 4664 1563 4740 venaturus,
1579 4660 1688 4738 negli-

184 4851 212 4890 v.
225 4833 269 4902 98,
282 4833 317 4888 99
329 4833 396 4890 Vat
409 4833 435 4904 5,
447 4835 473 4890 ii.
486 4833 572 4889 Rom.
584 4849 629 4904 ιιι,
641 4834 667 4888 9.
941 4827 1065 4900 raeedit;
1078 4828 1262 4902 rhythmicus
1274 4827 1352 4884 enirn
1364 4835 1417 4899 est,
1430 4832 1569 4886 metricus
1581 4847 1685 4904 prope·

182 4921 219 4976 V.
239 4919 298 4974 100.
311 4920 378 4976 Vat.
391 4921 417 4990 6,
430 4919 455 4990 9,
469 4920 511 4989 11,
524 4918 575 4991 qui
592 4917 721 4989 Origeni,
741 4934 779 4974 ne
801 4917 896 4974 diuam
941 4916 1067 4986 modurn,
1080 4931 1135 4971 nee
1153 4914 1216 4970 sine
1235 4932 1340 4972 αισειιιο
1359 4916 1542 4988 allegoricus,
1555 4933 1622 4973 eum
1638 4935 1690 4973 na·

146 5003 312 5062 senioribus
322 5003 539 5076 Alexandrinis,
555 5002 716 5059 restituunt
733 5004 898 5075 elegantem
941 5003 1005 5060 tIva
1029 4999 1157 5072 quadum
1180 5005 1314 5059 veterum
1335 5001 1480 5058 libertate.
1505 5003 1638 5076 Abrupta
1660 5009 1691 5060 et

145 5095 278 5162 δξηγησιν,
287 5107 374 5162 qnam
383 5107 528 5164 anonymo
537 5105 591 5146 sno
599 5089 720 5161 reliquit
729 5088 895 5148 Gor-derina.
940 5103 1022 5144 more
1031 5085 1687 5148 dramaticodosniuctseues.xxvrr.1tom.

146 5176 410 5236 Sanetotusloaus
423 5176 460 5233 ab
471 5175 570 5234 indole
583 5181 614 5234 et
627 5174 746 5248 iugenio
759 5176 896 5249 Origenis
942 5191 989 5246 111,
999 5174 1041 5230 15.
1771 5181 1774 5186 '

229 5283 382 5329 ιιιιιαοιι
401 5284 444 5346 ιιι,
467 5269 503 5322 tt
