4036 6090
800 435 843 496 IN
866 433 1052 496 Psaauos

695 697 702 712 '
740 695 911 774 Psalmus
934 694 1116 773 LXXII.

200 947 231 990 v.
261 927 289 989 1.
316 921 373 1002 Ὦς
398 922 517 1009 ἀγαθὸς
543 932 586 1009 τῷ
609 922 741 1008 Ἰσραήλ
767 924 785 988 δ
813 923 906 1002 Θεύς.
993 947 1024 990 v.
1043 928 1071 990 l.
1093 929 1196 1004 Quam
1210 927 1309 997 tonus
1323 932 1412 996 Dens
1420 932 1540 1013 ροραίο
1554 935 1666 999 Israel
1672 941 1685 995 ι

165 1032 329 1218 ιαδαερὶῗτδς
341 1031 498 1217 211ριστοῠ
528 1134 568 1197 τὰ
593 1133 804 1199 πιστεύσαντα
829 1133 904 1218 ἐθνη
996 1135 1120 1198 Christi
1152 1135 1284 1202 fructus
1306 1143 1387 1202 sunt
1408 1141 1524 1222 populi
1549 1143 1608 1222 qui
1630 1162 1700 1206 cre·

153 1239 209 1302 καῑ
231 1236 394 1322 ύψωθέντα
415 1237 466 1302 ἐπὶ
493 1235 661 1323 θεοσεδείρι
682 1239 760 1322 ὑπὲρ
783 1240 836 1305 τὸν
863 1237 903 1308 Ἰ-
949 1239 1045 1319 dunt,
1068 1243 1103 1302 et
1124 1242 1360 1322 provehuntur
1383 1245 1534 1307 divinam
1557 1246 1600 1310 ad
1623 1249 1699 1310 reli-

157 1340 272 1426 σραήλ.
946 1345 1095 1424 gionem,
1110 1344 1302 1426 posthabito
1318 1349 1432 1410 Israel.

198 1466 229 1510 ν.
247 1447 277 1509 2.
292 1443 392 1530 Ἐμού
406 1445 443 1511 δέ
457 1447 544 1530 παρά
561 1447 670 1531 μικρὸν
685 1446 903 1531 ἐσαλεύθησαν
990 1467 1023 1511 ν.
1040 1449 1071 1512 2.
1087 1451 1155 1516 Mei
1169 1455 1277 1515 autem
1284 1467 1368 1530 pecc
1389 1453 1469 1518 moti
1489 1460 1567 1520 sont
1582 1455 1691 1536 pedes,

153 1549 183 1614 οί
198 1549 301 1632 πόδες,
324 1551 400 1637 παρ’
411 1545 517 1636 ὀλίγον
539 1551 672 1638 ἐξεχύθη
688 1553 729 1617 τά
751 1550 904 1640 διαδήμα-
942 1552 1045 1634 paulo
1060 1556 1171 1621 minus
1186 1554 1286 1638 effusi
1300 1561 1377 1621 sont
1387 1573 1522 1639 gressus
1536 1559 1608 1622 mei.

155 1653 304 1837 τάΠλθδιολς
318 1759 354 1824 δέ
361 1761 416 1824 καὶ
427 1757 608 1846 διαδήματα
618 1762 690 1837 τοὺς
702 1759 904 1845 ύπεριδδντας
993 1760 1094 1826 Pedes
1112 1765 1226 1825 autem
1239 1765 1273 1824 et
1290 1779 1425 1844 ρντυτατ
1439 1765 1623 1843 allegorice
1634 1785 1690 1830 vo-

155 1865 212 1948 τὴν
220 1861 380 1929 εύσέδειαν
389 1863 558 1948 λογισμούς
566 1864 661 1928 καλεῖ
669 1873 901 1948 τροπικῶςκα-
948 1870 1003 1930 cat
1026 1868 1243 1947 tentationes,
1267 1883 1342 1948 quae
1361 1867 1567 1931 labefactant
1588 1872 1694 1951 pieta-

152 1969 193 2031 τά
207 1973 264 2050 τῆς
280 1965 418 2044 διανοίας
432 1966 592 2053 κινήματα
614 1969 669 2032 καί
691 1966 898 2052 διανοήματα,
945 1974 1025 2050 tem,
1037 1970 1079 2033 ob
1091 1972 1216 2034 mentis
1233 1971 1365 2034 scilicet
1380 1976 1492 2036 motus
1511 1977 1545 2036 et
1565 1975 1695 2052 cogita·
1823 2033 1824 2036 ,

152 2071 232 2154 άπερ
251 2070 398 2157 ἐχέονται
415 2073 469 2136 καὶ
483 2082 683 2157 χαυνοῦνται,
700 2072 775 2137 δταν
791 2073 842 2138 ἐπὶ
864 2076 900 2138 τὸ
945 2079 1011 2155 tus,
1024 2076 1084 2155 qui
1096 2073 1319 2139 effunduntur
1331 2077 1692 2158 etvacillant,quaudo

152 2184 260 2258 χεῖρον
268 2174 436 2259 τράπωσιν.
446 2175 584 2259 Τοιαύτη
594 2175 614 2260 ἡ
623 2177 702 2262 γυνή
711 2174 902 2242 Λύττοιού-
945 2180 988 2243 ad
1000 2180 1169 2244 deteriora
1182 2184 1348 2258 vergunt:
1362 2181 1473 2261 qualis
1486 2184 1559 2244 erat
1569 2182 1693 2244 mulier

150 2279 228 2356 τοςδ
240 2278 397 2345 ἐπιδαλὼν
409 2281 466 2364 τήν
478 2281 572 2366 χείρα
584 2281 680 2346 abaco
692 2279 743 2344 ἐπ’
754 2283 900 2367 ἄροτρον,
946 2283 1046 2363 Loth;
1062 2284 1173 2366 qualis
1186 2285 1243 2347 ille
1258 2285 1347 2364 «qui
1362 2300 1467 2365 quum
1480 2303 1620 2348 manum
1631 2287 1694 2348 mi·

151 2387 206 2448 καὶ
217 2387 364 2469 στραφεὶς
375 2385 419 2462 είς
430 2385 470 2449 τά
481 2383 592 2449 δπύσω·
607 2393 741 2449 τοιοῦτοι
752 2385 781 2449 οἱ
792 2387 901 2452 πεσόν-
944 2391 1029 2452 serit
1042 2390 1084 2453 ad
1099 2391 1261 2468 aratrum,
1277 2393 1394 2470 postea
1409 2407 1565 2454 reversus
1581 2394 1633 2454 est
1644 2409 1695 2453 re-

149 2509 201 2566 τες
216 2489 250 2554 ἐν
265 2499 304 2575 τη
320 2488 438 2576 ἐρήμῳ.
454 2482 525 2555 Ἵνα
535 2490 571 2554 δέ
586 2488 728 2575 φοβηθῇς
743 2490 901 2577 ἐκχέοντα
944 2497 1118 2557 trorsum»
1131 2515 1138 2572 ;
1153 2495 1270 2575 quales
1286 2495 1338 2557 illi
1354 2495 1413 2574 qui
1436 2496 1471 2557 iu
1487 2495 1620 2558 deserto
1642 2514 1694 2558 ce·

148 2591 341 2678 διαύήματα,
358 2595 455 2659 άκουε
471 2602 526 2658 τοῦ
548 2594 583 2659 ἐν
602 2602 646 2678 τῷ
660 2589 820 2680 Ἱεζεχιήλ
834 2594 900 2662 Κυ-
943 2599 1110 2662 ciderunt.
1123 2598 1544 2662 Undeautemreformides
1554 2615 1693 2676 gressus

70 2713 76 2718 ·
149 2695 217 2782 ρίου
231 2697 396 2783 λέγοντος·
411 2697 548 2779 Δίκαιος,
563 2698 619 2764 ἐάν
635 2697 819 2784 ἀποστρέψῃ
836 2699 899 2764 ἀπὸ
943 2700 1076 2781 effusos,
1103 2702 1183 2764 audi
1205 2703 1296 2782 apud
1318 2702 1530 2766 Ezechielem
1554 2703 1712 2790 Domini

98 2799 106 2816 “
147 2812 209 2869 τῶν
223 2805 427 2869 δικαιοσυνῶν
449 2805 555 2886 αὐτού,
571 2811 671 2867 πᾶσαι
686 2804 719 2867 αί
734 2799 898 2869 ’δικαιοσύ-
941 2823 1148 2870 sermonem:
1167 2809 1318 2870 «Justus
1340 2807 1370 2869 si
1392 2824 1572 2888 perversus
1587 2806 1692 2871 fuerit

87 2971 90 2980 ,
146 2929 198 2973 ναι
213 2908 320 2990 αὐτοῦ,
343 2907 381 2985 ἃς
397 2905 554 2993 ἐποίησεν,
575 2908 612 2972 ού
636 2910 678 2993 μή
703 2906 898 2992 μνησθήσον-
942 2927 962 2972 a
970 2908 1116 2990 justitiis
1127 2910 1210 2989 suis,
1222 2927 1338 2974 omncs
1350 2911 1444 2975 illius
1452 2909 1596 2991 justitia
1608 2930 1693 2993 quas

42 3019 46 3034 '
148 3033 210 3077 ται.
232 3012 322 3090 Τινὲς
337 3014 399 3099 γάρ
414 3011 447 3077 ἐν
463 3010 599 3096 ἀσκήσει
619 3014 673 3077 καὶ
695 3011 812 3090 πάσαις
828 3013 899 3097 αρε·
945 3011 1110 3093 fecit,uou
1123 3015 1403 3079 memorabuntur
1414 3017 1696 3098 amplius».Non·

147 3127 216 3194 ταῖς
232 3117 475 3204 διαλάμψαντος,
492 3119 621 3201 ὕστερον
636 3117 838 3203 ύπεούρησαν
856 3120 900 3194 είς
944 3120 1031 3181 nulli
1045 3120 1146 3198 enim,
1156 3118 1227 3199 jam
1244 3121 1350 3183 ascesi
1363 3125 1397 3182 et
1413 3121 1545 3184 cunctis
1560 3121 1696 3183 virtuti-

150 3221 217 3308 βίον
225 3222 433 3308 χαυνύτερον.
442 3222 534 3310 Πλήν
545 3223 618 3308 ἐγὼ,
627 3225 731 3309 φησὶν,
740 3225 799 3288 οὐκ
810 3222 901 3289 ῶλίσ-
943 3222 1007 3286 bus
1022 3222 1275 3304 praefulgentes,
1288 3227 1456 3305 postremo
1470 3224 1601 3306 abrepti
1614 3227 1696 3288 sunt

146 3327 246 3413 θην,ή
259 3330 320 3414 γάρ
332 3329 370 3393 ἂν
382 3327 654 3411 άπωλύλην,άλλά
667 3349 718 3414 μοι
729 3327 897 3395 κατευθύν-
944 3329 979 3390 in
1003 3330 1096 3390 viam
1118 3329 1230 3405 magis
1248 3327 1425 3390 lubricam.
1441 3331 1600 3390 Attamen
1619 3345 1695 3407 ego,

148 3433 188 3516 θη
213 3434 253 3497 τα
267 3434 352 3497 κατά
371 3432 452 3499 Θεὸν
474 3429 665 3518 διαδήματα,
682 3434 725 3518 μή
742 3431 816 3517 παρ’
831 3431 898 3497 δλί-
942 3433 1065 3513 iuquit,
1095 3449 1163 3495 non
1178 3434 1294 3512 lapsus
1316 3449 1403 3510 sum,
1420 3432 1523 3494 immo
1546 3449 1614 3494 uon
1638 3433 1693 3494 de·
1745 3449 1749 3454 ·

147 3555 215 3620 γον,
229 3535 302 3620 μηδ’
310 3535 391 3613 δλως
401 3534 593 3621 ἐκχεύμενα·
609 3538 690 3600 ούτω
703 3535 898 3602 τῶνοίκείων
941 3537 1062 3617 spondi
1078 3537 1242 3616 animum,
1258 3537 1315 3599 sed
1333 3537 1417 3599 recti
1439 3553 1577 3614 gressus
1601 3552 1694 3597 man-

147 3639 305 3724 λογισμῶν
327 3638 537 3724 δημοσιεύσας
559 3641 617 3724 τήν
640 3639 752 3725 ζάλην.
770 3637 817 3704 Ού
834 3643 896 3725 γάρ
941 3645 1062 3704 serunt
1077 3640 1163 3702 mihi
1179 3641 1221 3702 ad
1237 3640 1429 3718 Dominum,
1447 3657 1556 3720 neque
1573 3639 1693 3719 paulu-

147 3743 337 3827 depinctos
352 3745 406 3807 καὶ
428 3741 640 3828 διαδημάτων,
656 3743 741 3808 ἀλλά
756 3747 826 3828 περὶ
842 3745 895 3808 λο-
943 3748 1026 3823 lum,
1049 3761 1160 3825 neque
1184 3744 1254 3806 ullo
1278 3744 1376 3806 modo
1400 3741 1497 3806 effusi
1520 3745 1615 3806 sunt:
1639 3743 1689 3805 sic

147 3857 267 3933 γισμῶν
282 3846 486 3933 χωλευύντων
501 3845 597 3932 λέγει,
618 3848 674 3912 καὶ
689 3848 736 3912 ὅτι
757 3849 851 3933 ἐγγὺς
866 3848 896 3912 ἐ-
940 3851 1139 3914 intimorum
1165 3849 1380 3927 cogitatuum
1403 3849 1438 3910 in
1466 3847 1614 3928 procella
1637 3863 1692 3908 me

146 3951 258 4036 γένετο
272 3959 329 4015 τοῦ
344 3951 532 4037 διαχυθῆναι
554 3953 609 4016 καὶ
624 3951 809 4038 διαλυθήναι
836 3963 897 4018 τῶν
942 3953 1126 4032 composui.
1139 3952 1338 4016 Haudenim
1351 3951 1391 4014 de
1405 3950 1548 4032 pedibus
1559 3953 1694 4028 etgres-

150 4056 255 4121 ποδῶν
270 4055 328 4132 τάς
352 4053 468 4140 βάσεις,
491 4056 533 4134 ὡς
557 4056 637 4142 μηδὲ
664 4056 774 4122 στάναι
789 4055 899 4121 δύνασ-
943 4057 1064 4136 ssibus,
1081 4056 1140 4119 sed
1159 4057 1199 4120 de
1218 4056 1359 4122 lubricis
1383 4055 1629 4118 tentationibus
1648 4056 1695 4117 lo·

148 4160 201 4225 θαι
215 4170 271 4225 τού
292 4155 413 4242 λοιποῦ,
429 4159 513 4225 alla
534 4171 763 4246 περιτραπήναι
778 4162 831 4225 καὶ
854 4161 899 4240 εἰς
944 4162 1076 4242 quitur;
1093 4166 1128 4224 et
1144 4161 1225 4243 quia
1242 4177 1346 4241 prope
1363 4159 1490 4222 factum
1513 4163 1564 4222 est
1587 4163 1626 4221 ut
1648 4157 1694 4221 ef-

149 4263 272 4330 ύλισθον
288 4265 491 4350 ύποσυρήναι.
515 4263 581 4329 Καὶ
595 4265 654 4350 την
670 4263 772 4330 αἰτίαν
787 4265 900 4352 ἐπάγει
943 4267 1167 4330 funderentur
1182 4270 1217 4329 et
1231 4266 1496 4329 dissolverentur
1509 4262 1626 4326 solidae
1637 4280 1693 4343 pe-

148 4368 268 4454 λέγων·
944 4374 1025 4438 dum
1052 4370 1160 4450 basse,
1177 4370 1268 4436 unde
1290 4385 1389 4450 porro
1411 4371 1502 4430 stare
1524 4366 1691 4448 nequiret,

943 4476 1002 4540 sed
1016 4474 1234 4538 circumverti
1256 4476 1291 4536 et
1311 4471 1465 4536 subtrahi
1489 4471 1523 4533 iu
1547 4470 1692 4532 exitium

939 4581 1106 4661 coepisset,
1129 4577 1232 4658 hujus
1255 4577 1304 4640 rei
1327 4593 1465 4639 causam
1488 4573 1614 4652 subdit,
1643 4573 1692 4635 di·

941 4701 1038 4748 cens:

194 4809 226 4852 v.
243 4791 273 4868 3,
290 4791 320 4854 4.
336 4783 409 4853 ’Ὁτι
430 4785 579 4873 ἐζήλωσα
601 4789 652 4854 ἐπὶ
674 4796 739 4868 τοῖς
759 4790 896 4877 ἀνόμοις,
986 4807 1017 4850 v.
1030 4789 1061 4867 3,
1074 4787 1104 4849 4.
1117 4783 1564 4864 ραὶααοίαοίταρονίαίραοτ,
1573 4797 1689 4861 ,ουσιαι

181 4963 232 5018 Pa.
246 4979 342 5032 nxxn,
354 4981 383 5018 ν.
398 4964 423 5018 1.
436 4963 505 5021 vat.
517 4963 544 5018 3.
565 5007 568 5013 .
974 4979 1003 5018 v.
1024 4959 1051 5030 3,
1072 4958 1099 5012 4.
1123 4958 1181 5013 vat
1197 4958 1223 5026 2,
1243 4956 1286 5011 15.
1304 4953 1426 5026 Aliquid
1445 4953 1516 5010 fort.
1536 4951 1622 5022 dieat,
1639 4951 1691 5008 ubi

181 5070 210 5107 v.
222 5052 249 5104 2.
260 5051 328 5106 var.
339 5050 381 5105 15.
389 5049 463 5106 Gen.
471 5067 534 5120 mx,
543 5051 588 5105 26.
599 5049 669 5105 Luc.
681 5069 723 5120 rx,
733 5053 777 5108 62.
788 5051 894 5109 Erech.
939 5050 1114 5116 ἀπαγόρευσις
1126 5044 1157 5099 in
1169 5042 1233 5099 ood-
1247 5042 1295 5099 vel
1308 5040 1385 5114 quod
1403 5045 1526 5115 prestat
1544 5043 1689 5110 ύιιαγοριυ·

147 5155 192 5208 rn,
204 5139 254 5208 2ος
268 5153 381 5206 xxxin,
396 5137 438 5192 18.
940 5153 978 5200 τις
989 5137 1127 5206 respectu
1138 5129 1177 5186 ad
1190 5147 1222 5188 n.
1236 5127 1302 5186 Gor.
1316 5130 1341 5199 1,
1353 5129 1379 5184 9.
