<?xml version="1.0" encoding="UTF-8"?>
<!DOCTYPE html PUBLIC "-//W3C//DTD XHTML 1.0 Transitional//EN"
    "http://www.w3.org/TR/xhtml1/DTD/xhtml1-transitional.dtd">
<html xmlns="http://www.w3.org/1999/xhtml" xml:lang="en" lang="en">
 <head>
  <title>
</title>
<meta http-equiv="Content-Type" content="text/html;charset=utf-8" />
  <meta name='ocr-system' content='tesseract 3.04.00' />
  <meta name='ocr-capabilities' content='ocr_page ocr_carea ocr_par ocr_line ocrx_word'/>
</head>
<body>
  <div class='ocr_page' id='page_1' title='image "./analectasacrasp00pitrgoog_0561.png"; bbox 0 0 3966 6108; ppageno 0'>
   <div class='ocr_carea' id='block_1_1' title="bbox 296 473 1169 544">
    <p class='ocr_par' dir='ltr' id='par_1_1' title="bbox 296 473 1169 544">
     <span class='ocr_line' id='line_1_1' title="bbox 296 473 1169 544; baseline 0.005 -8"><span class='ocrx_word' id='word_1_1' title='bbox 296 473 360 537; x_wconf 82' lang='lat'><strong>548</strong></span> <span class='ocrx_word' id='word_1_2' title='bbox 958 478 1169 544; x_wconf 82' lang='lat' dir='ltr'>ORIGENES</span> 
     </span>
    </p>
   </div>
   <div class='ocr_carea' id='block_1_2' title="bbox 293 613 1840 1013">
    <p class='ocr_par' dir='ltr' id='par_1_2' title="bbox 293 613 1840 1013">
     <span class='ocr_line' id='line_1_2' title="bbox 296 613 1834 706; baseline -0.002 -23"><span class='ocrx_word' id='word_1_3' title='bbox 296 639 359 696; x_wconf 84' lang='grc' dir='ltr'><strong>νοις</strong></span> <span class='ocrx_word' id='word_1_4' title='bbox 374 628 414 706; x_wconf 75' lang='grc' dir='ltr'><strong>τῇ</strong></span> <span class='ocrx_word' id='word_1_5' title='bbox 437 616 577 704; x_wconf 82' lang='grc' dir='ltr'><strong>ἀσεθείᾳ.</strong></span> <span class='ocrx_word' id='word_1_6' title='bbox 593 613 665 685; x_wconf 80' lang='grc' dir='ltr'><strong>Ὀτι</strong></span> <span class='ocrx_word' id='word_1_7' title='bbox 688 617 745 702; x_wconf 75' lang='grc' dir='ltr'><strong>μὲν</strong></span> <span class='ocrx_word' id='word_1_8' title='bbox 764 619 820 684; x_wconf 82' lang='grc' dir='ltr'><strong>οὖν</strong></span> <span class='ocrx_word' id='word_1_9' title='bbox 838 617 973 682; x_wconf 82' lang='grc' dir='ltr'><strong>κατὰτὸ</strong></span> <span class='ocrx_word' id='word_1_10' title='bbox 995 614 1045 681; x_wconf 80' lang='grc' dir='ltr'><strong>δέ·</strong></span> <span class='ocrx_word' id='word_1_11' title='bbox 1089 621 1157 700; x_wconf 88' lang='lat' dir='ltr'><strong>pat,</strong></span> <span class='ocrx_word' id='word_1_12' title='bbox 1174 623 1214 681; x_wconf 91' lang='lat' dir='ltr'><strong>ut</strong></span> <span class='ocrx_word' id='word_1_13' title='bbox 1238 616 1425 698; x_wconf 90' lang='lat' dir='ltr'><strong>prinoipem</strong></span> <span class='ocrx_word' id='word_1_14' title='bbox 1442 615 1627 698; x_wconf 91' lang='lat' dir='ltr'><strong>malorum;</strong></span> <span class='ocrx_word' id='word_1_15' title='bbox 1650 618 1725 682; x_wconf 84' lang='lat' dir='ltr'><strong>illos</strong></span> <span class='ocrx_word' id='word_1_16' title='bbox 1748 635 1834 700; x_wconf 83' lang='lat' dir='ltr'><strong>vero,</strong></span> 
     </span>
     <span class='ocr_line' id='line_1_3' title="bbox 298 718 1840 816; baseline 0 -30"><span class='ocrx_word' id='word_1_17' title='bbox 298 742 397 790; x_wconf 88' lang='grc' dir='ltr'><strong>κατον</strong></span> <span class='ocrx_word' id='word_1_18' title='bbox 412 724 482 801; x_wconf 78' lang='grc' dir='ltr'><strong>ἔτος</strong></span> <span class='ocrx_word' id='word_1_19' title='bbox 497 731 555 806; x_wconf 82' lang='grc' dir='ltr'><strong>της</strong></span> <span class='ocrx_word' id='word_1_20' title='bbox 568 718 729 809; x_wconf 89' lang='grc' dir='ltr'><strong>βασιλείας</strong></span> <span class='ocrx_word' id='word_1_21' title='bbox 740 719 890 786; x_wconf 79' lang='grc' dir='ltr'><strong>Σεδεκίαν</strong></span> <span class='ocrx_word' id='word_1_22' title='bbox 902 721 961 806; x_wconf 77' lang='grc' dir='ltr'><strong>την</strong></span> <span class='ocrx_word' id='word_1_23' title='bbox 971 741 1046 816; x_wconf 67' lang='grc' dir='ltr'><strong>προ</strong></span> <span class='ocrx_word' id='word_1_24' title='bbox 1090 722 1142 784; x_wconf 91' lang='lat' dir='ltr'><strong>uti</strong></span> <span class='ocrx_word' id='word_1_25' title='bbox 1169 720 1353 800; x_wconf 89' lang='lat' dir='ltr'><strong>impietatis</strong></span> <span class='ocrx_word' id='word_1_26' title='bbox 1369 736 1541 800; x_wconf 81' lang='lat' dir='ltr'><strong>sequaces.</strong></span> <span class='ocrx_word' id='word_1_27' title='bbox 1566 721 1660 796; x_wconf 88' lang='lat' dir='ltr'><strong>Quod</strong></span> <span class='ocrx_word' id='word_1_28' title='bbox 1676 739 1759 802; x_wconf 82' lang='lat' dir='ltr'><strong>ergo</strong></span> <span class='ocrx_word' id='word_1_29' title='bbox 1781 723 1840 786; x_wconf 87' lang='lat' dir='ltr'><strong>eir·</strong></span> 
     </span>
     <span class='ocr_line' id='line_1_4' title="bbox 294 819 1839 914; baseline 0 -24"><span class='ocrx_word' id='word_1_30' title='bbox 294 825 428 911; x_wconf 86' lang='grc' dir='ltr'><strong>ρητείαν</strong></span> <span class='ocrx_word' id='word_1_31' title='bbox 442 827 561 911; x_wconf 83' lang='grc' dir='ltr'><strong>ταύτην</strong></span> <span class='ocrx_word' id='word_1_32' title='bbox 575 835 710 891; x_wconf 89' lang='grc' dir='ltr'><strong>ποιεῖται</strong></span> <span class='ocrx_word' id='word_1_33' title='bbox 725 822 923 914; x_wconf 75' lang='grc' dir='ltr'><strong>ὁἹεζεχιὴλ,</strong></span> <span class='ocrx_word' id='word_1_34' title='bbox 937 829 1045 909; x_wconf 83' lang='grc' dir='ltr'>σαφῶς</span> <span class='ocrx_word' id='word_1_35' title='bbox 1092 843 1132 888; x_wconf 86' lang='lat' dir='ltr'><strong>oa</strong></span> <span class='ocrx_word' id='word_1_36' title='bbox 1148 819 1516 902; x_wconf 75' lang='lat' dir='ltr'><strong>decimum‘regnantis</strong></span> <span class='ocrx_word' id='word_1_37' title='bbox 1536 826 1685 891; x_wconf 78' lang='lat' dir='ltr'><strong>sedecias</strong></span> <span class='ocrx_word' id='word_1_38' title='bbox 1703 845 1839 906; x_wconf 88' lang='lat' dir='ltr'><strong>annum,</strong></span> 
     </span>
     <span class='ocr_line' id='line_1_5' title="bbox 293 926 1840 1013; baseline -0.001 -19"><span class='ocrx_word' id='word_1_39' title='bbox 293 929 389 1008; x_wconf 78' lang='grc' dir='ltr'><strong>αθτδς</strong></span> <span class='ocrx_word' id='word_1_40' title='bbox 404 929 557 1013; x_wconf 73' lang='grc' dir='ltr'>διδάσκει,</span> <span class='ocrx_word' id='word_1_41' title='bbox 572 928 732 1013; x_wconf 81' lang='grc' dir='ltr'><strong>προτάξας</strong></span> <span class='ocrx_word' id='word_1_42' title='bbox 746 927 779 995; x_wconf 82' lang='grc' dir='ltr'><strong>ἐν</strong></span> <span class='ocrx_word' id='word_1_43' title='bbox 794 938 833 1013; x_wconf 77' lang='grc' dir='ltr'><strong>τῇ</strong></span> <span class='ocrx_word' id='word_1_44' title='bbox 850 928 959 1012; x_wconf 86' lang='grc' dir='ltr'><strong>δράσει</strong></span> <span class='ocrx_word' id='word_1_45' title='bbox 973 928 1046 992; x_wconf 79' lang='grc' dir='ltr'><strong>ταῦ·</strong></span> <span class='ocrx_word' id='word_1_46' title='bbox 1092 927 1180 990; x_wconf 85' lang='lat' dir='ltr'><strong>hane</strong></span> <span class='ocrx_word' id='word_1_47' title='bbox 1198 927 1409 1009; x_wconf 84' lang='lat' dir='ltr'><strong>prophetiam</strong></span> <span class='ocrx_word' id='word_1_48' title='bbox 1427 926 1570 991; x_wconf 83' lang='lat' dir='ltr'>ediderit</span> <span class='ocrx_word' id='word_1_49' title='bbox 1588 929 1754 1009; x_wconf 83' lang='lat' dir='ltr'><strong>Ezechiel,</strong></span> <span class='ocrx_word' id='word_1_50' title='bbox 1771 931 1840 1011; x_wconf 91' lang='lat' dir='ltr'><strong>ipse</strong></span> 
     </span>
    </p>
   </div>
   <div class='ocr_carea' id='block_1_3' title="bbox 294 1031 1948 1120">
    <p class='ocr_par' dir='ltr' id='par_1_3' title="bbox 294 1031 1948 1120">
     <span class='ocr_line' id='line_1_6' title="bbox 294 1031 1948 1120; baseline -0.004 -19"><span class='ocrx_word' id='word_1_51' title='bbox 294 1055 332 1118; x_wconf 84' lang='grc' dir='ltr'><strong>τη</strong></span> <span class='ocrx_word' id='word_1_52' title='bbox 347 1037 402 1102; x_wconf 87' lang='grc' dir='ltr'><strong>τὸν</strong></span> <span class='ocrx_word' id='word_1_53' title='bbox 424 1034 559 1120; x_wconf 83' lang='grc' dir='ltr'><strong>χρόνον·</strong></span> <span class='ocrx_word' id='word_1_54' title='bbox 579 1034 622 1118; x_wconf 74' lang='grc' dir='ltr'><strong>ἠν</strong></span> <span class='ocrx_word' id='word_1_55' title='bbox 643 1033 678 1097; x_wconf 86' lang='grc' dir='ltr'><strong>δὲ</strong></span> <span class='ocrx_word' id='word_1_56' title='bbox 694 1043 786 1097; x_wconf 91' lang='grc' dir='ltr'><strong>τοῦτο</strong></span> <span class='ocrx_word' id='word_1_57' title='bbox 809 1033 845 1096; x_wconf 84' lang='grc' dir='ltr'><strong>τὸ</strong></span> <span class='ocrx_word' id='word_1_58' title='bbox 868 1033 937 1109; x_wconf 81' lang='grc' dir='ltr'><strong>ἔτος</strong></span> <span class='ocrx_word' id='word_1_59' title='bbox 960 1031 1043 1096; x_wconf 88' lang='grc' dir='ltr'><strong>διιτω</strong></span> <span class='ocrx_word' id='word_1_60' title='bbox 1089 1047 1151 1094; x_wconf 85' lang='lat' dir='ltr'><strong>nos</strong></span> <span class='ocrx_word' id='word_1_61' title='bbox 1173 1035 1287 1112; x_wconf 90' lang='lat' dir='ltr'><strong>aperte</strong></span> <span class='ocrx_word' id='word_1_62' title='bbox 1302 1031 1409 1110; x_wconf 84' lang='lat' dir='ltr'><strong>docet,</strong></span> <span class='ocrx_word' id='word_1_63' title='bbox 1429 1048 1535 1111; x_wconf 87' lang='lat' dir='ltr'><strong>quum</strong></span> <span class='ocrx_word' id='word_1_64' title='bbox 1558 1031 1705 1112; x_wconf 81' lang='lat' dir='ltr'><strong>praefixit</strong></span> <span class='ocrx_word' id='word_1_65' title='bbox 1726 1034 1779 1096; x_wconf 91' lang='lat' dir='ltr'><strong>illi</strong></span> <span class='ocrx_word' id='word_1_66' title='bbox 1795 1033 1841 1096; x_wconf 85' lang='lat' dir='ltr'><strong>ri·</strong></span> <span class='ocrx_word' id='word_1_67' title='bbox 1947 1087 1948 1118; x_wconf 73' lang='grc'><strong>,</strong></span> 
     </span>
    </p>
   </div>
   <div class='ocr_carea' id='block_1_4' title="bbox 285 1135 1841 3619">
    <p class='ocr_par' dir='ltr' id='par_1_4' title="bbox 285 1135 1841 2992">
     <span class='ocr_line' id='line_1_7' title="bbox 291 1135 1839 1222; baseline -0.001 -19"><span class='ocrx_word' id='word_1_68' title='bbox 291 1140 348 1203; x_wconf 84' lang='grc' dir='ltr'><strong>καί</strong></span> <span class='ocrx_word' id='word_1_69' title='bbox 370 1137 505 1204; x_wconf 82' lang='grc' dir='ltr'>δέκατον</span> <span class='ocrx_word' id='word_1_70' title='bbox 527 1146 585 1222; x_wconf 83' lang='grc' dir='ltr'><strong>της</strong></span> <span class='ocrx_word' id='word_1_71' title='bbox 608 1148 665 1203; x_wconf 91' lang='grc' dir='ltr'><strong>τοῦ</strong></span> <span class='ocrx_word' id='word_1_72' title='bbox 687 1135 970 1222; x_wconf 81' lang='grc' dir='ltr'><strong>Ναθουχοδσνάσορ</strong></span> <span class='ocrx_word' id='word_1_73' title='bbox 992 1135 1044 1200; x_wconf 86' lang='grc' dir='ltr'><strong>δυ·</strong></span> <span class='ocrx_word' id='word_1_74' title='bbox 1090 1136 1178 1200; x_wconf 89' lang='lat' dir='ltr'><strong>sioni</strong></span> <span class='ocrx_word' id='word_1_75' title='bbox 1194 1153 1323 1199; x_wconf 91' lang='lat' dir='ltr'><strong>annum</strong></span> <span class='ocrx_word' id='word_1_76' title='bbox 1338 1153 1456 1199; x_wconf 90' lang='lat' dir='ltr'><strong>suum:</strong></span> <span class='ocrx_word' id='word_1_77' title='bbox 1480 1154 1592 1200; x_wconf 84' lang='lat' dir='ltr'><strong>annus</strong></span> <span class='ocrx_word' id='word_1_78' title='bbox 1608 1142 1723 1202; x_wconf 89' lang='lat' dir='ltr'><strong>autem</strong></span> <span class='ocrx_word' id='word_1_79' title='bbox 1747 1137 1839 1201; x_wconf 86' lang='lat' dir='ltr'><strong>hiooe</strong></span> 
     </span>
     <span class='ocr_line' id='line_1_8' title="bbox 291 1235 1841 1327; baseline -0.001 -21"><span class='ocrx_word' id='word_1_80' title='bbox 291 1241 446 1324; x_wconf 87' lang='grc' dir='ltr'><strong>ναστείας,</strong></span> <span class='ocrx_word' id='word_1_81' title='bbox 469 1240 565 1327; x_wconf 75' lang='grc' dir='ltr'><strong>ἡνίκα</strong></span> <span class='ocrx_word' id='word_1_82' title='bbox 588 1242 646 1326; x_wconf 83' lang='grc' dir='ltr'><strong>τὴν</strong></span> <span class='ocrx_word' id='word_1_83' title='bbox 669 1239 777 1306; x_wconf 86' lang='grc' dir='ltr'><strong>εἰκόνα</strong></span> <span class='ocrx_word' id='word_1_84' title='bbox 799 1238 930 1324; x_wconf 78' lang='grc' dir='ltr'><strong>στίγσας,</strong></span> <span class='ocrx_word' id='word_1_85' title='bbox 954 1235 1043 1324; x_wconf 75' lang='grc' dir='ltr'><strong>ἠξίου</strong></span> <span class='ocrx_word' id='word_1_86' title='bbox 1089 1243 1162 1301; x_wconf 90' lang='lat' dir='ltr'><strong>erat</strong></span> <span class='ocrx_word' id='word_1_87' title='bbox 1175 1239 1327 1302; x_wconf 82' lang='lat' dir='ltr'><strong>decimus</strong></span> <span class='ocrx_word' id='word_1_88' title='bbox 1346 1245 1485 1303; x_wconf 83' lang='lat' dir='ltr'><strong>octavus</strong></span> <span class='ocrx_word' id='word_1_89' title='bbox 1510 1241 1645 1320; x_wconf 91' lang='lat' dir='ltr'><strong>imperii</strong></span> <span class='ocrx_word' id='word_1_90' title='bbox 1666 1240 1841 1304; x_wconf 81' lang='lat' dir='ltr'><strong>Nabucho-</strong></span> 
     </span>
     <span class='ocr_line' id='line_1_9' title="bbox 289 1340 1840 1430; baseline -0.002 -20"><span class='ocrx_word' id='word_1_91' title='bbox 289 1347 378 1430; x_wconf 89' lang='grc' dir='ltr'><strong>παρά</strong></span> <span class='ocrx_word' id='word_1_92' title='bbox 406 1346 533 1412; x_wconf 88' lang='grc' dir='ltr'><strong>πάντων</strong></span> <span class='ocrx_word' id='word_1_93' title='bbox 563 1343 816 1429; x_wconf 74' lang='grc' dir='ltr'><strong>προσκυνεῖσθαι.</strong></span> <span class='ocrx_word' id='word_1_94' title='bbox 848 1344 913 1410; x_wconf 87' lang='grc' dir='ltr'><strong>Τσῦ</strong></span> <span class='ocrx_word' id='word_1_95' title='bbox 938 1342 1041 1408; x_wconf 81' lang='grc' dir='ltr'>τοίνυν</span> <span class='ocrx_word' id='word_1_96' title='bbox 1088 1340 1241 1422; x_wconf 88' lang='lat' dir='ltr'><strong>donosor,</strong></span> <span class='ocrx_word' id='word_1_97' title='bbox 1259 1342 1396 1423; x_wconf 89' lang='lat' dir='ltr'><strong>quando</strong></span> <span class='ocrx_word' id='word_1_98' title='bbox 1414 1347 1562 1406; x_wconf 87' lang='lat' dir='ltr'><strong>statuam</strong></span> <span class='ocrx_word' id='word_1_99' title='bbox 1579 1345 1692 1411; x_wconf 80' lang='lat' dir='ltr'><strong>erexit</strong></span> <span class='ocrx_word' id='word_1_100' title='bbox 1710 1363 1751 1408; x_wconf 88' lang='lat' dir='ltr'><strong>ac</strong></span> <span class='ocrx_word' id='word_1_101' title='bbox 1766 1363 1840 1408; x_wconf 88' lang='lat' dir='ltr'><strong>oen-</strong></span> 
     </span>
     <span class='ocr_line' id='line_1_10' title="bbox 291 1445 1840 1534; baseline -0.001 -20"><span class='ocrx_word' id='word_1_102' title='bbox 291 1446 574 1534; x_wconf 83' lang='grc' dir='ltr'><strong>Ναδουχοδονάσορ</strong></span> <span class='ocrx_word' id='word_1_103' title='bbox 589 1447 715 1514; x_wconf 86' lang='grc' dir='ltr'><strong>πάντων</strong></span> <span class='ocrx_word' id='word_1_104' title='bbox 736 1445 1040 1532; x_wconf 74' lang='grc' dir='ltr'><strong>κατακρατήσαντσς</strong></span> <span class='ocrx_word' id='word_1_105' title='bbox 1087 1445 1159 1508; x_wconf 90' lang='lat' dir='ltr'><strong>suit</strong></span> <span class='ocrx_word' id='word_1_106' title='bbox 1174 1462 1210 1509; x_wconf 91' lang='lat' dir='ltr'><strong>se</strong></span> <span class='ocrx_word' id='word_1_107' title='bbox 1226 1445 1269 1509; x_wconf 90' lang='lat' dir='ltr'><strong>ab</strong></span> <span class='ocrx_word' id='word_1_108' title='bbox 1283 1446 1441 1510; x_wconf 91' lang='lat' dir='ltr'><strong>omnibus</strong></span> <span class='ocrx_word' id='word_1_109' title='bbox 1458 1463 1531 1510; x_wconf 87' lang='lat' dir='ltr'><strong>asse</strong></span> <span class='ocrx_word' id='word_1_110' title='bbox 1552 1445 1772 1512; x_wconf 88' lang='lat' dir='ltr'><strong>adorandum.</strong></span> <span class='ocrx_word' id='word_1_111' title='bbox 1789 1451 1840 1512; x_wconf 89' lang='lat' dir='ltr'><strong>In-</strong></span> 
     </span>
     <span class='ocr_line' id='line_1_11' title="bbox 292 1549 1839 1638; baseline -0.003 -18"><span class='ocrx_word' id='word_1_112' title='bbox 292 1552 349 1638; x_wconf 76' lang='grc' dir='ltr'><strong>[οἱ.</strong></span> <span class='ocrx_word' id='word_1_113' title='bbox 363 1552 628 1638; x_wconf 75' lang='grc' dir='ltr'><strong>κατεσχηκότος],</strong></span> <span class='ocrx_word' id='word_1_114' title='bbox 645 1552 727 1616; x_wconf 78' lang='grc' dir='ltr'><strong>ὥστε</strong></span> <span class='ocrx_word' id='word_1_115' title='bbox 746 1551 800 1615; x_wconf 87' lang='grc' dir='ltr'><strong>καί</strong></span> <span class='ocrx_word' id='word_1_116' title='bbox 817 1549 951 1637; x_wconf 68' lang='grc' dir='ltr'><strong>ίαοθτίαν</strong></span> <span class='ocrx_word' id='word_1_117' title='bbox 968 1571 1044 1636; x_wconf 85' lang='grc' dir='ltr'><strong>ραν·</strong></span> <span class='ocrx_word' id='word_1_118' title='bbox 1086 1550 1186 1613; x_wconf 87' lang='lat' dir='ltr'><strong>terim</strong></span> <span class='ocrx_word' id='word_1_119' title='bbox 1198 1549 1514 1629; x_wconf 80' lang='lat' dir='ltr'>Nabuchodonosor,</span> <span class='ocrx_word' id='word_1_120' title='bbox 1524 1550 1605 1613; x_wconf 90' lang='lat' dir='ltr'><strong>dum</strong></span> <span class='ocrx_word' id='word_1_121' title='bbox 1622 1552 1781 1616; x_wconf 89' lang='lat' dir='ltr'><strong>omnibns</strong></span> <span class='ocrx_word' id='word_1_122' title='bbox 1792 1552 1839 1616; x_wconf 91' lang='lat' dir='ltr'><strong>ita</strong></span> 
     </span>
     <span class='ocr_line' id='line_1_12' title="bbox 290 1651 1839 1740; baseline -0.001 -19"><span class='ocrx_word' id='word_1_123' title='bbox 290 1655 452 1739; x_wconf 76' lang='grc' dir='ltr'><strong>τάξασθαι,</strong></span> <span class='ocrx_word' id='word_1_124' title='bbox 483 1653 520 1720; x_wconf 79' lang='grc' dir='ltr'><strong>οὐ</strong></span> <span class='ocrx_word' id='word_1_125' title='bbox 550 1652 735 1740; x_wconf 81' lang='grc' dir='ltr'><strong>δυνηθέντος</strong></span> <span class='ocrx_word' id='word_1_126' title='bbox 762 1653 797 1717; x_wconf 85' lang='grc' dir='ltr'><strong>δὲ</strong></span> <span class='ocrx_word' id='word_1_127' title='bbox 825 1651 1044 1739; x_wconf 73' lang='grc' dir='ltr'><strong>περιγενέσθαι</strong></span> <span class='ocrx_word' id='word_1_128' title='bbox 1088 1652 1278 1734; x_wconf 80' lang='lat' dir='ltr'><strong>imperaret,</strong></span> <span class='ocrx_word' id='word_1_129' title='bbox 1295 1659 1335 1717; x_wconf 92' lang='lat' dir='ltr'><strong>ut</strong></span> <span class='ocrx_word' id='word_1_130' title='bbox 1355 1654 1521 1734; x_wconf 80' lang='lat' dir='ltr'><strong>aqualem</strong></span> <span class='ocrx_word' id='word_1_131' title='bbox 1536 1670 1572 1716; x_wconf 90' lang='lat' dir='ltr'><strong>se</strong></span> <span class='ocrx_word' id='word_1_132' title='bbox 1592 1654 1661 1717; x_wconf 91' lang='lat' dir='ltr'><strong>Deo</strong></span> <span class='ocrx_word' id='word_1_133' title='bbox 1677 1672 1752 1718; x_wconf 89' lang='lat' dir='ltr'><strong>esse</strong></span> <span class='ocrx_word' id='word_1_134' title='bbox 1776 1653 1839 1719; x_wconf 89' lang='lat' dir='ltr'><strong>sibi</strong></span> 
     </span>
     <span class='ocr_line' id='line_1_13' title="bbox 292 1753 1841 1848; baseline -0.003 -22"><span class='ocrx_word' id='word_1_135' title='bbox 292 1771 349 1848; x_wconf 80' lang='grc' dir='ltr'><strong>της</strong></span> <span class='ocrx_word' id='word_1_136' title='bbox 366 1759 480 1844; x_wconf 84' lang='grc' dir='ltr'><strong>Τύρου,</strong></span> <span class='ocrx_word' id='word_1_137' title='bbox 504 1757 628 1844; x_wconf 80' lang='grc' dir='ltr'>ἐφρόνει</span> <span class='ocrx_word' id='word_1_138' title='bbox 651 1757 807 1844; x_wconf 89' lang='grc' dir='ltr'><strong>μεγάλως,</strong></span> <span class='ocrx_word' id='word_1_139' title='bbox 823 1756 918 1842; x_wconf 68' lang='grc' dir='ltr'><strong>σοφίᾳ</strong></span> <span class='ocrx_word' id='word_1_140' title='bbox 933 1779 967 1822; x_wconf 92' lang='grc' dir='ltr'><strong>τε</strong></span> <span class='ocrx_word' id='word_1_141' title='bbox 989 1757 1044 1821; x_wconf 81' lang='grc' dir='ltr'><strong>καὶ</strong></span> <span class='ocrx_word' id='word_1_142' title='bbox 1088 1753 1245 1836; x_wconf 82' lang='lat' dir='ltr'><strong>fingeret,</strong></span> <span class='ocrx_word' id='word_1_143' title='bbox 1261 1774 1300 1819; x_wconf 90' lang='lat' dir='ltr'><strong>ao</strong></span> <span class='ocrx_word' id='word_1_144' title='bbox 1316 1762 1431 1822; x_wconf 88' lang='lat' dir='ltr'><strong>tamen</strong></span> <span class='ocrx_word' id='word_1_145' title='bbox 1447 1759 1575 1840; x_wconf 84' lang='lat' dir='ltr'>Tyrum</span> <span class='ocrx_word' id='word_1_146' title='bbox 1598 1775 1761 1840; x_wconf 89' lang='lat' dir='ltr'><strong>superare</strong></span> <span class='ocrx_word' id='word_1_147' title='bbox 1776 1776 1841 1822; x_wconf 92' lang='lat' dir='ltr'><strong>non</strong></span> 
     </span>
     <span class='ocr_line' id='line_1_14' title="bbox 288 1860 1841 1949; baseline -0.005 -18"><span class='ocrx_word' id='word_1_148' title='bbox 288 1864 418 1949; x_wconf 79' lang='grc' dir='ltr'>δυνάμει</span> <span class='ocrx_word' id='word_1_149' title='bbox 432 1862 553 1940; x_wconf 80' lang='grc' dir='ltr'><strong>πάντας</strong></span> <span class='ocrx_word' id='word_1_150' title='bbox 575 1870 679 1944; x_wconf 89' lang='grc' dir='ltr'><strong>νικῦν,</strong></span> <span class='ocrx_word' id='word_1_151' title='bbox 695 1863 750 1926; x_wconf 87' lang='grc' dir='ltr'><strong>καί</strong></span> <span class='ocrx_word' id='word_1_152' title='bbox 766 1863 829 1946; x_wconf 87' lang='grc' dir='ltr'><strong>δσιμ</strong></span> <span class='ocrx_word' id='word_1_153' title='bbox 853 1861 984 1948; x_wconf 76' lang='grc' dir='ltr'><strong>μεγίστη</strong></span> <span class='ocrx_word' id='word_1_154' title='bbox 1000 1861 1041 1947; x_wconf 80' lang='grc' dir='ltr'><strong>ὴν</strong></span> <span class='ocrx_word' id='word_1_155' title='bbox 1088 1860 1228 1940; x_wconf 88' lang='lat' dir='ltr'><strong>valeret,</strong></span> <span class='ocrx_word' id='word_1_156' title='bbox 1260 1861 1418 1939; x_wconf 77' lang='lat' dir='ltr'><strong>ingentes</strong></span> <span class='ocrx_word' id='word_1_157' title='bbox 1444 1861 1576 1924; x_wconf 91' lang='lat' dir='ltr'><strong>animos</strong></span> <span class='ocrx_word' id='word_1_158' title='bbox 1604 1863 1774 1943; x_wconf 85' lang='lat' dir='ltr'><strong>versabat,</strong></span> <span class='ocrx_word' id='word_1_159' title='bbox 1804 1879 1841 1925; x_wconf 84' lang='lat' dir='ltr'><strong>aa</strong></span> 
     </span>
     <span class='ocr_line' id='line_1_15' title="bbox 288 1963 1841 2063; baseline -0.002 -30"><span class='ocrx_word' id='word_1_160' title='bbox 288 1965 382 2051; x_wconf 78' lang='grc' dir='ltr'><strong>ἠτοῦ</strong></span> <span class='ocrx_word' id='word_1_161' title='bbox 397 1964 599 2063; x_wconf 74' lang='grc' dir='ltr'><strong>Βαβυλωνίου</strong></span> <span class='ocrx_word' id='word_1_162' title='bbox 623 1965 710 2051; x_wconf 86' lang='grc' dir='ltr'><strong>δάξα,</strong></span> <span class='ocrx_word' id='word_1_163' title='bbox 727 1967 866 2052; x_wconf 81' lang='grc' dir='ltr'><strong>τοσούτῳ</strong></span> <span class='ocrx_word' id='word_1_164' title='bbox 888 1967 997 2034; x_wconf 85' lang='grc' dir='ltr'><strong>πλεῖον</strong></span> <span class='ocrx_word' id='word_1_165' title='bbox 1012 1966 1042 2031; x_wconf 84' lang='grc' dir='ltr'><strong>ἐ-</strong></span> <span class='ocrx_word' id='word_1_166' title='bbox 1087 1963 1255 2044; x_wconf 89' lang='lat' dir='ltr'><strong>sapientia</strong></span> <span class='ocrx_word' id='word_1_167' title='bbox 1274 1969 1308 2028; x_wconf 90' lang='lat' dir='ltr'><strong>et</strong></span> <span class='ocrx_word' id='word_1_168' title='bbox 1322 1964 1473 2045; x_wconf 87' lang='lat' dir='ltr'><strong>potentia</strong></span> <span class='ocrx_word' id='word_1_169' title='bbox 1487 1966 1577 2030; x_wconf 90' lang='lat' dir='ltr'><strong>nulli</strong></span> <span class='ocrx_word' id='word_1_170' title='bbox 1601 1967 1721 2049; x_wconf 90' lang='lat' dir='ltr'><strong>impar,</strong></span> <span class='ocrx_word' id='word_1_171' title='bbox 1738 1984 1841 2048; x_wconf 91' lang='lat' dir='ltr'><strong>quan·</strong></span> 
     </span>
     <span class='ocr_line' id='line_1_16' title="bbox 288 2070 1840 2158; baseline -0.001 -21"><span class='ocrx_word' id='word_1_172' title='bbox 288 2079 420 2158; x_wconf 83' lang='grc' dir='ltr'><strong>φυσάτσ,</strong></span> <span class='ocrx_word' id='word_1_173' title='bbox 438 2071 567 2157; x_wconf 76' lang='grc' dir='ltr'><strong>μείζονα</strong></span> <span class='ocrx_word' id='word_1_174' title='bbox 581 2080 703 2157; x_wconf 82' lang='grc' dir='ltr'>φρονῶν</span> <span class='ocrx_word' id='word_1_175' title='bbox 725 2073 848 2158; x_wconf 75' lang='grc' dir='ltr'><strong>ηκατδι</strong></span> <span class='ocrx_word' id='word_1_176' title='bbox 862 2070 1036 2156; x_wconf 76' lang='grc' dir='ltr'><strong>ἄνθρωπον,</strong></span> <span class='ocrx_word' id='word_1_177' title='bbox 1086 2071 1121 2130; x_wconf 86' lang='lat' dir='ltr'><strong>to</strong></span> <span class='ocrx_word' id='word_1_178' title='bbox 1151 2070 1365 2150; x_wconf 79' lang='lat' dir='ltr'><strong>praestantior</strong></span> <span class='ocrx_word' id='word_1_179' title='bbox 1399 2074 1472 2133; x_wconf 92' lang='lat' dir='ltr'><strong>erat</strong></span> <span class='ocrx_word' id='word_1_180' title='bbox 1501 2071 1688 2154; x_wconf 87' lang='lat' dir='ltr'><strong>Babylonii</strong></span> <span class='ocrx_word' id='word_1_181' title='bbox 1720 2073 1840 2152; x_wconf 79' lang='lat' dir='ltr'><strong>gloria,</strong></span> 
     </span>
     <span class='ocr_line' id='line_1_17' title="bbox 288 2172 1837 2261; baseline -0.002 -20"><span class='ocrx_word' id='word_1_182' title='bbox 288 2175 332 2254; x_wconf 73' lang='grc' dir='ltr'><strong>ιὐς</strong></span> <span class='ocrx_word' id='word_1_183' title='bbox 346 2177 401 2240; x_wconf 82' lang='grc' dir='ltr'><strong>καί</strong></span> <span class='ocrx_word' id='word_1_184' title='bbox 416 2185 472 2240; x_wconf 91' lang='grc' dir='ltr'><strong>τοῦ</strong></span> <span class='ocrx_word' id='word_1_185' title='bbox 488 2175 613 2242; x_wconf 90' lang='grc' dir='ltr'><strong>πάντων</strong></span> <span class='ocrx_word' id='word_1_186' title='bbox 633 2184 823 2260; x_wconf 88' lang='grc' dir='ltr'><strong>κρατοῦντος</strong></span> <span class='ocrx_word' id='word_1_187' title='bbox 838 2173 1041 2261; x_wconf 81' lang='grc' dir='ltr'><strong>Ναθουχοδο·</strong></span> <span class='ocrx_word' id='word_1_188' title='bbox 1085 2175 1180 2234; x_wconf 83' lang='lat' dir='ltr'><strong>tanto</strong></span> <span class='ocrx_word' id='word_1_189' title='bbox 1204 2172 1441 2236; x_wconf 88' lang='lat' dir='ltr'><strong>vehementius</strong></span> <span class='ocrx_word' id='word_1_190' title='bbox 1464 2173 1692 2256; x_wconf 69' lang='lat' dir='ltr'><strong>superbiebat,</strong></span> <span class='ocrx_word' id='word_1_191' title='bbox 1708 2175 1837 2257; x_wconf 78' lang='lat' dir='ltr'><strong>majora</strong></span> 
     </span>
     <span class='ocr_line' id='line_1_18' title="bbox 288 2276 1838 2366; baseline -0.001 -20"><span class='ocrx_word' id='word_1_192' title='bbox 288 2281 383 2366; x_wconf 85' lang='grc' dir='ltr'><strong>νάσορ</strong></span> <span class='ocrx_word' id='word_1_193' title='bbox 396 2276 657 2364; x_wconf 85' lang='grc' dir='ltr'><strong>άμείνωνδρθείς.</strong></span> <span class='ocrx_word' id='word_1_194' title='bbox 674 2315 712 2326; x_wconf 94' lang='grc'>-</span> <span class='ocrx_word' id='word_1_195' title='bbox 726 2277 797 2344; x_wconf 72' lang='lat' dir='ltr'><strong>Ota</strong></span> <span class='ocrx_word' id='word_1_196' title='bbox 811 2280 905 2344; x_wconf 87' lang='grc' dir='ltr'><strong>είπιν·</strong></span> <span class='ocrx_word' id='word_1_197' title='bbox 920 2279 1043 2366; x_wconf 84' lang='grc' dir='ltr'><strong>Ἐλογί-</strong></span> <span class='ocrx_word' id='word_1_198' title='bbox 1085 2281 1202 2339; x_wconf 92' lang='lat' dir='ltr'><strong>mente</strong></span> <span class='ocrx_word' id='word_1_199' title='bbox 1225 2277 1365 2341; x_wconf 85' lang='lat' dir='ltr'><strong>volvens</strong></span> <span class='ocrx_word' id='word_1_200' title='bbox 1382 2294 1484 2359; x_wconf 89' lang='lat' dir='ltr'><strong>quam</strong></span> <span class='ocrx_word' id='word_1_201' title='bbox 1507 2277 1608 2342; x_wconf 89' lang='lat' dir='ltr'><strong>homo</strong></span> <span class='ocrx_word' id='word_1_202' title='bbox 1630 2281 1732 2363; x_wconf 89' lang='lat' dir='ltr'><strong>capit,</strong></span> <span class='ocrx_word' id='word_1_203' title='bbox 1749 2299 1788 2344; x_wconf 90' lang='lat' dir='ltr'><strong>ae</strong></span> <span class='ocrx_word' id='word_1_204' title='bbox 1810 2281 1838 2345; x_wconf 91' lang='lat' dir='ltr'><strong>si</strong></span> 
     </span>
     <span class='ocr_line' id='line_1_19' title="bbox 287 2379 1839 2469; baseline -0.001 -20"><span class='ocrx_word' id='word_1_205' title='bbox 287 2403 344 2466; x_wconf 85' lang='grc' dir='ltr'><strong>σοι,</strong></span> <span class='ocrx_word' id='word_1_206' title='bbox 361 2382 446 2448; x_wconf 84' lang='grc' dir='ltr'><strong>άλλά</strong></span> <span class='ocrx_word' id='word_1_207' title='bbox 460 2384 516 2447; x_wconf 76' lang='grc' dir='ltr'><strong>καί</strong></span> <span class='ocrx_word' id='word_1_208' title='bbox 536 2379 687 2469; x_wconf 83' lang='grc' dir='ltr'><strong>ίρθέγξω,</strong></span> <span class='ocrx_word' id='word_1_209' title='bbox 703 2380 862 2448; x_wconf 72' lang='grc' dir='ltr'><strong>τουτέστιν</strong></span> <span class='ocrx_word' id='word_1_210' title='bbox 878 2382 1041 2467; x_wconf 70' lang='grc' dir='ltr'><strong>ἐκύρωσας</strong></span> <span class='ocrx_word' id='word_1_211' title='bbox 1085 2382 1196 2464; x_wconf 79' lang='lat' dir='ltr'><strong>Tyrus</strong></span> <span class='ocrx_word' id='word_1_212' title='bbox 1219 2380 1328 2461; x_wconf 91' lang='lat' dir='ltr'><strong>major</strong></span> <span class='ocrx_word' id='word_1_213' title='bbox 1341 2382 1515 2446; x_wconf 84' lang='lat' dir='ltr'><strong>videretur</strong></span> <span class='ocrx_word' id='word_1_214' title='bbox 1538 2384 1597 2447; x_wconf 92' lang='lat' dir='ltr'><strong>illo</strong></span> <span class='ocrx_word' id='word_1_215' title='bbox 1620 2385 1839 2450; x_wconf 87' lang='lat' dir='ltr'><strong>Nabuchodo-</strong></span> 
     </span>
     <span class='ocr_line' id='line_1_20' title="bbox 287 2485 1838 2577; baseline 0.001 -23"><span class='ocrx_word' id='word_1_216' title='bbox 287 2491 346 2576; x_wconf 81' lang='grc' dir='ltr'><strong>τὴν</strong></span> <span class='ocrx_word' id='word_1_217' title='bbox 374 2487 521 2577; x_wconf 78' lang='grc' dir='ltr'><strong>γνώμην,</strong></span> <span class='ocrx_word' id='word_1_218' title='bbox 545 2487 615 2552; x_wconf 85' lang='grc' dir='ltr'><strong>εἶτα</strong></span> <span class='ocrx_word' id='word_1_219' title='bbox 639 2496 698 2572; x_wconf 80' lang='grc' dir='ltr'><strong>της</strong></span> <span class='ocrx_word' id='word_1_220' title='bbox 728 2485 848 2566; x_wconf 78' lang='grc' dir='ltr'><strong>ἑννοίας</strong></span> <span class='ocrx_word' id='word_1_221' title='bbox 872 2486 895 2572; x_wconf 75' lang='grc' dir='ltr'>ἡ</span> <span class='ocrx_word' id='word_1_222' title='bbox 922 2508 1041 2553; x_wconf 88' lang='grc' dir='ltr'><strong>κατασ-</strong></span> <span class='ocrx_word' id='word_1_223' title='bbox 1085 2500 1185 2548; x_wconf 89' lang='lat' dir='ltr'><strong>nosor</strong></span> <span class='ocrx_word' id='word_1_224' title='bbox 1205 2503 1308 2566; x_wconf 90' lang='lat' dir='ltr'><strong>super</strong></span> <span class='ocrx_word' id='word_1_225' title='bbox 1330 2501 1448 2550; x_wconf 88' lang='lat' dir='ltr'><strong>omnes</strong></span> <span class='ocrx_word' id='word_1_226' title='bbox 1475 2487 1673 2568; x_wconf 80' lang='lat' dir='ltr'><strong>imperante.</strong></span> <span class='ocrx_word' id='word_1_227' title='bbox 1700 2525 1741 2536; x_wconf 93' lang='lat'>-</span> <span class='ocrx_word' id='word_1_228' title='bbox 1768 2493 1838 2555; x_wconf 91' lang='lat' dir='ltr'><strong>Non</strong></span> 
     </span>
     <span class='ocr_line' id='line_1_21' title="bbox 287 2588 1837 2679; baseline 0 -21"><span class='ocrx_word' id='word_1_229' title='bbox 287 2591 384 2679; x_wconf 78' lang='grc' dir='ltr'><strong>κενή·</strong></span> <span class='ocrx_word' id='word_1_230' title='bbox 400 2590 565 2659; x_wconf 79' lang='grc' dir='ltr'><strong>κατοικίαν</strong></span> <span class='ocrx_word' id='word_1_231' title='bbox 580 2591 664 2659; x_wconf 88' lang='grc' dir='ltr'><strong>Θεοῦ</strong></span> <span class='ocrx_word' id='word_1_232' title='bbox 683 2590 860 2678; x_wconf 78' lang='grc' dir='ltr'><strong>κατῴκηκα</strong></span> <span class='ocrx_word' id='word_1_233' title='bbox 875 2591 910 2657; x_wconf 83' lang='grc' dir='ltr'><strong>ἐν</strong></span> <span class='ocrx_word' id='word_1_234' title='bbox 926 2589 1042 2677; x_wconf 80' lang='grc' dir='ltr'><strong>καρδία</strong></span> <span class='ocrx_word' id='word_1_235' title='bbox 1084 2588 1188 2655; x_wconf 84' lang='lat' dir='ltr'><strong>dixit:</strong></span> <span class='ocrx_word' id='word_1_236' title='bbox 1204 2592 1381 2672; x_wconf 82' lang='lat' dir='ltr'><strong>cogitasti,</strong></span> <span class='ocrx_word' id='word_1_237' title='bbox 1396 2592 1455 2656; x_wconf 89' lang='lat' dir='ltr'><strong>sed</strong></span> <span class='ocrx_word' id='word_1_238' title='bbox 1471 2591 1595 2659; x_wconf 80' lang='grc' dir='ltr'><strong>ίυειιῖιιι</strong></span> <span class='ocrx_word' id='word_1_239' title='bbox 1610 2609 1655 2675; x_wconf 81' lang='grc' dir='ltr'><strong>οε,</strong></span> <span class='ocrx_word' id='word_1_240' title='bbox 1675 2596 1837 2660; x_wconf 89' lang='lat' dir='ltr'><strong>nimirum</strong></span> 
     </span>
     <span class='ocr_line' id='line_1_22' title="bbox 285 2694 1841 2782; baseline 0 -20"><span class='ocrx_word' id='word_1_241' title='bbox 285 2695 468 2782; x_wconf 78' lang='grc' dir='ltr'><strong>θαλάσσης,</strong></span> <span class='ocrx_word' id='word_1_242' title='bbox 483 2705 651 2782; x_wconf 79' lang='grc' dir='ltr'><strong>πανταχοῦ</strong></span> <span class='ocrx_word' id='word_1_243' title='bbox 667 2694 812 2780; x_wconf 84' lang='grc' dir='ltr'><strong>φαίνεται</strong></span> <span class='ocrx_word' id='word_1_244' title='bbox 830 2694 963 2781; x_wconf 84' lang='grc' dir='ltr'><strong>καρδίαν</strong></span> <span class='ocrx_word' id='word_1_245' title='bbox 977 2695 1039 2760; x_wconf 75' lang='grc' dir='ltr'><strong>θα·</strong></span> <span class='ocrx_word' id='word_1_246' title='bbox 1086 2696 1290 2760; x_wconf 87' lang='lat' dir='ltr'><strong>sententiam</strong></span> <span class='ocrx_word' id='word_1_247' title='bbox 1322 2697 1486 2777; x_wconf 84' lang='lat' dir='ltr'><strong>formasti,</strong></span> <span class='ocrx_word' id='word_1_248' title='bbox 1521 2702 1644 2779; x_wconf 91' lang='lat' dir='ltr'><strong>postea</strong></span> <span class='ocrx_word' id='word_1_249' title='bbox 1665 2700 1841 2763; x_wconf 81' lang='lat' dir='ltr'><strong>sententia</strong></span> 
     </span>
     <span class='ocr_line' id='line_1_23' title="bbox 286 2797 1841 2888; baseline -0.002 -20"><span class='ocrx_word' id='word_1_250' title='bbox 286 2802 410 2888; x_wconf 86' lang='grc' dir='ltr'><strong>λάσσης</strong></span> <span class='ocrx_word' id='word_1_251' title='bbox 432 2799 572 2879; x_wconf 82' lang='grc' dir='ltr'><strong>καλέσας</strong></span> <span class='ocrx_word' id='word_1_252' title='bbox 594 2809 656 2867; x_wconf 88' lang='grc' dir='ltr'><strong>τῦν</strong></span> <span class='ocrx_word' id='word_1_253' title='bbox 670 2799 705 2880; x_wconf 77' lang='grc' dir='ltr'><strong>ἒξ</strong></span> <span class='ocrx_word' id='word_1_254' title='bbox 728 2800 826 2886; x_wconf 73' lang='grc' dir='ltr'><strong>αὐτῆς</strong></span> <span class='ocrx_word' id='word_1_255' title='bbox 850 2797 978 2886; x_wconf 79' lang='grc' dir='ltr'><strong>ἀγαθῶν</strong></span> <span class='ocrx_word' id='word_1_256' title='bbox 1000 2801 1036 2864; x_wconf 82' lang='grc' dir='ltr'><strong>τὸ</strong></span> <span class='ocrx_word' id='word_1_257' title='bbox 1084 2800 1248 2863; x_wconf 83' lang='lat' dir='ltr'><strong>suecessit</strong></span> <span class='ocrx_word' id='word_1_258' title='bbox 1264 2801 1429 2864; x_wconf 82' lang='lat' dir='ltr'><strong>executio.</strong></span> <span class='ocrx_word' id='word_1_259' title='bbox 1447 2801 1585 2866; x_wconf 79' lang='lat' dir='ltr'><strong>Domum</strong></span> <span class='ocrx_word' id='word_1_260' title='bbox 1611 2801 1675 2865; x_wconf 82' lang='lat' dir='ltr'><strong>Dei</strong></span> <span class='ocrx_word' id='word_1_261' title='bbox 1695 2800 1841 2868; x_wconf 76' lang='lat' dir='ltr'><strong>debitori</strong></span> 
     </span>
     <span class='ocr_line' id='line_1_24' title="bbox 288 2903 1836 2992; baseline -0.002 -21"><span class='ocrx_word' id='word_1_262' title='bbox 288 2904 456 2992; x_wconf 77' lang='grc' dir='ltr'><strong>ἒξαίρετον.</strong></span> <span class='ocrx_word' id='word_1_263' title='bbox 1081 2903 1119 2969; x_wconf 82' lang='lat' dir='ltr'><strong>ia</strong></span> <span class='ocrx_word' id='word_1_264' title='bbox 1141 2903 1232 2970; x_wconf 83' lang='lat' dir='ltr'><strong>corde</strong></span> <span class='ocrx_word' id='word_1_265' title='bbox 1253 2905 1368 2969; x_wconf 69' lang='grc' dir='ltr'><strong>ιιιῦιτι.</strong></span> <span class='ocrx_word' id='word_1_266' title='bbox 1392 2903 1591 2969; x_wconf 86' lang='lat' dir='ltr'><strong>omnimode</strong></span> <span class='ocrx_word' id='word_1_267' title='bbox 1617 2905 1756 2970; x_wconf 89' lang='lat' dir='ltr'><strong>videtur</strong></span> <span class='ocrx_word' id='word_1_268' title='bbox 1781 2921 1836 2970; x_wconf 85' lang='lat' dir='ltr'><strong>cor</strong></span> 
     </span>
    </p>

    <p class='ocr_par' dir='ltr' id='par_1_5' title="bbox 1083 3007 1837 3082">
     <span class='ocr_line' id='line_1_25' title="bbox 1083 3007 1837 3082; baseline 0.004 -13"><span class='ocrx_word' id='word_1_269' title='bbox 1083 3007 1186 3070; x_wconf 90' lang='lat' dir='ltr'><strong>maris</strong></span> <span class='ocrx_word' id='word_1_270' title='bbox 1200 3023 1346 3082; x_wconf 57' lang='lat' dir='ltr'><strong>,vorasse</strong></span> <span class='ocrx_word' id='word_1_271' title='bbox 1368 3007 1534 3072; x_wconf 88' lang='lat' dir='ltr'><strong>bonorum</strong></span> <span class='ocrx_word' id='word_1_272' title='bbox 1560 3025 1602 3072; x_wconf 83' lang='lat' dir='ltr'><strong>ex</strong></span> <span class='ocrx_word' id='word_1_273' title='bbox 1627 3008 1720 3074; x_wconf 89' lang='lat' dir='ltr'><strong>unda</strong></span> <span class='ocrx_word' id='word_1_274' title='bbox 1741 3010 1837 3074; x_wconf 81' lang='lat' dir='ltr'><strong>oolle</strong></span> 
     </span>
    </p>

    <p class='ocr_par' dir='ltr' id='par_1_6' title="bbox 995 3112 1508 3176">
     <span class='ocr_line' id='line_1_26' title="bbox 995 3112 1508 3176; baseline -0.002 0"><span class='ocrx_word' id='word_1_275' title='bbox 995 3151 998 3158; x_wconf 90' lang='lat'>·</span> <span class='ocrx_word' id='word_1_276' title='bbox 1084 3115 1218 3176; x_wconf 87' lang='lat' dir='ltr'><strong>otorum</strong></span> <span class='ocrx_word' id='word_1_277' title='bbox 1235 3112 1508 3176; x_wconf 81' lang='lat' dir='ltr'><strong>immensitatem.</strong></span> 
     </span>
    </p>

    <p class='ocr_par' dir='ltr' id='par_1_7' title="bbox 286 3214 1836 3619">
     <span class='ocr_line' id='line_1_27' title="bbox 331 3214 1836 3301; baseline -0.002 -18"><span class='ocrx_word' id='word_1_278' title='bbox 331 3214 402 3283; x_wconf 84' lang='grc' dir='ltr'><strong>Οὐκ</strong></span> <span class='ocrx_word' id='word_1_279' title='bbox 423 3217 463 3282; x_wconf 82' lang='grc' dir='ltr'><strong>δν</strong></span> <span class='ocrx_word' id='word_1_280' title='bbox 489 3215 627 3301; x_wconf 77' lang='grc' dir='ltr'><strong>Μωῦσης</strong></span> <span class='ocrx_word' id='word_1_281' title='bbox 648 3215 777 3301; x_wconf 84' lang='grc' dir='ltr'><strong>κληθείς</strong></span> <span class='ocrx_word' id='word_1_282' title='bbox 800 3215 881 3296; x_wconf 87' lang='grc' dir='ltr'><strong>Θεδς</strong></span> <span class='ocrx_word' id='word_1_283' title='bbox 905 3214 1039 3301; x_wconf 82' lang='grc' dir='ltr'><strong>Φαραὼ,</strong></span> <span class='ocrx_word' id='word_1_284' title='bbox 1125 3217 1199 3281; x_wconf 87' lang='lat' dir='ltr'><strong>Non</strong></span> <span class='ocrx_word' id='word_1_285' title='bbox 1218 3215 1291 3297; x_wconf 83' lang='lat' dir='ltr'><strong>J&#39;arn</strong></span> <span class='ocrx_word' id='word_1_286' title='bbox 1306 3218 1396 3281; x_wconf 88' lang='lat' dir='ltr'><strong>siout</strong></span> <span class='ocrx_word' id='word_1_287' title='bbox 1411 3219 1541 3299; x_wconf 82' lang='lat' dir='ltr'><strong>Moyses</strong></span> <span class='ocrx_word' id='word_1_288' title='bbox 1558 3217 1670 3282; x_wconf 86' lang='lat' dir='ltr'><strong>dietus</strong></span> <span class='ocrx_word' id='word_1_289' title='bbox 1689 3221 1743 3282; x_wconf 89' lang='lat' dir='ltr'><strong>est</strong></span> <span class='ocrx_word' id='word_1_290' title='bbox 1757 3216 1836 3282; x_wconf 87' lang='lat' dir='ltr'><strong>deus</strong></span> 
     </span>
     <span class='ocr_line' id='line_1_28' title="bbox 287 3319 1836 3406; baseline -0.001 -19"><span class='ocrx_word' id='word_1_291' title='bbox 287 3321 343 3387; x_wconf 89' lang='grc' dir='ltr'><strong>καί</strong></span> <span class='ocrx_word' id='word_1_292' title='bbox 358 3319 387 3385; x_wconf 89' lang='lat' dir='ltr'><strong>oi</strong></span> <span class='ocrx_word' id='word_1_293' title='bbox 409 3322 495 3406; x_wconf 90' lang='grc' dir='ltr'><strong>άγιοι</strong></span> <span class='ocrx_word' id='word_1_294' title='bbox 516 3321 593 3406; x_wconf 83' lang='grc' dir='ltr'><strong>πρὸς</strong></span> <span class='ocrx_word' id='word_1_295' title='bbox 617 3321 670 3398; x_wconf 85' lang='grc' dir='ltr'><strong>οῦς</strong></span> <span class='ocrx_word' id='word_1_296' title='bbox 693 3322 833 3406; x_wconf 77' lang='grc' dir='ltr'><strong>εἴρηται·</strong></span> <span class='ocrx_word' id='word_1_297' title='bbox 858 3319 934 3387; x_wconf 81' lang='grc' dir='ltr'><strong>Θεοί</strong></span> <span class='ocrx_word' id='word_1_298' title='bbox 956 3321 1039 3405; x_wconf 77' lang='grc' dir='ltr'><strong>ἐστὶ,</strong></span> <span class='ocrx_word' id='word_1_299' title='bbox 1082 3322 1247 3403; x_wconf 90' lang='lat' dir='ltr'><strong>Pharaon,</strong></span> <span class='ocrx_word' id='word_1_300' title='bbox 1272 3339 1333 3385; x_wconf 88' lang='lat' dir='ltr'><strong>neo</strong></span> <span class='ocrx_word' id='word_1_301' title='bbox 1356 3321 1445 3386; x_wconf 89' lang='lat' dir='ltr'><strong>siout</strong></span> <span class='ocrx_word' id='word_1_302' title='bbox 1466 3321 1576 3386; x_wconf 88' lang='lat' dir='ltr'><strong>saneti</strong></span> <span class='ocrx_word' id='word_1_303' title='bbox 1600 3322 1644 3386; x_wconf 89' lang='lat' dir='ltr'><strong>ad</strong></span> <span class='ocrx_word' id='word_1_304' title='bbox 1662 3337 1748 3403; x_wconf 90' lang='lat' dir='ltr'><strong>quos</strong></span> <span class='ocrx_word' id='word_1_305' title='bbox 1771 3323 1836 3386; x_wconf 88' lang='lat' dir='ltr'><strong>dio·</strong></span> 
     </span>
     <span class='ocr_line' id='line_1_29' title="bbox 286 3423 1836 3516; baseline -0.001 -26"><span class='ocrx_word' id='word_1_306' title='bbox 286 3424 367 3512; x_wconf 77' lang='grc' dir='ltr'><strong>μήτε</strong></span> <span class='ocrx_word' id='word_1_307' title='bbox 381 3423 423 3504; x_wconf 85' lang='grc' dir='ltr'><strong>ὡς</strong></span> <span class='ocrx_word' id='word_1_308' title='bbox 440 3423 596 3510; x_wconf 86' lang='grc' dir='ltr'><strong>άνθρωπσι</strong></span> <span class='ocrx_word' id='word_1_309' title='bbox 618 3424 881 3510; x_wconf 78' lang='grc' dir='ltr'><strong>ἀποθνήσκοντες,</strong></span> <span class='ocrx_word' id='word_1_310' title='bbox 899 3425 979 3513; x_wconf 77' lang='grc' dir='ltr'><strong>μήτε</strong></span> <span class='ocrx_word' id='word_1_311' title='bbox 994 3426 1036 3506; x_wconf 83' lang='grc' dir='ltr'><strong>ὡς</strong></span> <span class='ocrx_word' id='word_1_312' title='bbox 1081 3432 1155 3490; x_wconf 89' lang='lat' dir='ltr'><strong>tum</strong></span> <span class='ocrx_word' id='word_1_313' title='bbox 1172 3431 1239 3491; x_wconf 83' lang='lat' dir='ltr'><strong>est:</strong></span> <span class='ocrx_word' id='word_1_314' title='bbox 1266 3425 1348 3489; x_wconf 84' lang='lat' dir='ltr'><strong>«Dii</strong></span> <span class='ocrx_word' id='word_1_315' title='bbox 1363 3426 1454 3505; x_wconf 88' lang='lat' dir='ltr'><strong>estis,</strong></span> <span class='ocrx_word' id='word_1_316' title='bbox 1469 3445 1485 3486; x_wconf 83' lang='grc' dir='ltr'><strong>ν</strong></span> <span class='ocrx_word' id='word_1_317' title='bbox 1503 3443 1566 3490; x_wconf 89' lang='lat' dir='ltr'><strong>neo</strong></span> <span class='ocrx_word' id='word_1_318' title='bbox 1580 3425 1669 3516; x_wconf 84' lang='lat' dir='ltr'><strong>siout</strong></span> <span class='ocrx_word' id='word_1_319' title='bbox 1684 3426 1836 3490; x_wconf 88' lang='lat' dir='ltr'><strong>homines</strong></span> 
     </span>
     <span class='ocr_line' id='line_1_30' title="bbox 286 3529 1833 3619; baseline -0.002 -24"><span class='ocrx_word' id='word_1_320' title='bbox 286 3531 331 3608; x_wconf 88' lang='grc' dir='ltr'><strong>είς</strong></span> <span class='ocrx_word' id='word_1_321' title='bbox 346 3539 408 3596; x_wconf 89' lang='grc' dir='ltr'><strong>τῦν</strong></span> <span class='ocrx_word' id='word_1_322' title='bbox 428 3531 591 3617; x_wconf 81' lang='grc' dir='ltr'><strong>ἀρχόντων</strong></span> <span class='ocrx_word' id='word_1_323' title='bbox 612 3529 787 3613; x_wconf 87' lang='grc' dir='ltr'><strong>πίπτοντες,</strong></span> <span class='ocrx_word' id='word_1_324' title='bbox 803 3529 926 3619; x_wconf 81' lang='grc' dir='ltr'><strong>λέγοιεν</strong></span> <span class='ocrx_word' id='word_1_325' title='bbox 941 3531 980 3597; x_wconf 82' lang='grc' dir='ltr'><strong>δν</strong></span> <span class='ocrx_word' id='word_1_326' title='bbox 1002 3533 1039 3597; x_wconf 84' lang='grc' dir='ltr'><strong>τά</strong></span> <span class='ocrx_word' id='word_1_327' title='bbox 1081 3529 1550 3612; x_wconf 85' lang='lat' dir='ltr'><strong>morientea,atqueoadentes</strong></span> <span class='ocrx_word' id='word_1_328' title='bbox 1563 3533 1603 3592; x_wconf 91' lang='lat' dir='ltr'><strong>ut</strong></span> <span class='ocrx_word' id='word_1_329' title='bbox 1615 3530 1833 3611; x_wconf 88' lang='lat' dir='ltr'><strong>nnusprinoi·</strong></span> 
     </span>
    </p>
   </div>
   <div class='ocr_carea' id='block_1_5' title="bbox 250 3631 1948 4032">
    <p class='ocr_par' dir='ltr' id='par_1_8' title="bbox 250 3631 1948 4032">
     <span class='ocr_line' id='line_1_31' title="bbox 285 3631 1948 3722; baseline 0.001 -24"><span class='ocrx_word' id='word_1_330' title='bbox 285 3632 373 3721; x_wconf 66' lang='lat' dir='ltr'><strong>ip’rp</strong></span> <span class='ocrx_word' id='word_1_331' title='bbox 388 3634 571 3722; x_wconf 80' lang='grc' dir='ltr'><strong>ἐγκαλεῖται</strong></span> <span class='ocrx_word' id='word_1_332' title='bbox 587 3634 604 3699; x_wconf 85' lang='grc' dir='ltr'><strong>ὁ</strong></span> <span class='ocrx_word' id='word_1_333' title='bbox 622 3635 729 3720; x_wconf 84' lang='grc' dir='ltr'><strong>άρχων</strong></span> <span class='ocrx_word' id='word_1_334' title='bbox 750 3634 864 3719; x_wconf 82' lang='grc' dir='ltr'><strong>Τύρου·</strong></span> <span class='ocrx_word' id='word_1_335' title='bbox 880 3635 962 3713; x_wconf 89' lang='grc' dir='ltr'><strong>Θεός</strong></span> <span class='ocrx_word' id='word_1_336' title='bbox 978 3636 1039 3722; x_wconf 86' lang='grc' dir='ltr'><strong>είμι</strong></span> <span class='ocrx_word' id='word_1_337' title='bbox 1081 3653 1173 3718; x_wconf 90' lang='lat' dir='ltr'><strong>pum,</strong></span> <span class='ocrx_word' id='word_1_338' title='bbox 1196 3636 1246 3699; x_wconf 91' lang='lat' dir='ltr'><strong>sio</strong></span> <span class='ocrx_word' id='word_1_339' title='bbox 1268 3634 1391 3698; x_wconf 80' lang='lat' dir='ltr'><strong>dixerit</strong></span> <span class='ocrx_word' id='word_1_340' title='bbox 1405 3635 1465 3715; x_wconf 89' lang='lat' dir='ltr'><strong>qui</strong></span> <span class='ocrx_word' id='word_1_341' title='bbox 1481 3635 1677 3715; x_wconf 82' lang='lat' dir='ltr'><strong>increpatur</strong></span> <span class='ocrx_word' id='word_1_342' title='bbox 1691 3635 1756 3698; x_wconf 88' lang='lat' dir='ltr'><strong>iste</strong></span> <span class='ocrx_word' id='word_1_343' title='bbox 1772 3637 1832 3717; x_wconf 84' lang='lat' dir='ltr'><strong>Ty·</strong></span> <span class='ocrx_word' id='word_1_344' title='bbox 1947 3631 1948 3638; x_wconf 73' lang='grc'>’</span> 
     </span>
     <span class='ocr_line' id='line_1_32' title="bbox 250 3729 1948 3826; baseline -0.002 -23"><span class='ocrx_word' id='word_1_345' title='bbox 250 3729 253 3735; x_wconf 77' lang='grc'>’</span> <span class='ocrx_word' id='word_1_346' title='bbox 285 3737 360 3826; x_wconf 71' lang='grc' dir='ltr'><strong>ἐγὼ,</strong></span> <span class='ocrx_word' id='word_1_347' title='bbox 389 3737 558 3806; x_wconf 88' lang='grc' dir='ltr'><strong>κατοικίαν</strong></span> <span class='ocrx_word' id='word_1_348' title='bbox 588 3738 672 3806; x_wconf 83' lang='grc' dir='ltr'><strong>Θεοῦ</strong></span> <span class='ocrx_word' id='word_1_349' title='bbox 700 3738 887 3826; x_wconf 85' lang='grc' dir='ltr'><strong>κατῴκησα.</strong></span> <span class='ocrx_word' id='word_1_350' title='bbox 915 3735 1038 3824; x_wconf 88' lang='grc' dir='ltr'><strong>Ὥσπερ</strong></span> <span class='ocrx_word' id='word_1_351' title='bbox 1080 3739 1110 3802; x_wconf 95' lang='lat' dir='ltr'><strong>ri</strong></span> <span class='ocrx_word' id='word_1_352' title='bbox 1132 3739 1303 3822; x_wconf 77' lang='lat' dir='ltr'><strong>princeps:</strong></span> <span class='ocrx_word' id='word_1_353' title='bbox 1326 3740 1415 3803; x_wconf 75' lang='lat' dir='ltr'><strong>Deus</strong></span> <span class='ocrx_word' id='word_1_354' title='bbox 1435 3753 1508 3802; x_wconf 79' lang='lat' dir='ltr'><strong>ram</strong></span> <span class='ocrx_word' id='word_1_355' title='bbox 1530 3753 1594 3820; x_wconf 83' lang='grc' dir='ltr'><strong>ορο,</strong></span> <span class='ocrx_word' id='word_1_356' title='bbox 1616 3736 1834 3805; x_wconf 67' lang='lat' dir='ltr'><strong>tetracolon</strong></span> <span class='ocrx_word' id='word_1_357' title='bbox 1947 3793 1948 3800; x_wconf 74' lang='grc'><strong>,</strong></span> 
     </span>
     <span class='ocr_line' id='line_1_33' title="bbox 284 3839 1948 3929; baseline -0.001 -22"><span class='ocrx_word' id='word_1_358' title='bbox 284 3843 358 3928; x_wconf 85' lang='grc' dir='ltr'><strong>γάρ,</strong></span> <span class='ocrx_word' id='word_1_359' title='bbox 373 3845 462 3928; x_wconf 82' lang='grc' dir='ltr'><strong>φησί,</strong></span> <span class='ocrx_word' id='word_1_360' title='bbox 484 3842 565 3920; x_wconf 85' lang='grc' dir='ltr'><strong>Θεὸς</strong></span> <span class='ocrx_word' id='word_1_361' title='bbox 586 3843 621 3909; x_wconf 78' lang='grc' dir='ltr'><strong>ἐν</strong></span> <span class='ocrx_word' id='word_1_362' title='bbox 643 3842 765 3929; x_wconf 77' lang='grc' dir='ltr'><strong>οὐρανῷ</strong></span> <span class='ocrx_word' id='word_1_363' title='bbox 787 3844 847 3929; x_wconf 72' lang='grc' dir='ltr'><strong>τὴν</strong></span> <span class='ocrx_word' id='word_1_364' title='bbox 873 3841 1038 3908; x_wconf 87' lang='grc' dir='ltr'><strong>κατοικίαν</strong></span> <span class='ocrx_word' id='word_1_365' title='bbox 1080 3841 1344 3922; x_wconf 74' lang='lat' dir='ltr'><strong>Deiiaiaditooi.</strong></span> <span class='ocrx_word' id='word_1_366' title='bbox 1358 3840 1500 3905; x_wconf 87' lang='lat' dir='ltr'><strong>Perinde</strong></span> <span class='ocrx_word' id='word_1_367' title='bbox 1513 3843 1832 3922; x_wconf 85' lang='lat' dir='ltr'><strong>enim,ait,aeDeus</strong></span> <span class='ocrx_word' id='word_1_368' title='bbox 1947 3839 1948 3844; x_wconf 74' lang='grc'>’</span> 
     </span>
     <span class='ocr_line' id='line_1_34' title="bbox 285 3935 1948 4032; baseline 0.002 -22"><span class='ocrx_word' id='word_1_369' title='bbox 285 3945 380 4030; x_wconf 75' lang='grc' dir='ltr'><strong>ἔχων,</strong></span> <span class='ocrx_word' id='word_1_370' title='bbox 396 3945 585 4032; x_wconf 78' lang='grc' dir='ltr'><strong>ἀσύγκριτον</strong></span> <span class='ocrx_word' id='word_1_371' title='bbox 608 3947 676 4032; x_wconf 78' lang='grc' dir='ltr'><strong>ἔχει</strong></span> <span class='ocrx_word' id='word_1_372' title='bbox 690 3947 750 4032; x_wconf 85' lang='grc' dir='ltr'><strong>τὴν</strong></span> <span class='ocrx_word' id='word_1_373' title='bbox 769 3945 871 4032; x_wconf 83' lang='grc' dir='ltr'><strong>ἰσχὺν,</strong></span> <span class='ocrx_word' id='word_1_374' title='bbox 887 3948 969 4010; x_wconf 77' lang='grc' dir='ltr'><strong>οὕτω</strong></span> <span class='ocrx_word' id='word_1_375' title='bbox 984 3947 1039 4012; x_wconf 84' lang='grc' dir='ltr'><strong>καί</strong></span> <span class='ocrx_word' id='word_1_376' title='bbox 1080 3946 1116 4009; x_wconf 89' lang='lat' dir='ltr'><strong>in</strong></span> <span class='ocrx_word' id='word_1_377' title='bbox 1133 3948 1215 4011; x_wconf 83' lang='lat' dir='ltr'><strong>oaelo</strong></span> <span class='ocrx_word' id='word_1_378' title='bbox 1231 3947 1441 4010; x_wconf 78' lang='lat' dir='ltr'><strong>domicilium</strong></span> <span class='ocrx_word' id='word_1_379' title='bbox 1463 3945 1602 4026; x_wconf 87' lang='lat' dir='ltr'><strong>habens,</strong></span> <span class='ocrx_word' id='word_1_380' title='bbox 1625 3947 1832 4028; x_wconf 75' lang='lat' dir='ltr'><strong>incompara-</strong></span> <span class='ocrx_word' id='word_1_381' title='bbox 1947 3935 1948 4014; x_wconf 72' lang='grc' dir='ltr'><strong>ι</strong></span> 
     </span>
    </p>
   </div>
   <div class='ocr_carea' id='block_1_6' title="bbox 285 4048 1855 4242">
    <p class='ocr_par' dir='ltr' id='par_1_9' title="bbox 285 4048 1855 4242">
     <span class='ocr_line' id='line_1_35' title="bbox 287 4048 1832 4137; baseline -0.003 -21"><span class='ocrx_word' id='word_1_382' title='bbox 287 4051 381 4128; x_wconf 72' lang='grc' dir='ltr'><strong>αυτὸς</strong></span> <span class='ocrx_word' id='word_1_383' title='bbox 396 4051 550 4137; x_wconf 90' lang='grc' dir='ltr'><strong>παράλιον</strong></span> <span class='ocrx_word' id='word_1_384' title='bbox 573 4057 731 4117; x_wconf 83' lang='grc' dir='ltr'><strong>κατοικῶν</strong></span> <span class='ocrx_word' id='word_1_385' title='bbox 745 4048 847 4131; x_wconf 84' lang='grc' dir='ltr'><strong>πάλιν,</strong></span> <span class='ocrx_word' id='word_1_386' title='bbox 871 4050 913 4114; x_wconf 81' lang='grc' dir='ltr'><strong>τά</strong></span> <span class='ocrx_word' id='word_1_387' title='bbox 927 4050 968 4115; x_wconf 74' lang='grc' dir='ltr'><strong>ὲκ</strong></span> <span class='ocrx_word' id='word_1_388' title='bbox 982 4059 1039 4135; x_wconf 78' lang='grc' dir='ltr'><strong>της</strong></span> <span class='ocrx_word' id='word_1_389' title='bbox 1080 4049 1184 4114; x_wconf 90' lang='lat' dir='ltr'><strong>bilem</strong></span> <span class='ocrx_word' id='word_1_390' title='bbox 1206 4051 1278 4113; x_wconf 79' lang='lat' dir='ltr'><strong>vim</strong></span> <span class='ocrx_word' id='word_1_391' title='bbox 1300 4049 1458 4130; x_wconf 84' lang='lat' dir='ltr'><strong>possidet,</strong></span> <span class='ocrx_word' id='word_1_392' title='bbox 1482 4049 1530 4112; x_wconf 91' lang='lat' dir='ltr'><strong>ita</strong></span> <span class='ocrx_word' id='word_1_393' title='bbox 1545 4053 1579 4113; x_wconf 88' lang='lat' dir='ltr'><strong>et</strong></span> <span class='ocrx_word' id='word_1_394' title='bbox 1594 4050 1665 4130; x_wconf 91' lang='lat' dir='ltr'><strong>ipse</strong></span> <span class='ocrx_word' id='word_1_395' title='bbox 1682 4065 1748 4129; x_wconf 75' lang='lat' dir='ltr'><strong>ego</strong></span> <span class='ocrx_word' id='word_1_396' title='bbox 1764 4066 1832 4114; x_wconf 88' lang='lat' dir='ltr'><strong>ma·</strong></span> 
     </span>
     <span class='ocr_line' id='line_1_36' title="bbox 285 4151 1855 4242; baseline -0.003 -22"><span class='ocrx_word' id='word_1_397' title='bbox 285 4153 451 4241; x_wconf 79' lang='grc' dir='ltr'><strong>θαλάττης</strong></span> <span class='ocrx_word' id='word_1_398' title='bbox 465 4153 635 4242; x_wconf 71' lang='grc' dir='ltr'><strong>κομίζομαι</strong></span> <span class='ocrx_word' id='word_1_399' title='bbox 657 4154 774 4241; x_wconf 85' lang='grc' dir='ltr'><strong>άγαθά,</strong></span> <span class='ocrx_word' id='word_1_400' title='bbox 789 4153 938 4240; x_wconf 86' lang='grc' dir='ltr'><strong>κρείττων</strong></span> <span class='ocrx_word' id='word_1_401' title='bbox 952 4155 1038 4221; x_wconf 87' lang='grc' dir='ltr'><strong>κατά</strong></span> <span class='ocrx_word' id='word_1_402' title='bbox 1080 4155 1191 4218; x_wconf 88' lang='lat' dir='ltr'><strong>rinam</strong></span> <span class='ocrx_word' id='word_1_403' title='bbox 1217 4154 1391 4218; x_wconf 82' lang='lat' dir='ltr'><strong>civitatem</strong></span> <span class='ocrx_word' id='word_1_404' title='bbox 1421 4153 1582 4230; x_wconf 82' lang='lat' dir='ltr'><strong>incolens,</strong></span> <span class='ocrx_word' id='word_1_405' title='bbox 1612 4151 1701 4216; x_wconf 86' lang='lat' dir='ltr'><strong>bona</strong></span> <span class='ocrx_word' id='word_1_406' title='bbox 1731 4152 1855 4238; x_wconf 50' lang='lat' dir='ltr'><strong>maris,</strong></span> 
     </span>
    </p>
   </div>
   <div class='ocr_carea' id='block_1_7' title="bbox 285 4256 1948 4346">
    <p class='ocr_par' dir='ltr' id='par_1_10' title="bbox 285 4256 1948 4346">
     <span class='ocr_line' id='line_1_37' title="bbox 285 4256 1948 4346; baseline -0.004 -22"><span class='ocrx_word' id='word_1_407' title='bbox 285 4279 321 4324; x_wconf 92' lang='grc' dir='ltr'><strong>τε</strong></span> <span class='ocrx_word' id='word_1_408' title='bbox 336 4257 449 4344; x_wconf 81' lang='grc' dir='ltr'><strong>σοφίαν</strong></span> <span class='ocrx_word' id='word_1_409' title='bbox 463 4260 519 4324; x_wconf 85' lang='grc' dir='ltr'><strong>καί</strong></span> <span class='ocrx_word' id='word_1_410' title='bbox 534 4259 626 4346; x_wconf 80' lang='grc' dir='ltr'><strong>ἰσχὺν</strong></span> <span class='ocrx_word' id='word_1_411' title='bbox 641 4257 789 4324; x_wconf 80' lang='grc' dir='ltr'><strong>ἁπάντων</strong></span> <span class='ocrx_word' id='word_1_412' title='bbox 805 4259 980 4345; x_wconf 85' lang='grc' dir='ltr'><strong>τυγχάνων.</strong></span> <span class='ocrx_word' id='word_1_413' title='bbox 1080 4257 1245 4340; x_wconf 83' lang='lat' dir='ltr'><strong>possideo,</strong></span> <span class='ocrx_word' id='word_1_414' title='bbox 1271 4257 1331 4339; x_wconf 89' lang='lat' dir='ltr'><strong>qui</strong></span> <span class='ocrx_word' id='word_1_415' title='bbox 1345 4274 1421 4320; x_wconf 92' lang='lat' dir='ltr'><strong>sum</strong></span> <span class='ocrx_word' id='word_1_416' title='bbox 1450 4256 1607 4322; x_wconf 83' lang='lat' dir='ltr'><strong>omnibus</strong></span> <span class='ocrx_word' id='word_1_417' title='bbox 1622 4257 1790 4338; x_wconf 87' lang='lat' dir='ltr'><strong>sapientia</strong></span> <span class='ocrx_word' id='word_1_418' title='bbox 1805 4259 1836 4319; x_wconf 92' lang='lat' dir='ltr'><strong>et</strong></span> <span class='ocrx_word' id='word_1_419' title='bbox 1947 4291 1948 4302; x_wconf 35' lang='grc' dir='ltr'><strong>ι</strong></span> 
     </span>
    </p>
   </div>
   <div class='ocr_carea' id='block_1_8' title="bbox 285 4360 1859 5076">
    <p class='ocr_par' dir='ltr' id='par_1_11' title="bbox 285 4360 1834 4972">
     <span class='ocr_line' id='line_1_38' title="bbox 329 4360 1473 4448; baseline -0.003 -21"><span class='ocrx_word' id='word_1_420' title='bbox 329 4381 361 4427; x_wconf 87' lang='grc' dir='ltr'><strong>ν.</strong></span> <span class='ocrx_word' id='word_1_421' title='bbox 378 4363 408 4427; x_wconf 82' lang='grc'><strong>5.</strong></span> <span class='ocrx_word' id='word_1_422' title='bbox 423 4360 488 4430; x_wconf 81' lang='grc' dir='ltr'><strong>Καὶ</strong></span> <span class='ocrx_word' id='word_1_423' title='bbox 499 4360 673 4428; x_wconf 82' lang='grc' dir='ltr'><strong>καταθαλῦι</strong></span> <span class='ocrx_word' id='word_1_424' title='bbox 684 4381 721 4425; x_wconf 89' lang='grc' dir='ltr'><strong>σε</strong></span> <span class='ocrx_word' id='word_1_425' title='bbox 731 4361 767 4426; x_wconf 78' lang='grc' dir='ltr'><strong>ἐν</strong></span> <span class='ocrx_word' id='word_1_426' title='bbox 778 4360 880 4448; x_wconf 78' lang='grc' dir='ltr'><strong>τάχει,</strong></span> <span class='ocrx_word' id='word_1_427' title='bbox 892 4363 947 4428; x_wconf 86' lang='grc' dir='ltr'><strong>καί</strong></span> <span class='ocrx_word' id='word_1_428' title='bbox 962 4363 1039 4429; x_wconf 90' lang='grc' dir='ltr'><strong>πάν·</strong></span> <span class='ocrx_word' id='word_1_429' title='bbox 1080 4361 1279 4426; x_wconf 81' lang='lat' dir='ltr'><strong>fortitudine</strong></span> <span class='ocrx_word' id='word_1_430' title='bbox 1293 4362 1473 4443; x_wconf 90' lang='lat' dir='ltr'><strong>potentior.</strong></span> 
     </span>
     <span class='ocr_line' id='line_1_39' title="bbox 286 4465 1833 4554; baseline 0.001 -23"><span class='ocrx_word' id='word_1_431' title='bbox 286 4487 343 4545; x_wconf 90' lang='grc' dir='ltr'><strong>τας</strong></span> <span class='ocrx_word' id='word_1_432' title='bbox 358 4469 431 4546; x_wconf 82' lang='grc' dir='ltr'><strong>τοὺς</strong></span> <span class='ocrx_word' id='word_1_433' title='bbox 452 4466 563 4554; x_wconf 81' lang='grc' dir='ltr'><strong>ίγθάας</strong></span> <span class='ocrx_word' id='word_1_434' title='bbox 578 4476 635 4533; x_wconf 92' lang='grc' dir='ltr'><strong>τσῦ</strong></span> <span class='ocrx_word' id='word_1_435' title='bbox 654 4475 800 4552; x_wconf 79' lang='grc' dir='ltr'><strong>ποταμοῦ</strong></span> <span class='ocrx_word' id='word_1_436' title='bbox 816 4487 882 4532; x_wconf 92' lang='grc' dir='ltr'><strong>σου·</strong></span> <span class='ocrx_word' id='word_1_437' title='bbox 899 4465 951 4532; x_wconf 80' lang='grc' dir='ltr'><strong>ἐπί</strong></span> <span class='ocrx_word' id='word_1_438' title='bbox 965 4466 1039 4553; x_wconf 77' lang='grc' dir='ltr'><strong>πρά·</strong></span> <span class='ocrx_word' id='word_1_439' title='bbox 1124 4469 1201 4531; x_wconf 77' lang='lat' dir='ltr'><strong>Cas.</strong></span> <span class='ocrx_word' id='word_1_440' title='bbox 1217 4484 1318 4548; x_wconf 82' lang='lat' dir='ltr'><strong>xxix,</strong></span> <span class='ocrx_word' id='word_1_441' title='bbox 1337 4484 1369 4529; x_wconf 92' lang='lat' dir='ltr'><strong>v.</strong></span> <span class='ocrx_word' id='word_1_442' title='bbox 1386 4467 1416 4529; x_wconf 87' lang='lat'><strong>5.</strong></span> <span class='ocrx_word' id='word_1_443' title='bbox 1427 4467 1478 4534; x_wconf 58' lang='lat' dir='ltr'><strong>,Et</strong></span> <span class='ocrx_word' id='word_1_444' title='bbox 1491 4465 1668 4547; x_wconf 73' lang='lat' dir='ltr'><strong>projiciam</strong></span> <span class='ocrx_word' id='word_1_445' title='bbox 1682 4470 1713 4532; x_wconf 75' lang='lat' dir='ltr'><strong>tr</strong></span> <span class='ocrx_word' id='word_1_446' title='bbox 1726 4467 1790 4533; x_wconf 82' lang='lat' dir='ltr'><strong>cito</strong></span> <span class='ocrx_word' id='word_1_447' title='bbox 1803 4469 1833 4532; x_wconf 81' lang='lat' dir='ltr'><strong>ei</strong></span> 
     </span>
     <span class='ocr_line' id='line_1_40' title="bbox 287 4568 1834 4657; baseline 0.001 -22"><span class='ocrx_word' id='word_1_448' title='bbox 287 4589 393 4635; x_wconf 89' lang='grc' dir='ltr'><strong>σωπσν</strong></span> <span class='ocrx_word' id='word_1_449' title='bbox 404 4579 460 4636; x_wconf 92' lang='grc' dir='ltr'><strong>τοῦ</strong></span> <span class='ocrx_word' id='word_1_450' title='bbox 473 4568 580 4636; x_wconf 88' lang='grc' dir='ltr'><strong>πεδίου</strong></span> <span class='ocrx_word' id='word_1_451' title='bbox 595 4568 689 4654; x_wconf 76' lang='grc' dir='ltr'><strong>πέσῃ,</strong></span> <span class='ocrx_word' id='word_1_452' title='bbox 701 4571 757 4634; x_wconf 89' lang='grc' dir='ltr'><strong>καὶ</strong></span> <span class='ocrx_word' id='word_1_453' title='bbox 773 4571 809 4636; x_wconf 82' lang='grc' dir='ltr'><strong>οῦ</strong></span> <span class='ocrx_word' id='word_1_454' title='bbox 822 4571 865 4656; x_wconf 81' lang='grc' dir='ltr'><strong>μὴ</strong></span> <span class='ocrx_word' id='word_1_455' title='bbox 878 4569 1039 4657; x_wconf 78' lang='grc' dir='ltr'><strong>συναχθῇς</strong></span> <span class='ocrx_word' id='word_1_456' title='bbox 1082 4587 1189 4638; x_wconf 73' lang='lat' dir='ltr'><strong>omnes</strong></span> <span class='ocrx_word' id='word_1_457' title='bbox 1203 4573 1314 4653; x_wconf 76' lang='lat' dir='ltr'><strong>piscar</strong></span> <span class='ocrx_word' id='word_1_458' title='bbox 1326 4571 1485 4657; x_wconf 73' lang='lat' dir='ltr'><strong>fluminis</strong></span> <span class='ocrx_word' id='word_1_459' title='bbox 1510 4571 1581 4650; x_wconf 67' lang='grc' dir='ltr'><strong>ιιι,</strong></span> <span class='ocrx_word' id='word_1_460' title='bbox 1599 4571 1834 4654; x_wconf 73' lang='lat' dir='ltr'><strong>supersectam</strong></span> 
     </span>
     <span class='ocr_line' id='line_1_41' title="bbox 285 4672 1830 4762; baseline 0.001 -22"><span class='ocrx_word' id='word_1_461' title='bbox 285 4675 341 4740; x_wconf 87' lang='grc' dir='ltr'><strong>καί</strong></span> <span class='ocrx_word' id='word_1_462' title='bbox 363 4673 400 4739; x_wconf 84' lang='grc' dir='ltr'><strong>οὐ</strong></span> <span class='ocrx_word' id='word_1_463' title='bbox 428 4675 471 4761; x_wconf 80' lang='grc' dir='ltr'><strong>μὴ</strong></span> <span class='ocrx_word' id='word_1_464' title='bbox 500 4673 710 4760; x_wconf 81' lang='grc' dir='ltr'><strong>περισταλῇς·</strong></span> <span class='ocrx_word' id='word_1_465' title='bbox 732 4679 797 4751; x_wconf 85' lang='grc' dir='ltr'><strong>τοῖς</strong></span> <span class='ocrx_word' id='word_1_466' title='bbox 826 4672 951 4760; x_wconf 83' lang='grc' dir='ltr'><strong>θηρίοις</strong></span> <span class='ocrx_word' id='word_1_467' title='bbox 982 4685 1039 4762; x_wconf 75' lang='grc' dir='ltr'><strong>τῆς</strong></span> <span class='ocrx_word' id='word_1_468' title='bbox 1080 4677 1186 4758; x_wconf 77' lang='lat' dir='ltr'><strong>compi</strong></span> <span class='ocrx_word' id='word_1_469' title='bbox 1205 4675 1306 4756; x_wconf 73' lang='lat' dir='ltr'><strong>cadas,</strong></span> <span class='ocrx_word' id='word_1_470' title='bbox 1322 4675 1570 4758; x_wconf 61' lang='lat' dir='ltr'><strong>maalmam,</strong></span> <span class='ocrx_word' id='word_1_471' title='bbox 1584 4691 1685 4758; x_wconf 69' lang='lat' dir='ltr'><strong>myrea</strong></span> <span class='ocrx_word' id='word_1_472' title='bbox 1698 4677 1830 4742; x_wconf 64' lang='lat' dir='ltr'><strong>cirenae</strong></span> 
     </span>
     <span class='ocr_line' id='line_1_42' title="bbox 285 4773 1829 4866; baseline -0.002 -23"><span class='ocrx_word' id='word_1_473' title='bbox 285 4785 347 4866; x_wconf 85' lang='grc' dir='ltr'><strong>γης</strong></span> <span class='ocrx_word' id='word_1_474' title='bbox 369 4779 424 4844; x_wconf 89' lang='grc' dir='ltr'><strong>καί</strong></span> <span class='ocrx_word' id='word_1_475' title='bbox 439 4787 503 4858; x_wconf 86' lang='grc' dir='ltr'><strong>τοῖς</strong></span> <span class='ocrx_word' id='word_1_476' title='bbox 526 4787 678 4858; x_wconf 72' lang='grc' dir='ltr'><strong>πετεινοῖς</strong></span> <span class='ocrx_word' id='word_1_477' title='bbox 693 4787 749 4845; x_wconf 90' lang='grc' dir='ltr'><strong>τοῦ</strong></span> <span class='ocrx_word' id='word_1_478' title='bbox 764 4779 898 4865; x_wconf 84' lang='grc' dir='ltr'><strong>οὐρανοῦ</strong></span> <span class='ocrx_word' id='word_1_479' title='bbox 914 4777 1040 4846; x_wconf 78' lang='grc' dir='ltr'><strong>δέδωκά</strong></span> <span class='ocrx_word' id='word_1_480' title='bbox 1080 4779 1246 4864; x_wconf 72' lang='grc' dir='ltr'><strong>ἱίροοειθῦ.</strong></span> <span class='ocrx_word' id='word_1_481' title='bbox 1266 4778 1390 4844; x_wconf 79' lang='lat' dir='ltr'><strong>Bestiia</strong></span> <span class='ocrx_word' id='word_1_482' title='bbox 1405 4785 1500 4845; x_wconf 75' lang='lat' dir='ltr'><strong>terra</strong></span> <span class='ocrx_word' id='word_1_483' title='bbox 1514 4783 1546 4844; x_wconf 83' lang='lat' dir='ltr'><strong>et</strong></span> <span class='ocrx_word' id='word_1_484' title='bbox 1559 4778 1743 4845; x_wconf 71' lang='lat' dir='ltr'><strong>volueribus</strong></span> <span class='ocrx_word' id='word_1_485' title='bbox 1759 4773 1829 4845; x_wconf 81' lang='grc' dir='ltr'><strong>οσίί</strong></span> 
     </span>
     <span class='ocr_line' id='line_1_43' title="bbox 285 4882 1414 4972; baseline 0 -24"><span class='ocrx_word' id='word_1_486' title='bbox 285 4882 381 4961; x_wconf 83' lang='grc' dir='ltr'><strong>σειίς</strong></span> <span class='ocrx_word' id='word_1_487' title='bbox 397 4882 603 4972; x_wconf 82' lang='grc' dir='ltr'><strong>κατάὸρωμα.</strong></span> <span class='ocrx_word' id='word_1_488' title='bbox 1079 4885 1154 4952; x_wconf 82' lang='lat' dir='ltr'><strong>dedi</strong></span> <span class='ocrx_word' id='word_1_489' title='bbox 1168 4889 1199 4951; x_wconf 85' lang='lat' dir='ltr'><strong>te</strong></span> <span class='ocrx_word' id='word_1_490' title='bbox 1212 4885 1250 4949; x_wconf 85' lang='grc' dir='ltr'><strong>ιἰι</strong></span> <span class='ocrx_word' id='word_1_491' title='bbox 1257 4883 1414 4968; x_wconf 71' lang='lat' dir='ltr'><strong>prodam.</strong></span> 
     </span>
    </p>

    <p class='ocr_par' dir='ltr' id='par_1_12' title="bbox 329 4985 1859 5076">
     <span class='ocr_line' id='line_1_44' title="bbox 329 4985 1859 5076; baseline -0.003 -24"><span class='ocrx_word' id='word_1_492' title='bbox 329 4985 491 5069; x_wconf 86' lang='grc' dir='ltr'><strong>Παθόντος</strong></span> <span class='ocrx_word' id='word_1_493' title='bbox 505 4993 547 5056; x_wconf 82' lang='grc' dir='ltr'><strong>τά</strong></span> <span class='ocrx_word' id='word_1_494' title='bbox 561 4987 775 5076; x_wconf 69' lang='grc' dir='ltr'><strong>προειρημένα</strong></span> <span class='ocrx_word' id='word_1_495' title='bbox 789 4998 845 5055; x_wconf 90' lang='grc' dir='ltr'><strong>τοῦ</strong></span> <span class='ocrx_word' id='word_1_496' title='bbox 861 4986 1039 5076; x_wconf 73' lang='grc' dir='ltr'><strong>ίγιιαθημά-</strong></span> <span class='ocrx_word' id='word_1_497' title='bbox 1124 4992 1213 5054; x_wconf 90' lang='lat' dir='ltr'><strong>Dum</strong></span> <span class='ocrx_word' id='word_1_498' title='bbox 1228 4990 1384 5072; x_wconf 86' lang='lat' dir='ltr'><strong>superius</strong></span> <span class='ocrx_word' id='word_1_499' title='bbox 1401 4989 1491 5054; x_wconf 87' lang='lat' dir='ltr'><strong>diota</strong></span> <span class='ocrx_word' id='word_1_500' title='bbox 1509 5005 1629 5070; x_wconf 84' lang='lat' dir='ltr'><strong>passus</strong></span> <span class='ocrx_word' id='word_1_501' title='bbox 1645 4991 1696 5052; x_wconf 89' lang='lat' dir='ltr'><strong>ast</strong></span> <span class='ocrx_word' id='word_1_502' title='bbox 1720 4985 1827 5064; x_wconf 85' lang='lat' dir='ltr'><strong>draeo,</strong></span> <span class='ocrx_word' id='word_1_503' title='bbox 1856 4997 1859 5008; x_wconf 86' lang='grc'>’</span> 
     </span>
    </p>
   </div>
   <div class='ocr_carea' id='block_1_9' title="bbox 286 5083 1948 5181">
    <p class='ocr_par' dir='ltr' id='par_1_13' title="bbox 286 5083 1948 5181">
     <span class='ocr_line' id='line_1_45' title="bbox 286 5083 1948 5181; baseline -0.001 -28"><span class='ocrx_word' id='word_1_504' title='bbox 286 5108 341 5154; x_wconf 92' lang='grc' dir='ltr'><strong>νου</strong></span> <span class='ocrx_word' id='word_1_505' title='bbox 353 5100 417 5171; x_wconf 88' lang='grc' dir='ltr'><strong>τοῖς</strong></span> <span class='ocrx_word' id='word_1_506' title='bbox 429 5102 582 5181; x_wconf 77' lang='grc' dir='ltr'><strong>ποταμοῖς</strong></span> <span class='ocrx_word' id='word_1_507' title='bbox 594 5091 757 5180; x_wconf 80' lang='grc' dir='ltr'><strong>Αἰγθτπου</strong></span> <span class='ocrx_word' id='word_1_508' title='bbox 769 5091 951 5178; x_wconf 87' lang='grc' dir='ltr'><strong>δράκοντος,</strong></span> <span class='ocrx_word' id='word_1_509' title='bbox 959 5091 1039 5178; x_wconf 80' lang='grc' dir='ltr'><strong>γνά-</strong></span> <span class='ocrx_word' id='word_1_510' title='bbox 1082 5095 1117 5158; x_wconf 92' lang='lat' dir='ltr'><strong>in</strong></span> <span class='ocrx_word' id='word_1_511' title='bbox 1141 5093 1341 5158; x_wconf 85' lang='lat' dir='ltr'><strong>fluminibus</strong></span> <span class='ocrx_word' id='word_1_512' title='bbox 1370 5094 1509 5176; x_wconf 73' lang='lat' dir='ltr'><strong>AEgypti</strong></span> <span class='ocrx_word' id='word_1_513' title='bbox 1532 5092 1757 5173; x_wconf 75' lang='lat' dir='ltr'><strong>requiescens,</strong></span> <span class='ocrx_word' id='word_1_514' title='bbox 1779 5105 1829 5152; x_wconf 91' lang='lat' dir='ltr'><strong>oo·</strong></span> <span class='ocrx_word' id='word_1_515' title='bbox 1947 5083 1948 5094; x_wconf 74' lang='grc'>’</span> 
     </span>
    </p>
   </div>
   <div class='ocr_carea' id='block_1_10' title="bbox 287 5192 1828 5282">
    <p class='ocr_par' dir='ltr' id='par_1_14' title="bbox 287 5192 1828 5282">
     <span class='ocr_line' id='line_1_46' title="bbox 287 5192 1828 5282; baseline -0.001 -23"><span class='ocrx_word' id='word_1_516' title='bbox 287 5213 397 5262; x_wconf 86' lang='grc' dir='ltr'><strong>σονται</strong></span> <span class='ocrx_word' id='word_1_517' title='bbox 428 5193 545 5272; x_wconf 89' lang='grc' dir='ltr'><strong>πάντες</strong></span> <span class='ocrx_word' id='word_1_518' title='bbox 580 5195 609 5262; x_wconf 85' lang='grc' dir='ltr'><strong>οἱ</strong></span> <span class='ocrx_word' id='word_1_519' title='bbox 635 5203 856 5273; x_wconf 88' lang='grc' dir='ltr'><strong>κατοικοῦντες</strong></span> <span class='ocrx_word' id='word_1_520' title='bbox 878 5192 1039 5282; x_wconf 78' lang='grc' dir='ltr'><strong>Αἴγυπτον</strong></span> <span class='ocrx_word' id='word_1_521' title='bbox 1082 5201 1250 5276; x_wconf 75' lang='lat' dir='ltr'><strong>gnoscere</strong></span> <span class='ocrx_word' id='word_1_522' title='bbox 1279 5197 1463 5262; x_wconf 88' lang='lat' dir='ltr'><strong>Dominum</strong></span> <span class='ocrx_word' id='word_1_523' title='bbox 1492 5211 1610 5262; x_wconf 85' lang='lat' dir='ltr'><strong>omnes</strong></span> <span class='ocrx_word' id='word_1_524' title='bbox 1640 5195 1700 5277; x_wconf 89' lang='lat' dir='ltr'><strong>qui</strong></span> <span class='ocrx_word' id='word_1_525' title='bbox 1730 5197 1828 5274; x_wconf 63' lang='grc' dir='ltr'><strong>Λάργ-</strong></span> 
     </span>
    </p>
   </div>
   <div class='ocr_carea' id='block_1_11' title="bbox 0 0 1988 6103">
    <p class='ocr_par' dir='ltr' id='par_1_15' title="bbox 0 0 1988 6103">
     <span class='ocr_line' id='line_1_47' title="bbox 0 0 1988 6103; baseline 0 0"><span class='ocrx_word' id='word_1_526' title='bbox 0 0 1988 6103; x_wconf 95' lang='lat' dir='ltr'><strong> </strong></span> 
     </span>
    </p>
   </div>
  </div>
 </body>
</html>
