3966 6108
299 467 363 532 480
985 457 1196 526 ORIGENES

298 605 333 672 ἐν
348 607 473 685 αὐτοῖς·
487 605 560 671 τότε
575 604 824 694 ἀγαλλιάσονται
835 601 939 670 πάντα
950 602 991 666 τά
1001 599 1051 679 ξώ-
1093 601 1131 666 in
1145 602 1194 666 eis
1207 603 1286 666 emt
1292 624 1307 681 ;
1322 603 1404 668 ίιιοιο
1418 597 1609 666 audomar
1632 599 1739 666 ortem
1761 599 1855 683 ίίμαω

299 711 342 776 λα
356 718 412 776 τοῦ
428 707 557 797 δρυμοῦ.
670 712 673 718 ’
1092 705 1273 788 sylem-rm.

343 815 467 901 Δρυμοῦ
483 814 518 878 δὲ
534 813 623 897 ξύλα,
646 810 675 879 οί
691 815 734 900 μὴ
755 811 903 899 φέροντες
917 811 1049 895 καρπὸν,
1138 811 1318 893 sylvarum
1345 810 1451 888 ligna
1477 826 1518 872 ec
1548 814 1630 874 sunt
1650 825 1735 908 qum·
1752 825 1852 890 pomo

299 918 372 983 ἀλλ’
387 921 434 983 ὅτι
462 917 492 982 οἱ
520 918 622 985 πάλαι
651 919 789 1003 ἄκαρποι
815 925 1051 1001 καρποφοροῠν-
1094 931 1162 977 nou
1177 912 1308 994 ferunt;
1331 912 1391 978 sed
1410 913 1493 994 quis
1518 913 1605 976 olim
1629 913 1702 976 sine
1725 911 1848 992 fructu,

299 1043 350 1100 τες
380 1020 564 1108 άγαλλίωοι,
591 1022 820 1109 προτρέχοντος
848 1030 905 1086 τοῦ
930 1017 1050 1104 Κυρίου
1090 1013 1163 1095 jam
1177 1017 1342 1098 pomifera
1364 1021 1456 1096 sunt,
1475 1017 1636 1081 letentur
1653 1016 1690 1079 in
1706 1032 1848 1080 occursu

169 1123 171 1130 ’
297 1127 391 1212 δεῦρο
405 1127 577 1205 κατιόντος·
594 1126 769 1214 ἐρχομένου
782 1129 846 1212 γὰρ
861 1136 917 1208 του
931 1123 1050 1210 Κυρίου
1094 1122 1230 1184 Domini
1265 1122 1390 1186 iterum
1420 1120 1647 1185 advenientis.
1684 1121 1848 1184 Veniente
1980 1109 1981 1170 ἶ

297 1239 402 1317 κρῖναι
417 1233 477 1316 την
491 1240 563 1319 γῆν,
579 1228 650 1297 τότε
666 1233 707 1298 τά
722 1230 801 1311 ξύλα
813 1240 868 1296 τοῦ
882 1231 999 1316 δρυμοῦ
1014 1230 1050 1295 ά·
1094 1225 1185 1288 enim
1208 1226 1352 1288 Domino
1383 1224 1427 1288 cd
1454 1223 1677 1305 iudicandum
1712 1229 1846 1304 terram,

296 1333 415 1420 γαλλιᾷ
437 1334 497 1418 ἀεί,
512 1333 762 1422 εὐφραινομένων
787 1343 849 1400 τῶν
870 1333 971 1413 ξύλων
993 1344 1049 1400 τοῦ
1093 1333 1176 1393 tunc
1197 1330 1296 1408 ligus
1322 1330 1498 1412 sylvarum
1520 1330 1683 1393 laetcntur
1705 1345 1845 1410 semper,

298 1418 491 1522 παραδείσου
505 1446 563 1523 τῆς
577 1448 707 1526 τρυφῆς.
1093 1435 1255 1515 quonism
1275 1435 1430 1498 exultent
1446 1434 1546 1512 ligne
1568 1432 1717 1513 paradisi
1732 1433 1847 1514 volup-

1092 1539 1182 1602 tatis.

343 1640 407 1712 Ἢν
418 1644 626 1732 κατώρθωσεν
637 1644 823 1732 οἰκουμένην
831 1645 883 1711 ἐπὶ
894 1654 938 1733 τῷ
949 1644 1047 1732 μηαά-
1134 1642 1241 1716 Quem
1256 1642 1403 1705 correxit
1418 1640 1533 1704 orbem
1549 1644 1590 1704 ut
1611 1641 1760 1722 emplius
1775 1657 1843 1704 nou

295 1770 326 1816 τι
340 1749 529 1833 κλονεῖσθαι,
546 1750 580 1816 ὲν
596 1750 777 1836 δικαιοσύνῃ
800 1745 899 1835 κρίνει
920 1749 1044 1836 ὁέρχο.
1089 1749 1275 1824 moveatur,
1289 1746 1325 1808 iu
1336 1745 1474 1825 justitia
1491 1761 1571 1808 eum
1582 1743 1716 1823 judicet
1727 1749 1846 1808 ventu·

298 1875 390 1942 μενος
405 1855 540 1940 Κύριος·
555 1854 654 1940 κρίνει
665 1854 700 1920 δὲ
715 1856 748 1920 ἐν
764 1852 963 1940 άληθείριιιαί
974 1857 1047 1931 τοὺς
1091 1867 1150 1913 rus
1165 1851 1348 1932 Dominus3
1367 1849 1501 1930 judicat
1518 1853 1633 1914 cutem
1649 1850 1685 1912 in
1699 1851 1845 1914 veritate

298 1960 406 2042 λαοὺς,
422 1960 456 2026 ἐν
478 1961 523 2037 οίς
546 1958 659 2045 γέγονε
680 1961 721 2023 τὰ
743 1958 910 2043 θαυμάσια
931 1959 1048 2022 αυτοῦ·
1091 1954 1195 2017 etiam
1209 1955 1362 2035 populos,
1379 1954 1552 2035 inquibus
1568 1953 1753 2018 factasunt
1767 1953 1841 2034 eius

297 2061 418 2147 ὅπωςη
435 2065 490 2150 μὲν
506 2062 674 2150 οἰκουμένη
689 2061 797 2149 μισθὸν
813 2061 976 2148 ὁσιότητος
988 2061 1050 2128 ντί-
1092 2056 1282 2138 mirabilio3
1303 2062 1408 2139 utque
1431 2058 1522 2122 orbis
1544 2057 1733 2122 mercedem
1760 2058 1846 2121 inte·

299 2189 354 2254 μη,
369 2167 442 2233 κατ’
453 2165 542 2248 άξίαν
560 2177 661 2253 κρινεῖ
674 2163 713 2253 Ι)·
735 2176 800 2244 τοῖς
818 2168 853 2234 δὲ
867 2167 957 2244 λαοῖς
970 2175 1049 2254 γνώ-
1092 2162 1230 2239 gritatis
1261 2161 1422 2241 obtineat,
1456 2160 1625 2241 iudicabit
1653 2161 1842 2226 secuudum

298 2293 348 2340 σιν
363 2271 482 2338 τέλειον
494 2271 603 2359 ὀρέξει,
616 2274 699 2351 ὄνους
716 2271 829 2359 μηκέτι
839 2274 894 2338 χοὶ
906 2273 1048 2361 amp.
1092 2265 1223 2328 merita.
1239 2266 1378 2346 Populis
1399 2271 1516 2330 autem
1538 2263 1721 2348 perfectam
1736 2266 1847 2330 scien·

301 2375 449 2453 θάνοντες
463 2378 519 2441 καὶ
533 2377 748 2463 διωροῠντες...
1094 2370 1178 2433 ticm
1201 2368 1366 2448 erogabit,
1383 2385 1486 2449 quem
1508 2369 1649 2432 minime
1664 2372 1765 2432 antec
1788 2367 1846 2433 ho·

1095 2473 1245 2537 buerunt
1259 2477 1320 2538 aut
1334 2473 1545 2536 detexerunt.

337 2568 365 2642 1)
378 2566 441 2626 ίθά.
454 2570 583 2640 κοιθηοοι.

903 2725 1076 2807 Psalmus
1101 2725 1248 2810 XOVI.

343 3025 375 3069 v.
392 3006 423 3087 4,
439 3007 469 3071 5.
486 3003 571 3087 Είδε,
586 3006 643 3070 καί
654 3003 811 3091 ὶσαλεώθη
826 3003 914 3092 ἡγῆ.
929 3006 979 3074 Τά
990 3009 1048 3094 ὅρη
1136 3027 1169 3076 ν.
1177 3014 1208 3094 4,
1218 3014 1248 3076 5.
1265 3011 1362 3092 Vidit,
1377 3013 1570 3079 commorata
1579 3017 1629 3078 est
1639 3017 1738 3078 term.
1751 3013 1842 3076 Μυο-
1981 2965 1982 2968 ¹

300 3105 375 3174 ὡσεὶ
396 3110 495 3193 κηρὸς
517 3107 679 3194 ἐτάκησαν
702 3110 766 3175 άπὸ
791 3111 960 3196 προσώπου
983 3111 1051 3178 Κυ-
1095 3121 1143 3183 leo
1155 3119 1241 3184 sicut
1256 3113 1510 3201 ocrcfloceroot
1523 3116 1645 3199 osaoie
1659 3119 1802 3198 Domini,
1822 3133 1846 3182 ιι

301 3210 379 3297 ρίου,
396 3212 459 3277 άπὸ
474 3213 644 3298 προσώπου
659 3210 777 3299 Κυρίου
791 3213 898 3301 πάσης
909 3224 968 3302 της
978 3225 1049 3303 γῆς.
1084 3220 1180 3304 socie
1194 3221 1327 3285 Domini
1342 3220 1442 3286 totius
1457 3223 1561 3286 terro.

309 3319 408 3386 Vatz'c.
425 3317 499 3400 686,
515 3321 546 3384 2.

343 3419 471 3506 Ὁρώσα
493 3421 528 3486 δὲ
543 3422 640 3488 αὐτοῦ
662 3425 719 3500 τάς
734 3433 791 3488 τοῦ
806 3425 909 3508 φωτὸς
932 3423 1048 3510 άστροι-
1135 3429 1180 3494 Ut
1193 3427 1318 3492 viderit
1332 3427 1472 3492 luminis
1495 3424 1569 3504 ejus
1585 3425 1736 3506 fulgura,
1759 3431 1845 3490 tunc

299 3525 405 3611 πάς,ἠ
420 3525 491 3592 τότε
506 3535 549 3614 γη
567 3525 807 3612 σαλευθησετσι,
820 3526 977 3615 χαίρουσα
992 3531 1047 3595 καί
1091 3537 1182 3596 terre
1196 3529 1473 3610 commovebitur,
1489 3530 1567 3600 laetc
1582 3534 1616 3594 et
1631 3530 1789 3593 exultans
1805 3531 1843 3594 in

300 3629 503 3717 ἀγαλλομένη
527 3631 580 3696 ἐπὶ
601 3641 646 3719 τῷ
669 3634 748 3718 φωτί
769 3635 825 3698 καί
839 3643 879 3722 τῇ
903 3633 1048 3721 βασιλείᾳ
1093 3637 1224 3700 lumine
1239 3638 1274 3698 et
1299 3635 1336 3698 in
1352 3650 1460 3713 regno
1482 3634 1554 3698 Dei.
1575 3637 1705 3698 Montes
1728 3641 1845 3699 sutem

299 3742 356 3797 τοῦ
370 3730 504 3820 Κυρίου·
520 3735 578 3819 ὄρη
595 3733 630 3800 δὲ
653 3734 727 3800 ώσεί
743 3740 841 3822 κηρὸς
855 3737 1051 3825 τακήοονται
1094 3741 1184 3804 sicut
1196 3755 1274 3802 cero
1290 3734 1439 3818 effluent,
1455 3741 1534 3801 ante
1554 3737 1677 3802 faciem
1693 3737 1842 3818 Domini,

299 3834 547 3922 &conpositum
562 3835 691 3923 Κυρίου,
709 3841 753 3927 μὴ
777 3840 919 3928 φέρουσα
933 3841 1050 3929 ώπομὲ-
1094 3844 1345 3908 sustineremus
1361 3842 1512 3906 valentes
1527 3841 1681 3920 fulgores
1699 3840 1783 3921 eJ'us.

299 3961 361 4008 νειν
376 3943 433 4020 τὰς
450 3945 657 4029 μαρμαρυγὰς
673 3946 780 4009 αυτοῦ.

344 4065 376 4110 v.
394 4047 424 4127 8,
438 4043 737 4131 9.Ἀγοιλλιάσαντο
752 4049 786 4112 αἱ
799 4049 975 4136 θυγατέρες
989 4059 1048 4135 τῆς
1135 4069 1167 4112 v.
1195 4049 1226 4130 8,
1258 4052 1287 4113 9.
1311 4051 1357 4114 Ec
1380 4048 1607 4114 exultaverunt
1623 4049 1713 4132 fllic
1737 4049 1840 4131 lodo,
1978 4029 1979 4060 θ

299 4145 466 4231 Ἰουδαίοις,
493 4149 601 4216 ἕνεκεν
622 4161 684 4218 τών
709 4153 869 4239 χριμάτων
892 4174 959 4239 σου,
983 4154 1047 4221 Κώ-
1082 4152 1356 4235 propterjrcdicia
1371 4157 1437 4233 tuo,
1466 4153 1613 4233 Domine,
1631 4155 1783 4234 quonium
1807 4160 1844 4220 tu

299 4273 356 4338 ριε,
372 4254 420 4318 ὅτι
434 4257 472 4318 σὺ
491 4255 521 4318 εί
540 4251 658 4340 Κύριος
680 4254 698 4321 ά
719 4258 846 4342 ὕψιστος
869 4259 920 4323 ἐπὶ
941 4267 1047 4327 πᾶσαν
1091 4260 1249 4324 Domitor
1262 4258 1448 4325 altissimos
1458 4274 1557 4340 super
1570 4275 1692 4323 οιιιαοπι
1708 4263 1841 4341 mrem,

252 4365 255 4370 '
298 4361 358 4448 τὴν
379 4369 451 4446 γῆν,
468 4359 597 4446 ,σφόδρα
611 4360 818 4446 ὑπερυψώθης
833 4363 911 4447 ὑπὲρ
927 4364 1048 4443 πάντας
1091 4364 1192 4430 timis
1205 4364 1368 4428 οααίίαίιοε
1383 4379 1531 4445 occuper
1544 4379 1652 4428 omme
1665 4363 1748 4430 doce.

316 4467 346 4527 o*
452 4464 491 4530 '.

297 4463 515 4636 τξθιθάώτο
530 4566 631 4634 αίτιον
644 4568 685 4656 ἡν
699 4577 758 4656 της
772 4569 966 4658 εὐφροσύνης
989 4584 1047 4661 της
1136 4573 1181 4636 Et
1202 4589 1242 4636 ec
1264 4589 1368 4637 causa
1385 4576 1458 4637 eret
1484 4573 1612 4637 laetitiae
1635 4577 1841 4654 memoratu,

297 4670 503 4758 δηλωθείσης,
519 4671 566 4735 άτι
580 4672 634 4739 τὸν
648 4670 767 4758 Κύριον
782 4678 836 4741 καί
848 4675 929 4743 Θεὸν
945 4680 1048 4745 αὐτῶν
1092 4678 1222 4742 scilicet
1230 4675 1320 4758 quod
1331 4679 1516 4742 Dominum
1524 4683 1558 4741 et
1567 4679 1675 4741 Deum
1687 4676 1844 4740 colebant
1977 4645 1978 4685 ἦ

297 4778 390 4841 αώται
411 4774 503 4861 μόναι
524 4773 644 4858 ἔσεθον,
661 4779 790 4863 ὕψιστον
806 4779 978 4866 γεγονέναι,
996 4782 1048 4847 ἐπὶ
1093 4783 1272 4846 dumtaxat
1281 4781 1362 4847 filies
1373 4782 1464 4862 Sion,
1475 4783 1618 4845 scientes
1631 4781 1721 4863 quod
1733 4781 1843 4848 fectus

296 4891 403 4948 πᾶσαν
429 4883 487 4968 τὴν
514 4891 575 4967 γην
598 4880 814 4968 βασιλεύοντα,
835 4883 939 4951 οὐκέτι
955 4886 1050 4973 μόνον
1094 4887 1767 4968 estAltissimus,regnanssuperomnem
1775 4891 1844 4952 ter·

297 4995 355 5054 τοῦ
371 4989 518 5074 οὐρανοῦ,
534 4987 620 5054 ἀλλά
630 4989 685 5052 καί
699 4997 760 5074 γῆς
772 4987 900 5076 άπάσης
914 4991 970 5056 καὶ
988 4999 1049 5060 τῶν
1093 5008 1177 5071 rem,
1192 5008 1260 5055 non
1276 4993 1352 5056 coeli
1367 4992 1467 5056 modo
1488 5009 1560 5074 rex,
1575 4992 1634 5057 sed
1658 4995 1692 5056 et
1706 4993 1845 5058 uuiver-

332 5179 382 5235 Po.
393 5195 476 5250 ταωνι,
489 5197 517 5238 ν.
530 5181 557 5251 4,
569 5180 595 5235 5.
609 5179 703 5237 Vstic.
716 5179 758 5234 16.
1130 5198 1158 5237 v.
1170 5180 1196 5249 8,
1209 5181 1234 5236 9.
1248 5179 1295 5238 Ex
1306 5177 1369 5236 eod.
1383 5178 1478 5237 Vstic.
