4044 6104
291 437 355 504 ³94
957 447 1169 511 ORIGENES

291 579 420 664 θλίψεις
435 579 599 666 προθύμως
616 579 824 668 ὑπομένοντες
845 584 897 648 διὰ
912 583 970 668 τὴν
981 605 1039 648 πα-
1086 603 1233 668 cnmque
1257 606 1432 668 pressuras
1454 590 1611 652 alacriter
1630 591 1836 653 sustinentes

291 685 335 766 ρὰ
351 686 400 748 σοί
416 683 662 770 τεταμιευμένην
677 687 782 763 αίιτοίς
797 685 940 772 ἀμοιὸήν.
1092 697 1227 772 propter
1250 697 1455 754 reservatam
1478 693 1567 775 apud
1590 701 1623 756 te
1647 693 1838 757 retributio-

337 809 367 852 v.
388 791 437 870 18,
453 791 503 853 17.
520 788 742 874 Ἐνεπίιγησαν
753 789 874 876 έθνιιγέν
886 790 1040 877 διαφθορᾷ
1085 811 1172 856 υειυ.

290 891 313 974 ᾖ
329 891 493 977 ἐποίησαν,
509 894 543 958 ἑν
557 894 666 978 παγίδι
680 895 778 980 ταύτῃ
795 897 815 980 ᾖ
831 897 973 982 ἔκρυψαν
989 919 1041 962 συ-
1129 917 1160 960 v.
1176 902 1226 977 16,
1245 901 1294 964 17.
1309 901 1423 982 lastae
1437 906 1515 964 sono
1522 905 1633 982 peotes
1647 902 1683 964 ιἰι
1698 901 1837 965 intaeta

290 995 435 1082 νελήρθη
451 999 468 1063 b
483 1009 561 1075 ποῦς
576 1000 688 1064 αὐτῶν.
713 1001 904 1067 Γινῶσκεται
924 1002 1041 1087 Κύριος
1083 1017 1176 1082 quem
1191 1003 1354 1085 secernat.
1381 1007 1423 1067 Ia
1449 1005 1561 1084 loqoco
1582 1005 1642 1068 ι’ίίο
1664 1022 1756 1086 ρεισκε
1781 1004 1834 1068 ob·

292 1100 431 1186 epipetron
445 1111 558 1170 ποιῶν·
582 1106 615 1169 έν
630 1115 694 1182 τοῐς
717 1107 820 1190 ἔργοις
843 1116 904 1172 τῶν
926 1117 1041 1193 χειρῶν
1083 1106 1283 1186 sonuerunt,
1307 1107 1551 1188 comprehensor
1572 1113 1621 1173 est
1635 1125 1697 1190 ,cea
1718 1125 1836 1172 eornm.

293 1207 390 1271 αὐτοῦ
413 1207 593 1300 συνελήφθη
608 1209 627 1273 δ
652 1210 847 1295 ἁμαρτωλός.
871 1208 951 1300 ’ῼδὴ
976 1213 1041 1278 δια·
1088 1211 1296 1292 συσκευασίαν
1311 1213 1470 1275 Dominae
1485 1212 1614 1292 jndicio
1624 1212 1775 1293 sociem:
1799 1212 1836 1274 ιἰι

295 1311 471 1397 ψάλμιιτος.
1084 1317 1230 1395 operabar
1254 1334 1408 1382 ιιιοιιιιιαιι
1433 1333 1569 1382 aaaron
1594 1315 1835 1397 corruptelarum

337 1415 437 1502 Ἔθνη
461 1419 610 1504 ὀνομάζει
633 1419 768 1486 ἐνταῦθα
798 1424 871 1498 τοὺς
900 1423 935 1486 έν
964 1431 1041 1486 πᾶσι
1084 1422 1134 1482 est
1143 1425 1299 1500 peccator.
1321 1422 1487 1485 Canticum
1497 1421 1745 1502 Dobpaolruoto'o.

292 1531 357 1598 τοῖς
383 1521 501 1587 ἔθνεσιν
523 1523 557 1588 ἐν
580 1523 710 1610 ἀπιστίᾳ
733 1525 960 1611 μεμενηκότος,
987 1527 1042 1588 καί
1134 1525 1260 1588 Gentes
1275 1525 1331 1588 hic
1357 1525 1422 1587 loci
1438 1526 1586 1605 appellat
1612 1541 1668 1588 eos
1695 1527 1753 1606 qni
1781 1541 1839 1604 per

293 1634 338 1710 τῶ
368 1625 454 1712 λόγῳ
487 1637 543 1692 τοῶ
570 1626 653 1694 Θεοῦ
683 1628 840 1706 ἐναντίους
870 1627 1041 1714 γεγενημί-
1087 1643 1208 1690 omnes
1223 1629 1363 1709 populos
1376 1634 1632 1708 permanserant
1647 1631 1681 1692 iu
1698 1628 1840 1692 infideli-

292 1749 383 1806 νους·
398 1731 483 1794 οὗτοι
497 1731 536 1816 δὴ
553 1733 608 1796 οίιν
624 1732 739 1810 πάντες
754 1733 992 1818 έμπαγήσονται
1008 1734 1042 1797 ἐν
1085 1737 1164 1793 tute.
1180 1736 1214 1793 et
1229 1731 1308 1794 facti
1323 1738 1405 1795 sunt
1420 1734 1572 1813 oppositi
1588 1733 1690 1796 verbo
1707 1735 1777 1797 Dei.
1799 1738 1841 1798 ii-

293 1834 315 1916 t
330 1834 402 1899 καθ’
413 1833 526 1919 ἑτέρων
538 1836 715 1920 ἐπενόησαν
727 1837 892 1924 διαφθορᾷ·
905 1837 1042 1924 διαφθεῖ-
1085 1834 1162 1898 dem
1175 1853 1257 1913 ergo
1270 1852 1386 1900 omnes
1398 1842 1488 1900 certe
1499 1838 1675 1920 ίπθραιιίιιν
1686 1838 1722 1900 io
1733 1843 1837 1902 oeter-

293 1959 346 2022 ραι
367 1941 429 2024 γὰρ
452 1942 506 2004 καί
528 1940 684 2006 ἀπολέσαι
704 1947 741 2007 τδ
763 1951 825 2006 τῶν
850 1951 969 2008 πιστῶν
990 1941 1042 2028 γέ·
1087 1941 1188 2004 micio
1203 1941 1286 2022 qood
1293 1959 1356 2022 pro
1371 1944 1494 2007 coeteris
1507 1942 1655 2008 meditati
1669 1947 1755 2007 ειιιιί.
1772 1945 1836 2008 Ex-

292 2062 345 2118 νος
368 2041 622 2130 βουλευσάμενοι,
642 2046 731 2111 αὐτοὶ
746 2045 875 2125 ἑαυτοὺς
890 2044 1043 2132 περιέπει·
1090 2048 1267 2109 terminari
1286 2047 1427 2109 enimet
1449 2047 1583 2111 abolere
1605 2047 1758 2110 fidelium
1781 2065 1841 2127 ge·

297 2167 356 2229 ραν
371 2155 410 2231 τῇ
426 2145 546 2213 ἑαυτῶν
562 2147 713 2234 ἀπωλείᾳ,
736 2148 821 2214 ἀλλὰ
842 2153 898 2216 καί
923 2150 1043 2237 παγίδα
1087 2168 1152 2214 nus
1191 2167 1297 2231 quum
1329 2153 1531 2232 optaverint,
1562 2153 1624 2232 ipsi
1647 2153 1783 2233 propria
1805 2155 1839 2214 in

293 2250 468 2335 κρύψαντες
491 2254 575 2317 κατὰ
589 2263 645 2319 τοῦ
660 2254 739 2320 λαοῦ
758 2265 814 2320 τοῦ
837 2253 930 2339 Θεοῦ,
954 2258 1043 2321 αὐτοὶ
1086 2257 1236 2336 pernicie
1259 2255 1414 2320 transfixi
1437 2260 1534 2333 suut3
1558 2256 1617 2319 sed
1640 2261 1674 2319 et
1696 2258 1835 2336 laqueos

292 2363 332 2439 τῇ
355 2353 476 2420 ἑαυτῶν
499 2357 774 2443 συλληφθήσονται
800 2359 924 2446 παγίδι,
947 2360 1042 2425 καίδ
1089 2376 1167 2422 ουιυ
1202 2360 1326 2441 populo
1349 2359 1411 2422 Dei
1433 2359 1687 2440 absconderint,
1713 2362 1777 2440 ipsi
1806 2363 1840 2424 iu

292 2469 371 2537 ποῦς
387 2461 488 2526 αὐτῶν
509 2472 741 2546 περιπεσεῖται·
764 2465 822 2527 οὐκ
843 2464 950 2543 ἄλλοις
965 2466 1042 2529 τισίν
1086 2464 1160 2528 suis
1192 2465 1324 2544 laqueis
1347 2463 1580 2544 comprehensi
1605 2471 1697 2544 sunt,
1720 2469 1764 2540 et.
1780 2481 1843 2546 pes

293 2563 559 2649 έπιδουλεύσασιν,
582 2565 667 2631 ἀλλὰ
689 2577 754 2644 τοῖς
772 2568 892 2634 ἑαυτῶν
915 2567 1042 2655 βρόχοις
1088 2583 1197 2630 emm
1227 2567 1369 2649 undiquc
1398 2567 1506 2646 codet5
1536 2585 1647 2649 neque
1668 2571 1744 2635 aliis
1768 2573 1842 2652 qui·

294 2679 359 2748 τοῑς
375 2671 435 2736 ὑπὸ
450 2679 507 2755 τῆς
519 2671 637 2739 ἑαυτῶν
649 2672 765 2751 κακίας
779 2672 853 2738 καθ’
865 2671 978 2757 ἑτέρων
991 2693 1043 2759 με·
1089 2671 1236 2734 busdam
1266 2672 1415 2735 insidiati
1443 2676 1534 2752 sunt,
1556 2675 1615 2738 sed
1646 2675 1710 2755 ipsi
1739 2676 1773 2737 in
1804 2693 1841 2738 se

295 2774 544 2860 μηχανωμένοις·
556 2775 626 2840 τότε
635 2777 686 2862 δὴ,
694 2777 813 2843 τούτων
821 2776 1045 2842 ἀποτελεσθέν-
1086 2775 1215 2838 retibus
1231 2777 1284 2838 usi
1300 2781 1472 2857 suntque
1491 2794 1608 2840 eorum
1625 2779 1756 2841 malitia
1778 2796 1839 2842 σω·

292 2898 365 2959 των,
380 2877 595 2963 γνωσθήσεται
607 2879 724 2964 Κύριος
738 2879 876 2966 κρίματα
890 2880 1042 2966 corioni]
1086 2882 1167 2943 teris
1183 2881 1451 2943 machinabatur.
1468 2884 1558 2956 Quae
1581 2899 1658 2945 cum
1674 2884 1841 2963 completa

293 2983 356 3068 γὰρ
372 2993 426 3047 τοῦ
442 2982 526 3049 Θεοῶ
541 2984 751 3069 δικαιοκρισία
763 2995 875 3050 τοῦτον
890 2984 1042 3071 συστήσε-
1097 2984 1233 3063 nerine,
1246 2988 1322 3050 tuoto
1333 2990 1534 3067 oooooscetror
1544 2986 1704 3050 Dominus
1711 2987 1843 3068 judicto

297 3105 350 3150 ται
376 3089 429 3152 τὸν
454 3087 590 3171 τρόπον,
615 3088 743 3152 ἐπειδὰν
764 3098 829 3166 τοῖς
858 3090 962 3174 ἔργοις
984 3098 1045 3155 τῶν
1094 3088 1228 3152 societte.
1244 3090 1382 3151 Justum
1400 3091 1489 3152 enim
1511 3091 1572 3153 Dei
1588 3091 1737 3154 tribunal
1754 3093 1841 3155 hauc

296 3199 411 3277 χειρῶν
428 3193 525 3257 αὐτοῦ
540 3192 702 3276 περιπέσοι
717 3194 735 3258 δ
750 3192 944 3277 ἁμαρτωλός.
962 3190 1042 3282 ’ῼδὴ
1088 3193 1254 3255 rationem
1288 3193 1483 3272 adhibebit,
1518 3199 1556 3258 ut
1584 3212 1738 3259 montom
1763 3215 1839 3262 eroo-

294 3295 330 3359 δὲ
343 3296 571 3382 διαψάλματος,
580 3297 621 3376 ῶς
633 3299 672 3363 ἂν
685 3297 863 3384 μεταὸολῆς
874 3297 1045 3384 γεγενημέ-
1087 3313 1162 3360 rom
1177 3295 1324 3378 operibus
1337 3301 1471 3362 cenot
1484 3303 1643 3377 peccator.
1666 3335 1703 3344 —-
1732 3299 1840 3364 Coroli-

294 3421 360 3484 νης,
373 3403 445 3486 ἢτοι
456 3411 511 3466 τοῦ
525 3401 636 3486 μέλους
652 3404 736 3466 κατὰ
747 3404 805 3488 τίγν
818 3401 969 3488 ἑθραίκὴν
980 3424 1043 3488 φω·
1086 3407 1278 3466 mouentem
1286 3399 1513 3481 diapsalmatis
1528 3403 1675 3482 ponitur,
1683 3421 1722 3466 ac
1730 3404 1759 3465 si
1768 3421 1841 3464 mn-

293 3505 362 3588 vipo,
378 3505 400 3588 ἠ
417 3503 580 3589 μελῳδίας,
597 3507 618 3592 ἢ
635 3509 689 3570 καὶ
712 3504 849 3582 διανοίας
865 3508 963 3593 αὐτῆς
983 3516 1044 3571 τῶν
1086 3509 1170 3570 tatia
1188 3507 1387 3585 occurrerit,
1400 3507 1474 3569 sive
1499 3506 1652 3570 melodias
1663 3505 1677 3586 j
1683 3511 1764 3570 uxta
1786 3524 1843 3569 vo·

295 3605 491 3693 λελεγμένων
502 3608 552 3694 ἐφ’
563 3610 671 3695 ἕτερον
683 3619 755 3674 νοῶν
770 3611 824 3674 τδν
838 3609 933 3696 λέγον
950 3631 1044 3696 μετα·
1086 3629 1158 3674 cem
1172 3611 1278 3675 hebra
1287 3611 1465 3688 icam‚sive
1481 3610 1516 3673 in
1528 3615 1608 3672 tona
1623 3612 1757 3689 cantici,
1769 3611 1842 3673 sive

294 3711 464 3778 δαλόντων.
1087 3718 1121 3779 in
1139 3717 1307 3779 sententia
1319 3732 1380 3777 ver
1389 3715 1508 3777 borum
1525 3715 1567 3777 ad
1583 3716 1689 3779 alium
1713 3717 1843 3778 intelle-
1966 3733 1970 3746 ·

924 3903 928 3914 ι
1086 3825 1179 3883 ctum
1198 3821 1449 3882 translatorum.

341 3943 373 3988 ν.
394 3927 445 4006 18,
460 3927 511 3990 19.
527 3923 838 4009 Ἀποστραρέτωσιιν
851 3923 882 3988 οἱ
898 3924 1043 4010 ἁμαρτω·
1130 3943 1161 3986 ν.
1190 3925 1241 4002 18,
1264 3926 1314 3986 19.
1346 3924 1578 3987 Ουιιοονίιυιίιιν
1593 3929 1775 4004 peccatores
1802 3926 1837 3988 in

293 4029 342 4092 λοὶ
358 4029 403 4105 είς
418 4030 471 4092 τὸν
486 4029 576 4113 ᾅδην,
593 4028 698 4092 πάντα
710 4030 750 4093 τὰ
762 4027 837 4112 ἔθνη
861 4029 901 4092 rb
916 4026 1044 4093 έπιλαν-
1084 4027 1263 4110 infernam,
1282 4043 1388 4090 omnes
1399 4031 1511 4108 ρευίοι
1525 4043 1596 4108 quc
1606 4027 1842 4093 obliuisceretur

290 4130 455 4218 θανόμενοι
477 4143 533 4196 τοῦ
556 4130 650 4215 Θεοῦ,
675 4133 722 4195 δτι
738 4133 797 4196 οίικ
812 4133 855 4209 είς
871 4131 961 4208 τέλος
979 4131 1043 4196 ἐπι·
1085 4133 1206 4195 Dotem:
1218 4131 1372 4211 quoniam
1390 4147 1453 4192 ooo
1467 4130 1504 4192 io
1518 4131 1624 4212 ficem
1639 4129 1754 4194 oblivio
1776 4132 1841 4194 ern

291 4233 489 4320 λησθήσεται
511 4237 529 4300 δ
548 4239 685 4322 πτωχὸς,
701 4235 723 4321 ἡ
740 4237 881 4321 ὑπομονὴ
906 4245 967 4302 τῶν
990 4256 1043 4299 πε-
1079 4236 1239 4317 pauperis
1251 4257 1264 4311 ,·
1274 4234 1438 4314 potentio
1450 4251 1632 4314 poropeonm
1645 4251 1708 4296 που
1717 4235 1841 4316 parebit

293 4361 396 4424 νητων
413 4343 472 4406 οὐκ
487 4341 651 4406 ἀπολεῖται
666 4342 709 4418 εἰς
723 4343 779 4406 τὸν
795 4342 903 4406 αἰῶνα.
1085 4341 1123 4404 io
1130 4339 1244 4420 flocco.

339 4443 404 4510 Νῦν
418 4447 547 4531 μὲνγὰρ
559 4443 780 4529 έπαίρονταιοί
792 4443 925 4526 ἀσεθείς,
938 4443 1045 4508 ἀναισ-
1133 4446 1172 4506 In
1188 4443 1251 4506 hac
1270 4445 1341 4507 vita
1364 4444 1576 4506 extolluntur
1606 4443 1712 4524 impii,
1742 4429 1838 4508 nulio

293 4547 402 4635 θήτως
425 4551 553 4635 ἔχοντες
576 4557 637 4614 τῶν
660 4547 743 4614 ίδίων
758 4558 885 4614 κακῶν·
901 4550 990 4614 ἔσται
1009 4548 1044 4614 δέ
1085 4564 1188 4611 seusu
1207 4565 1312 4628 prava
1336 4565 1400 4612 sua
1422 4546 1572 4610 facinora
1600 4548 1835 4628 percipientes.

292 4657 402 4738 καιρὸς
424 4665 481 4738 τῆς
503 4652 635 4738 κρίσεως
658 4664 714 4718 τοῦ
729 4653 833 4722 Θεοῦ·
849 4654 883 4718 ἐν
899 4655 924 4740 p
939 4651 1044 4738 χωρή·
1086 4651 1150 4716 Sed
1166 4654 1231 4715 erit
1248 4651 1370 4732 jndicii
1386 4653 1447 4716 Dei
1463 4657 1607 4732 tempus,
1623 4653 1658 4714 iu
1676 4669 1744 4733 quo
1759 4653 1837 4716 sub-

293 4781 353 4824 σαν
366 4807 552 4824 .........
576 4768 636 4823 τῶν
653 4757 969 4845 πεπλημμελημένων
989 4756 1044 4821 αίι-
1085 4761 1263 4820 vertentur
1284 4755 1339 4840 [iu
1365 4756 1545 4832 infernum,
1569 4756 1681 4819 daturi
1709 4754 1837 4838 poeuas]

291 4871 356 4939 τοῖς
378 4863 447 4926 ἐκεῖ
466 4861 627 4948 γενόμενοι
649 4860 955 4947 έπιστραρήσονται·
982 4869 1044 4937 πᾶς
1088 4863 1254 4925 scelerum
1283 4879 1359 4942 quae
1382 4860 1437 4923 hic
1471 4860 1690 4923 admiserunt.
1721 4857 1838 4923 Omnis

327 5027 354 5065 ν.
369 5010 411 5078 lb,
424 5010 466 5065 17.
478 5007 553 5065 Ibit.
566 5009 673 5064 Fusius
691 5008 727 5064 de
740 5008 941 5082 Diapsulmate
953 5007 1045 5063 Ense·
1085 5008 1143 5081 phe
1157 5009 1213 5077 ᾠδὴ
1227 5010 1420 5076 διαψάλματος.
1577 5047 1580 5056 .

291 5095 358 5149 bins
369 5100 479 5151 nectat
496 5095 527 5151 iu
539 5095 690 5175 prooemiis
701 5095 880 5168 psalmorum
889 5110 917 5167 p.
931 5093 974 5163 ’18,
992 5092 1044 5148 sed
1122 5113 1149 5152 v.
1160 5094 1202 5164 18,
1214 5095 1256 5148 19.
1268 5091 1342 5149 Ibid.
1354 5092 1446 5148 Solita
1457 5091 1577 5148 lacerati
1586 5090 1649 5148 cod.
1658 5093 1760 5149 lacuna
1770 5108 1838 5165 sup·

292 5199 367 5249 rora,
383 5181 450 5237 tort.
462 5182 548 5238 unica
561 5189 613 5252 sat,
627 5199 692 5254 qnae
701 5199 778 5238 nuuc
788 5181 914 5238 occurrit
927 5180 1041 5254 epigra-
1086 5179 1193 5254 plaude
1206 5187 1259 5235 est.
