3966 6104
836 478 1281 548 SANCTUS'METHODIUS

1041 661 1082 722 11.

270 927 274 936 Ι
328 849 505 937 Τοιγαροῦν
513 855 572 936 πρὸ
581 850 856 939 τῆςπαραύίισευς
867 849 1036 937 προτρέπε-
1114 853 1240 917 Verum
1249 853 1349 916 homo
1357 857 1436 915 aute
1448 851 1753 930 transgressionem
1763 869 1838 915 mo-

283 977 335 1020 ται
347 957 443 1020 αὐτὸν
454 965 510 1020 τού
521 955 615 1035 ξύλου
628 955 882 1042 μεταλαύεῐντῆς
894 956 989 1041 ζωῆς·
1002 955 1038 1020 ἓν
1080 960 1182 1019 uetur
1196 958 1364 1037 particeps
1375 973 1448 1020 esse
1460 957 1548 1034 ligni
1561 957 1652 1020 vitae.
1670 958 1784 1020 Unum
1801 974 1839 1019 a·

284 1061 347 1145 γὰρ
361 1059 403 1144 ἠν
425 1069 487 1124 τῶν
509 1059 643 1144 πάντων,
667 1063 738 1145 περί
753 1062 796 1126 ύιν
816 1060 931 1144 ιρησίν·
953 1059 1036 1126 Ἀπὸ
1080 1061 1151 1123 nim
1164 1066 1237 1124 arat
1250 1077 1291 1124 ex
1303 1061 1462 1125 omnibus
1473 1061 1513 1124 de
1526 1061 1651 1143 quibus
1667 1062 1731 1123 ait:
1751 1063 1836 1124 «Ex

283 1164 401 1240 παντὸς
417 1161 511 1241 ξύλου
533 1173 591 1229 τού
605 1166 638 1229 ἐν
654 1173 698 1250 τῷ
718 1163 900 1249 παραδείσῳ
922 1162 1036 1252 βρώσει
1080 1167 1172 1230 omni
1189 1168 1285 1245 ligno
1297 1166 1449 1230 Paradisi
1464 1166 1539 1229 'oibo
1553 1165 1744 1245 comedes‚»
1758 1184 1833 1228 me·

205 1343 206 1346 ¹
282 1261 420 1351 φάγειί),
437 1269 492 1331 καί
507 1267 603 1353 μέσον
614 1271 650 1333 do
661 1277 723 1334 τῶν
738 1268 853 1349 ἄλλων,
870 1265 967 1332 πλέον
979 1266 1035 1330 αθ
1078 1269 1242 1351 diumque
1256 1271 1423 1334 iuteralia
1435 1270 1597 1348 eminane,
1611 1269 1830 1350 potissimum

282 1380 326 1457 τῷ
340 1369 545 1457 προκείμενον
566 1372 618 1457 ἡν.
635 1370 726 1450 Τινὲς
748 1372 782 1436 δὲ
803 1372 839 1436 ἒν
860 1381 905 1458 τῷ
919 1379 1033 1456 καρπῷ
1078 1372 1208 1436 homiui
1226 1373 1365 1437 obvium
1390 1376 1477 1436 erat:
1502 1377 1584 1436 sunt
1606 1375 1664 1454 qui
1689 1374 1834 1453 opinan-

281 1481 339 1538 τού
361 1473 455 1553 ξύλου
478 1477 537 1560 τὴν
560 1485 675 1562 γνῶσιν
696 1474 856 1540 ύπέθεντο.
887 1474 952 1540 Καὶ
978 1475 1029 1560 ἠν,
1076 1483 1133 1541 tur
1148 1479 1183 1541 iu
1199 1478 1313 1543 fructu
1329 1479 1418 1556 ligni
1430 1478 1606 1541 seientiam
1619 1479 1739 1540 inesse.
1757 1478 1834 1540 «Et

282 1577 370 1661 φησί,
385 1577 471 1665 καλὴ
486 1588 531 1664 τῷ
545 1577 698 1664 χρωμένῳ
713 1580 799 1642 κατὰ
813 1578 939 1663 καιρύν·
956 1577 974 1642 ὁ
997 1578 1032 1642 δὲ
1076 1581 1327 1663 erat,ait‚arbor
1334 1582 1441 1644 bona»
1451 1599 1532 1645 saue
1542 1581 1652 1643 utenti
1662 1581 1722 1643 ilia
1729 1579 1834 1660 juxta

282 1679 388 1768 Ἀδὰμ
410 1679 521 1767 νθπιος
542 1682 598 1767 ἠν,
621 1684 676 1747 καί
699 1685 813 1767 στερεὰ
835 1685 936 1768 τρυφὴ
967 1691 1031 1760 τοῐς
1076 1690 1219 1766 tempus.
1228 1685 1291 1748 Sed
1299 1685 1405 1749 Adam
1418 1686 1553 1766 puellus
1563 1688 1648 1764 erat,
1658 1683 1832 1748 etsolidus

283 1787 393 1851 νεωστί
404 1786 559 1873 τεχθεῖσιν
571 1787 778 1873 ἀνάρμοστος.
787 1787 877 1854 Ἐπεὶ
889 1787 943 1852 καί
955 1809 1032 1871 παρ-
1075 1789 1172 1852 eibos
1184 1790 1298 1853 miuus
1314 1794 1365 1852 eat
1381 1807 1498 1853 recens
1513 1791 1603 1852 natis
1618 1795 1727 1870 aptus.
1754 1790 1834 1852 Ete-

282 1889 370 1969 θίνος
393 1891 548 1978 φθαρεῖσα
569 1895 630 1976 πρὸ
650 1893 754 1978 γάμου
769 1903 866 1956 ταῦτα
882 1894 938 1978 μὲν
952 1891 1033 1957 πάσ-
1076 1895 1147 1956 nim
1163 1893 1438 1975 quandoquidem
1458 1895 1557 1972 virgo
1573 1889 1735 1956 deflorata
1750 1899 1832 1955 aute

281 2017 333 2082 χει
347 2006 415 2075 ταῖς
431 1996 654 2083 γαμουμέναις,
669 1997 753 2062 ἀλλὰ
765 2000 800 2062 τύ
815 1999 903 2080 παρὰ
918 1999 972 2062 τὸν
984 1997 1032 2062 νύ·
1076 1999 1224 2078 nuptias,
1233 1999 1321 2060 idem
1333 1999 1462 2078 patitur
1473 2015 1575 2078 quam
1585 2002 1700 2079 nuptae
1709 1999 1832 2060 mulie-

281 2119 339 2184 μον
350 2101 406 2164 καί
420 2101 473 2166 τὸν
488 2104 599 2185 καιρὸν
615 2103 667 2166 τὸν
683 2099 871 2186 ἀρέσκοντα,
883 2101 927 2186 τῷ
939 2101 1034 2185 πατρί
1078 2118 1141 2180 rea,
1154 2101 1189 2164 id
1204 2118 1284 2163 vero
1296 2101 1385 2182 quod
1401 2100 1440 2164 iit
1459 2106 1577 2164 ooutra
1591 2101 1705 2180 legem
1721 2107 1755 2164 et
1770 2118 1829 2163 ex·

280 2214 470 2289 τιμυρτῖται,
493 2207 531 2270 ού
546 2207 598 2272 διὰ
620 2208 787 2294 τὴνφύσιν
808 2216 866 2271 τού
888 2205 1033 2291 πράγμα-
1077 2210 1130 2267 tra
1142 2211 1277 2286 tempus
1290 2204 1832 2286 probatum,oastigaturapatre‚

281 2328 347 2389 τος,
362 2307 447 2373 ἀλλὰ
470 2309 521 2374 διὰ
535 2312 590 2376 τὸν
603 2309 719 2395 τρόπον
733 2319 791 2396 τῆς
806 2307 1032 2393 παραύίισευς·
1078 2314 1289 2390 nouproptar
1301 2314 1459 2373 naturam
1472 2310 1680 2390 uagotii‚sed
1692 2317 1831 2392 propter

280 2414 362 2477 ούτιυ
384 2415 439 2478 καί
459 2403 598 2501 δ’Ᾰδὰμ
618 2413 789 2492 ὑπεύθυνος
804 2413 925 2500 γίνεται
942 2435 1035 2500 τιμιυ-
1078 2413 1215 2477 modum
1239 2415 1544 2496 praevaricationis5
1567 2415 1616 2477 ita
1630 2431 1766 2495 quoque
1785 2417 1833 2477 A·

280 2514 341 2602 ρίμ,
358 2517 418 2602 οὺχ
434 2515 477 2595 ὣς
492 2513 789 2604 ἀπηγορευμένουῖ)
808 2521 891 2596 τινος
911 2518 1034 2605 ἁψάμε-
1077 2518 1155 2580 dam
1170 2517 1336 2582 obnoxius
1356 2517 1422 2581 fuit
1437 2535 1558 2599 poeuae,
1573 2534 1641 2581 nou
1664 2518 1753 2598 quod
1769 2519 1834 2582 ali-

279 2641 343 2703 νος,
359 2620 430 2685 ἀλλ’
443 2619 485 2699 ὡς
504 2625 540 2687 τὸ
555 2621 669 2706 ἐντολῇ
685 2621 943 2707 ἀπηγορευμένον
959 2643 1033 2708 σφε-
1076 2621 1160 2706 quid
1171 2621 1380 2702 prohibitum
1393 2623 1558 2700 tetigerit,
1569 2621 1628 2685 sed
1636 2622 1725 2704 quod
1737 2639 1832 2703 spre-

278 2724 492 2812 τερισύιμενος,
507 2727 575 2812 ἅμα
597 2725 702 2790 δὲκαὶ
724 2727 764 2790 δι’
774 2727 920 2810 ὑπακοῆς
935 2727 1029 2792 αὐτὸν
1073 2727 1161 2789 verit
1176 2726 1265 2808 quod
1283 2727 1441 2790 mandato
1463 2727 1609 2790 vetitum
1625 2731 1707 2790 erat.
1722 2731 1771 2792 Aa
1786 2729 1831 2790 si-

279 2827 298 2893 ὁ
328 2825 410 2906 Θεὸς
434 2830 614 2915 δοκιμάζειν
640 2829 810 2916 ὴύούλετο,
833 2829 905 2895 ὅθεν
926 2851 1028 2916 παρα·
1072 2832 1144 2893 mul
1167 2832 1277 2893 voluit
1299 2832 1388 2894 Deus
1412 2847 1490 2894 eum
1514 2848 1574 2912 per
1596 2829 1826 2894 obedientiam

280 2929 369 2996 ύάντι
383 2934 462 3016 πρὸς
483 2934 677 3019 ἐπιστροφὴν
692 2935 709 2998 ὁ
724 2933 865 3010 θάνατος
880 2937 1029 3019 εὕρηται·
1071 2933 1230 3015 probare:
1250 2935 1340 2998 uude
1356 2936 1391 2998 iu
1411 2935 1504 2998 iilius
1524 2951 1606 2998 casu
1621 2935 1664 2998 ad
1686 2952 1827 2999 couver-

280 3035 425 3118 παραύοὶς
439 3037 503 3121 γὰρ
525 3036 710 3122 ἀπεμάξατο
732 3041 791 3124 τὴν
809 3039 926 3105 κακίαν
947 3039 989 3124 ἣν
1011 3040 1029 3104 t
1072 3039 1202 3101 sionem
1221 3055 1311 3101 mora
1326 3039 1465 3102 iuventa
1487 3047 1547 3104 est.
1571 3042 1699 3120 Lapsus
1720 3040 1825 3120 euim,

280 3139 398 3224 ταύτης
420 3141 550 3226 εὑρετὴς
570 3139 715 3220 διάθολος
738 3142 911 3228 ἀπεκύησε,
935 3145 1031 3209 πόνον
1073 3145 1282 3223 comparavit
1312 3145 1499 3225 nequitiam
1523 3162 1626 3225 quam
1649 3145 1749 3207 istius
1777 3145 1829 3207 in·

281 3244 366 3307 κατὰ
378 3245 435 3328 τὴν
448 3246 575 3330 γραφὴν
591 3239 848 3330 συλλαθθιν,ύθεν
859 3248 896 3312 ού
908 3269 1031 3335 συγχυ·
1073 3255 1194 3312 ventor
1207 3249 1370 3313 Diabolus
1386 3251 1420 3314 iu
1436 3251 1517 3314 sinu
1531 3249 1691 3328 gestavit,
1710 3249 1830 3312 «labo-

283 3355 382 3431 ριϊται
398 3359 454 3412 τοῦ
469 3358 527 3433 τῆς
539 3348 711 3428 ἀθανασίας
726 3349 819 3429 ξύλου
832 3351 1029 3438 μεταλαύεῖν.
1074 3369 1156 3432 rem,
1174 3357 1212 3414 ut
1226 3354 1275 3415 ait
1290 3354 1474 3435 Scriptura,
1486 3355 1716 3435 coneipieua»
1735 3353 1827 3417 unde

1077 3473 1145 3520 nou
1161 3458 1370 3536 permittitur
1392 3459 1491 3521 homo
1506 3459 1675 3546 particeps
1697 3476 1770 3522 esse
1787 3461 1827 3522 li·

1077 3561 1141 3638 gui
1163 3563 1439 3626 immortalitatis.

281 3764 422 3836 leguntur
434 3764 513 3839 apud
525 3764 725 3840 Epiphaniam
736 3773 767 3823 et
778 3767 927 3840 Photium,
938 3774 972 3825 ut
983 3786 1035 3825 uo·
1077 3767 1131 3822 rit:
1145 3767 1281 3833 Ἀναίτιος
1294 3769 1347 3835 ἄρα
1359 3769 1375 3820 t
1387 3769 1530 3833 Διθύολοςς
1543 3767 1658 3840 porgit:
1669 3769 1722 3822 Καί
1731 3773 1756 3822 a
1765 3770 1831 3836 ἁγι.
1967 3803 1968 3842 ,

279 3856 342 3906 stra
360 3851 447 3923 plane
470 3850 585 3908 sincera
607 3859 790 3910 oenuaautur.
814 3855 920 3910 Omnia
941 3855 1033 3927 perti·
1076 3871 1166 3922 νητος.
1186 3853 1329 3919 N.xv111,
1348 3856 1417 3908 aute
1435 3852 1531 3907 limum
1548 3852 1644 3923 Isaiae,
1663 3858 1731 3926 apte
1749 3853 1830 3927 apud

280 3942 352 3992 uout
373 3937 412 3992 od
433 3937 542 3993 librum
559 3939 575 3994 1
595 3939 631 3995 da
648 3939 885 4010 Rasumeetiona,
901 3939 934 3995 in
954 3957 1033 3996 uum.
1077 3957 1131 3995 nos
1143 3938 1321 4014 praefigitur:
1341 3941 1426 4006 ἀστὴρ
1442 3943 1587 4006 ίασφύρος,
1606 3941 1637 4004 ὃς
1654 3941 1776 4002 ditatam
1795 3944 1830 3995 ta

280 4039 357 4093 xvir,
369 4040 459 4094 xum,
477 4041 542 4096 xix,
560 4025 679 4082 Patavii
695 4043 723 4098 p.
742 4025 869 4095 oto-545,
882 4024 986 4081 Jahm'i
1003 4043 1031 4098 p.
1077 4031 1124 4079 τού
1146 4027 1267 4094 ούρανοῦ,
1283 4029 1356 4079 κατὰ
1377 4029 1424 4079 τό·
1442 4031 1499 4090 πῶς
1516 4028 1576 4080 κτλ
1594 4026 1668 4081 Post
1684 4024 1776 4082 verba
1797 4045 1827 4082 u.

279 4108 322 4180 73,
332 4109 374 4163 tt.
382 4109 502 4166 Gateuae
514 4111 658 4167 acholium
666 4111 771 4184 incipit
783 4111 814 4166 in
827 4131 856 4166 n.
864 4130 932 4171 xvu
941 4131 959 4168 a
967 4130 1032 4171 ver·
1077 4127 1148 4171 11¹:
1167 4116 1234 4181 πρὸς
1246 4114 1424 4179 ὀπανύρθιυοιν
1436 4115 1464 4165 σί
1474 4114 1584 4181 πληγαί,
1594 4111 1658 4166 sine
1670 4110 1830 4167 intervallo

279 4193 337 4250 bis:
351 4198 382 4250 '0
394 4199 461 4263 Θιύς
472 4201 568 4253 ύκτισι.
584 4199 659 4254 Post
670 4199 762 4256 verba
773 4198 804 4254 iu
815 4204 918 4255 nostro
931 4198 1032 4255 oodioa
1076 4203 1179 4254 nostra
1192 4205 1362 4271 sequuntur.

280 4299 315 4338 eo
328 4283 413 4338 modo
423 4289 588 4340 eontracta:
607 4286 669 4340 ἀλλ’
683 4289 800 4351 ἀναίτιος
812 4291 903 4342 πασῶν
915 4290 1001 4354 πάντη
1015 4289 1031 4339 t
1112 4287 1141 4353 1)
1154 4283 1260 4340 Genea.
1274 4301 1307 4355 τι,
1323 4287 1364 4357 16,
1376 4301 1418 4356 111,
1431 4287 1457 4352 2,
1475 4285 1501 4341 θ.

279 4370 355 4438 Θεύς,
368 4367 510 4426 inseritur
521 4369 645 4442 queastio
658 4363 746 4444 quam
755 4371 847 4428 aerias
857 4371 925 4428 fort.
935 4371 1031 4444 requi·
1111 4373 1140 4441 2)
1153 4369 1254 4426 Codex
1266 4370 1328 4426 bie:
1347 4375 1569 4441 ἀνηγορευμένου.

525 4644 618 4707 ΛΒΤ.
642 4643 685 4706 II.
708 4643 857 4707 SANCTI
882 4645 1093 4708 METHODII
1118 4644 1258 4708 OPERA
1281 4643 1396 4706 APUD
1421 4643 1587 4707 SLAVOS.

322 4871 512 4945 Doieudum
535 4875 709 4939 enimvero
732 4880 793 4956 est,
810 4877 897 4940 nihil
920 4876 1033 4940 haete·
1077 4875 1245 4940 feruutur.
1270 4873 1370 4939 Haud
1390 4875 1557 4939 modicam
1580 4875 1717 4957 quidem
1740 4879 1830 4943 mihi

279 4994 345 5042 nus
361 4978 451 5060 apud
467 4983 590 5044 Russus
611 4981 826 5062 exoperibus
849 4980 1033 5046 Methodia·
1078 4980 1222 5044 salivam
1248 4983 1401 5044 moverat
1423 4983 1641 5062 nuperrimus
1664 4983 1749 5047 liber
1772 4985 1833 5049 Pe-

280 5083 333 5146 nis
345 5083 508 5165 prodiisse
525 5088 647 5167 prater
658 5102 698 5148 ea
709 5102 785 5165 quae
796 5083 1033 5164 jamduduma
1077 5085 1318 5166 tropolitauus,
1342 5089 1484 5148 curante
1507 5086 1548 5150 ol.
1575 5084 1607 5149 d.
1630 5087 1833 5169 Eugraphio

279 5186 389 5252 tribus
411 5190 546 5252 saeouiis
561 5205 672 5268 graeoa
694 5188 784 5270 apud
806 5205 867 5253 uos
888 5190 1032 5253 eircum-
1078 5188 1301 5271 Lovjzigume,
1317 5189 1481 5269 vulgatus
1496 5208 1526 5253 a.
1541 5191 1636 5270 1877,
1648 5191 1713 5253 sub
1727 5189 1834 5270 hujus
