4044 6104
832 421 1043 492 nonnemo
1060 463 1062 468 ·
1660 425 1725 497 eal

184 563 407 632 ἐπικλόσαντιι.
430 559 548 643 Καλῶς
569 562 605 631 δέ
630 559 847 650 προτόθειιιιν·
866 564 933 632 Καὶ
977 566 1141 634 Praeclare
1156 570 1271 634 autem
1287 569 1461 652 apposuit:
1475 568 1522 650 Et
1541 567 1666 638 οιαῖιαιι
1679 589 1730 639 ου-

185 671 222 734 τὸ
235 671 383 755 ’πονηρὸν
412 668 545 736 ἐνώπιόν
566 691 623 735 σου
652 667 799 756 ἐποίησα,
821 669 933 737 τούτου
976 686 1049 737 ram
1064 675 1094 737 te
1110 671 1194 753 feci.
1222 672 1333 754 Hujus
1361 673 1452 738 enim
1479 673 1621 740 historia
1646 695 1730 760 quc·

183 775 247 858 γάρ
261 775 317 838 καὶ
330 771 353 857 η
368 771 490 858 ἱστορία
505 771 670 860 μέμνηται·
683 773 772 860 ιἰφθη
782 777 856 861 γάρ,
872 794 932 860 φη·
977 793 1044 858 quc
1056 779 1221 843 meminit.
1236 799 1254 838 α
1267 780 1393 844 Malum
1406 780 1507 860 enim,
1520 780 1569 844 ait
1579 782 1729 864 scripta

186 879 227 960 cl,
245 881 282 944 τὸ
296 879 427 964 γεγονὸς
442 876 730 962 πονηρὸνένυίιτιον
743 875 874 963 Κυρίου.
977 897 1025 960 ra,
1041 881 1154 945 visum
1170 886 1222 946 est
1235 881 1366 960 facinus
1382 899 1495 947 coram
1508 883 1662 947 Domino.
1678 905 1697 944 ν

227 1000 259 1046 ν.
277 983 306 1046 θ.
322 975 430 1058 Ὅπως
446 979 486 1044 ὸν
507 979 676 1065 δικαιωθῇς
691 981 804 1060 ἐντοῖς
823 979 927 1068 λόγοις
1020 1002 1052 1048 r.
1069 988 1099 1050 6.
1122 983 1369 1071 Utjuctificeris
1383 983 1421 1052 τίι
1433 985 1633 1054 remmom
1647 987 1727 1070 tois,

185 1104 252 1166 σου,
269 1085 324 1148 καὶ
338 1082 470 1169 νικήσῃς
486 1083 520 1148 ἐν
535 1092 579 1170 τῷ
593 1081 754 1169 κρίνεσθαί
769 1106 817 1170 με.
852 1129 860 1146 ι
902 1155 904 1160 ,
976 1088 1133 1156 caciacus
1146 1090 1431 1174 quomjwicoris.

229 1185 336 1253 Πάλαι
351 1188 408 1273 μὲν
431 1187 484 1252 διὸ
498 1189 535 1252 τὸ
550 1189 605 1254 σὸν
627 1187 715 1266 ἔλεος
737 1189 840 1256 δοκῶν
854 1188 934 1254 εἶναι
1020 1191 1186 1274 Equidem
1203 1195 1284 1259 olim
1300 1195 1383 1259 dum
1398 1213 1458 1278 per
1473 1200 1567 1260 tuam
1589 1198 1730 1262 misera-

184 1294 239 1357 καὶ
253 1293 313 1357 όιτὸ
328 1301 387 1377 της
402 1301 462 1377 οης
476 1292 606 1377 χάριτος
621 1292 847 1380 δικαιούμενος,
864 1294 934 1360 άνε-
976 1295 1103 1361 tionem
1119 1303 1153 1362 et
1164 1317 1225 1381 per
1236 1304 1331 1364 tuam
1342 1301 1491 1380 gratiam
1503 1300 1643 1365 videbar
1654 1319 1728 1365 esse

184 1395 365 1482 παισθήτως
377 1399 600 1484 εἰχοντηςαης
614 1395 794 1485 εὐεργεσίας
806 1400 934 1465 καὶτῶν
975 1399 1191 1484 justificatus,
1208 1404 1345 1483 ingrato
1361 1423 1414 1469 me
1433 1407 1547 1469 animo
1562 1405 1728 1470 habebam

183 1500 364 1585 προσόντων
380 1500 571 1586 μοικαλῶν·
594 1501 631 1566 οὐ
646 1502 683 1567 οὲ
697 1504 752 1568 τὸν
767 1502 849 1571 Θεὸν
864 1502 935 1568 ἐπε·
978 1522 1061 1584 erga
1075 1511 1136 1571 tua
1161 1507 1325 1574 beneficia
1341 1513 1375 1572 et
1399 1509 1488 1573 bona
1503 1509 1588 1572 mihi
1614 1527 1733 1574 succe·

184 1604 353 1692 γραφόμην
367 1607 476 1688 αῐτιον,
489 1605 562 1670 οὐδὲ
574 1608 624 1671 σοι
635 1608 695 1694 την
704 1606 799 1693 χάριν
813 1605 933 1693 ὡμολό-
976 1607 1102 1690 dentia;
1117 1614 1151 1674 te
1163 1628 1231 1675 non
1243 1613 1399 1693 reputavi
1411 1612 1533 1677 horum
1544 1615 1654 1677 Deum
1669 1631 1731 1676 au·

181 1729 268 1797 γουν,
284 1709 355 1774 ἀλλ’
366 1709 417 1775 ἐπ’
428 1712 514 1797 ebro
537 1709 621 1799 μέγα
642 1712 811 1798 ἐφρόνουν·
833 1712 930 1798 ἠγοό-
977 1717 1114 1794 ctorem,
1132 1731 1243 1797 neque
1257 1720 1354 1786 tuam
1369 1717 1516 1794 gratiam
1533 1716 1728 1798 confitebar;

118 1875 123 1890 ,
190 1834 253 1900 μην
274 1834 310 1878 τε
332 1812 552 1900 άμετάόλητον
567 1815 629 1894 ἕξιν
650 1813 863 1900 ἀνειληφέναι,
886 1814 934 1879 διὸ
977 1817 1037 1882 sed
1051 1819 1087 1882 in
1110 1818 1174 1884 hoc
1188 1825 1389 1900 arroganter
1411 1821 1609 1900 sentiebam,
1626 1826 1728 1885 etar-

184 1919 313 2007 ἔλεγον·
328 1918 384 1985 Ἐν
397 1930 437 2006 τῇ
453 1918 583 2006 εθθηνόᾳ
601 1941 660 2007 μου
676 1922 713 1984 ab
728 1921 771 2006 μὴ
788 1918 933 1986 σαλευθῶ
976 1922 1129 1987 bitrabar
1146 1940 1200 1986 me
1223 1928 1362 1988 nactum
1384 1942 1458 1988 esse
1480 1924 1730 1988 immutabilem

186 2022 230 2101 εἰς
252 2024 305 2088 τὸν
328 2025 436 2089 αἰῶνα.
460 2023 579 2099 Ταθταγ
593 2023 628 2089 δέ
651 2044 711 2111 μου
733 2033 933 2108 φρονοῦντος,
978 2025 1216 2090 conditionem.
1234 2026 1312 2090 Ideo
1327 2026 1416 2091 dixi:
1434 2049 1451 2088 ι
1468 2028 1731 2095 lnabundantia

187 2129 236 2209 σὺ,
251 2126 270 2191 ὸ
285 2125 375 2208 Θεὸς,
398 2125 609 2213 άπάστρεψας,
631 2129 688 2193 καλ
708 2126 862 2214 ἐγενήθην
884 2149 934 2194 τε·
979 2147 1056 2194 mea
1071 2147 1139 2194 non
1162 2125 1369 2195 mor'eb'orin
1395 2137 1570 2197 aeternum.
1587 2154 1606 2193 ν
1634 2135 1732 2197 Talia

185 2229 397 2316 ταραγμένος·
414 2231 574 2317 ἐπειδὴδὲ
591 2231 673 2318 μέγα
687 2230 858 2317 φρονήσας,
870 2283 877 2297 .
888 2281 895 2296 .
906 2277 934 2298 ..
979 2233 1062 2297 dum
1085 2235 1272 2316 volvebam,
1288 2241 1338 2318 tu,
1365 2237 1672 2317 oDeua,-avertisii
1686 2243 1732 2318 te,

187 2333 326 2418 εὸθηνῶν
340 2355 374 2400 τε
394 2337 450 2400 καλ
471 2333 699 2422 εθθυμοόμενος
713 2338 748 2403 ἐν
762 2343 829 2414 ταῖς
851 2339 936 2402 κατὰ
980 2342 1014 2401 ct
1028 2336 1137 2402 iactus
1152 2357 1231 2402 sum
1246 2337 1478 2404 conturbatus.
1493 2342 1537 2406 Et
1550 2345 1731 2424 postquam

187 2435 268 2504 Θεὸν
297 2445 493 2523 προκοπαϊς,
523 2438 686 2526 ἐτόλμησα
721 2439 937 2525 θρασύνεσθαι
979 2442 1093 2505 animo
1108 2449 1383 2521 magnetumens
1398 2450 1432 2510 et
1446 2462 1604 2528 prospere
1619 2463 1728 2526 agens

185 2544 242 2607 καὶ
256 2543 365 2624 εἰπεῖν,
384 2541 427 2620 ὡς
441 2544 506 2628 ἄρα
519 2544 588 2628 τῐην
610 2545 774 2629 ἄτρεπτος,
795 2543 836 2620 ὸς
858 2563 936 2608 ποτε
979 2549 1014 2608 et
1028 2545 1235 2611 confidenter
1250 2549 1286 2612 in
1301 2565 1487 2630 progressu
1500 2550 1544 2614 ad
1554 2551 1664 2614 Deum
1675 2569 1732 2616 su-

189 2647 259 2734 [μὴ]
275 2648 484 2735 σαλευόμινος
495 2659 553 2736 της
566 2647 600 2714 ἐν
612 2648 684 2735 Θιῷ
697 2650 848 2727 στάσεως.
856 2647 936 2716 Τοό-
979 2649 1146 2739 perbicns,
1173 2669 1277 2716 ausus
1302 2670 1379 2716 sum
1406 2655 1560 2718 attollere
1581 2657 1730 2738 superci-

186 2774 242 2819 του
265 2753 359 2839 χάριν
378 2753 395 2818 ὸ
418 2753 537 2839 άγαθὸς
558 2753 639 2831 Θεὸς
661 2752 842 2840 φειδόμενος
865 2773 935 2838 μου,
979 2755 1077 2834 lium,
1099 2773 1139 2818 ao
1161 2754 1272 2820 dicere
1291 2756 1468 2821 immotum
1485 2775 1548 2821 me·
1562 2759 1645 2839 esse,
1661 2777 1730 2823 me·

191 2858 248 2921 καλ
264 2856 419 2923 διδάσκων
432 2856 517 2944 αὐτῷ
531 2859 623 2943 ἔργῳ,
635 2858 684 2921 ότι
694 2856 750 2923 ἐάν
766 2859 809 2944 μὴ
821 2855 937 2941 Κύριος
980 2876 1103 2941 amque
1117 2862 1300 2926 stationem
1315 2863 1351 2925 in
1362 2863 1432 2928 Deo
1443 2862 1728 2927 indeclinabilem.

91 2959 93 2963 ⁴
190 2960 387 3047 οῖκοδομήση
403 2961 500 3042 οἶκον,
524 2961 569 3038 εἰς
585 2960 687 3046 μάτην
709 2959 883 3027 ἐκοπόαοαν
905 2958 935 3026 οἱ
981 2963 1085 3055 Cujus
1100 2966 1150 3030 rei
1173 2967 1288 3046 gratia
1301 2967 1411 3032 bonus
1434 2968 1525 3032 Deus
1544 2968 1628 3031 mihi
1652 2979 1750 3050 pars

192 3065 440 3150 οἰκοδομοῦντες·
463 3065 520 3131 ἐάν
535 3067 578 3152 μὴ
594 3065 710 3150 Κύριος
732 3064 855 3151 φυλάξῃ
876 3063 933 3129 πὸ-
980 3085 1070 3148 cens,
1087 3073 1122 3132 et
1135 3069 1247 3150 reipsa
1263 3087 1317 3134 me
1332 3070 1368 3134 id
1383 3070 1519 3134 docens:
1543 3092 1561 3131 α
1576 3071 1649 3134 Nisi
1664 3072 1732 3136 Do·

190 3167 249 3252 λιν,
266 3169 309 3246 εἰς
333 3169 436 3256 μάτην
450 3169 684 3255 ἠγρύπνησενὸ
707 3169 886 3255 φυλάσσων,
901 3167 937 3234 ότ-
980 3172 1094 3236 minus
1107 3171 1326 3236 aediiicaverit
1336 3175 1529 3254 domum‚in
1541 3191 1668 3238 vanum
1684 3177 1732 3239 la-

190 3269 350 3356 ναγκαίως
365 3272 392 3336 δ’
400 3271 598 3357 ἀπὸττρεψεν
610 3273 645 3336 τὸ
657 3273 824 3358 πρόσωπον
838 3275 935 3338 αὐτοῦ
978 3275 1196 3357 boraverunt,
1213 3278 1272 3358 qui
1288 3277 1458 3342 aediflcant
1471 3296 1557 3343 eam.
1579 3279 1652 3344 Nisi
1667 3280 1732 3343 Do·

189 3376 225 3438 τὸ
240 3374 340 3440 πάλαι
356 3396 395 3461 με
416 3375 560 3461 φωτίζον,
584 3376 623 3440 ἵν’
634 3377 728 3455 αὐτὸς
750 3376 885 3464 ἐμαυτὸν
907 3375 937 3441 ἐ·
979 3378 1095 3443 minus
1117 3380 1315 3444 custodierit
1340 3381 1524 3462 civitatem,
1540 3383 1577 3446 in
1603 3400 1732 3447 vanum

189 3479 327 3564 πιγνοὺς,
342 3481 397 3545 καὶ
411 3481 470 3565 τὴν
482 3475 601 3544 οἰκείαν
613 3478 776 3547 άοθένειαν
791 3501 936 3566 καταμα·
980 3483 1106 3561 vigilat
1117 3482 1176 3564 qui
1191 3482 1348 3563 custodit,
1364 3503 1383 3543 ν
1400 3501 1537 3548 necesse
1553 3488 1604 3549 est
1620 3489 1681 3548 tua
1696 3504 1734 3547 a·

188 3581 260 3664 θὼν,
277 3581 389 3668 μηκέτ’
410 3583 534 3669 ἀλόγως
550 3581 746 3669 ἐπαιροόμην,
764 3581 896 3669 μηδ’ὸπ’
907 3582 937 3648 ἐ·
979 3583 1243 3648 vertaturiacies
1255 3601 1331 3666 quae
1342 3587 1425 3650 olim
1437 3604 1491 3651 me
1504 3588 1732 3670 collustravit,

189 3695 296 3772 μαυτῷ
319 3685 568 3773 μεγαφρονοίην,
598 3684 782 3772 γινθισκοιμι
811 3684 847 3749 bi
875 3687 937 3750 τῶν
981 3693 1020 3753 ut
1035 3689 1107 3770 ipse
1122 3704 1187 3768 ego
1199 3704 1535 3770 mecognoscena,ac
1548 3708 1658 3754 meam
1675 3709 1733 3756 ex-

190 3789 316 3858 πάντων
338 3791 408 3878 ἐμοὶ
430 3791 592 3877 παρόντων
614 3789 750 3877 ἀγαθῶν.
773 3788 858 3877 Ἐγὼ
879 3789 938 3876 μὸν
980 3795 1097 3873 pertus
1125 3789 1369 3873 infirmitatem,
1392 3792 1464 3873 jam
1487 3810 1555 3856 nou
1580 3795 1730 3875 amplius

188 3895 243 3959 οὖν
259 3893 421 3980 άνθρωπος
435 3895 478 3960 ὢν
492 3895 678 3981 ἐλήλεγμαι,
694 3897 732 3960 σὺ
748 3895 784 3960 δὲ
798 3903 886 3980 νικᾷς
902 3894 937 3960 ἐν
980 3898 1116 3962 attollar
1127 3898 1250 3978 inepte,
1266 3913 1378 3978 neque
1393 3899 1430 3963 iu
1446 3903 1571 3963 memet
1586 3900 1733 3964 intume-

190 4007 235 4084 τῷ
248 3995 416 4082 κρίνεσθαι,
429 4001 490 4065 τῶν
501 3999 695 4086 πραγμάτων
710 4001 936 4084 παριστάντων,
980 4019 1083 4083 scam,
1098 4002 1157 4066 sed
1177 4003 1318 4066 memori
1338 4007 1506 4085 gratoque
1528 4004 1594 4068 sim
1617 4005 1734 4072 animo

188 4103 235 4168 ότι
249 4105 304 4168 καὶ
319 4104 380 4188 πρὸ
390 4111 448 4188 της
459 4103 613 4188 ἁμαρτίας
628 4102 666 4167 οὐ
679 4101 719 4167 δι’
725 4103 872 4189 ἐμαυτὸν,
884 4102 937 4169 διὸ
979 4125 1040 4191 pro
1054 4108 1152 4172 bonis
1167 4105 1325 4171 omnibus
1348 4109 1627 4175 mibiconcessis.
1657 4111 1734 4191 Ego

92 4209 100 4226 ⁴
187 4205 223 4271 δὲ
236 4206 274 4270 σὲ
288 4205 463 4292 ὸτθγχανον
482 4207 547 4285 οἶος
561 4205 761 4293 όνομιζόμην.
785 4204 851 4272 Καὶ
872 4205 936 4272 τά·
981 4211 1128 4296 quidem,
1144 4211 1245 4274 bomo
1266 4229 1345 4274 cum
1371 4211 1446 4292 sim,
1473 4230 1552 4278 reus
1567 4217 1674 4296 patui,
1691 4220 1730 4280 tu

187 4309 236 4376 λιν
250 4309 320 4376 ἐπεὶ
334 4309 459 4396 Ἰησοῦς
475 4312 563 4377 εἶπεν
577 4308 840 4397 ἐπιὸρμπιστέραν
858 4299 941 4375 εἶναι’
979 4334 1061 4381 vero
1074 4317 1196 4396 οἱοοαε,
1216 4315 1442 4397 conjudices,
1461 4316 1543 4382 dum
1557 4337 1661 4402 opera
1674 4337 1729 4384 co·

186 4415 246 4500 την
261 4413 401 4480 διάνοιαν
418 4423 480 4480 τῶν
495 4413 665 4498 ἀνθρώπων
680 4414 732 4479 ἐπὶ
746 4415 787 4478 τά
800 4415 936 4499 πονηρά,
981 4439 1054 4486 ram
1069 4425 1103 4485 te
1117 4421 1319 4501 consistunt,
1338 4422 1499 4503 quoniam
1516 4428 1595 4488 ante
1617 4441 1734 4506 pecca-

187 4518 245 4583 καλ
258 4516 305 4582 τό·
321 4515 390 4582 Οὐκ
404 4519 488 4584 ἔστιν
500 4517 663 4603 ἄνθρωπος
677 4519 712 4596 ὸς
723 4518 784 4604 οὐχ
795 4516 937 4605 ἁμαρτά·
981 4529 1067 4607 tum,
1078 4543 1147 4590 non
1158 4542 1218 4607 per
1230 4542 1295 4614 me,
1307 4525 1365 4589 sed
1377 4543 1438 4608 per
1449 4532 1483 4591 te
1499 4527 1559 4608 lui,
1577 4531 1688 4611 qualis
1699 4547 1733 4593 e·

188 4642 287 4704 σεται,
301 4619 545 4708 ἁμαρτανόντων
553 4623 608 4686 καλ
618 4623 719 4687 αὐτῶν
726 4629 789 4686 τῶν
796 4619 936 4704 τελείων,
982 4649 1055 4694 ram
1069 4630 1268 4694 estimatus.
1284 4629 1329 4692 Et
1343 4647 1462 4694 rursus
1477 4635 1656 4714 postquam
1675 4635 1697 4698 J
1698 4651 1733 4697 e·

190 4727 365 4793 δικαιοῦται
380 4727 397 4792 ὸ
412 4727 493 4805 Θεὸς
508 4727 542 4793 ἐν
556 4736 621 4805 τοῐς
635 4727 742 4812 λόγοις
765 4726 889 4809 ἑαυτοῦ,
904 4728 939 4793 ἐν
982 4752 1041 4798 sus
1057 4733 1153 4812 dixit,
1175 4732 1451 4815 «propensiorem
1466 4751 1538 4798 esse
1554 4734 1733 4800 hominum

191 4833 316 4910 οῐςεῖπε
328 4831 449 4910 πάντας
464 4830 690 4908 ἐκκεκλικότας
705 4831 940 4918 άμαηχρειῶσ-
983 4837 1225 4916 cogitationem
1248 4833 1291 4899 ad
1314 4837 1449 4916 mala,>›
1474 4842 1510 4901 et
1530 4845 1607 4921 post
1629 4838 1732 4904 illud:

97 5021 101 5028 .
189 4935 252 5018 θαι,
268 4937 365 5020 ταόιη
379 4937 418 5022 δὴ
431 4944 503 5022 νικᾷ
518 4934 699 5021 κρινόμενος
710 4939 788 5020 πρὸς
798 4938 872 5014 τοὺς
884 4935 937 5003 ἀν·
986 4941 1093 5004 «Non
1116 4943 1168 5004 est
1194 4939 1294 5003 homo
1317 4941 1377 5021 qui
1404 4958 1471 5005 non
1494 4944 1728 5026 peccaverit»

194 5040 347 5126 θρώπους,
370 5041 557 5119 ἀποδεικνὺς
579 5041 693 5126 αὐτοὺς
715 5038 940 5127 ἁμαρτωλούς·
984 5060 1091 5127 quum
1106 5043 1211 5107 etiam
1225 5041 1366 5125 perlecti
1381 5044 1592 5129 delinquant,
1608 5047 1734 5130 justifi-

190 5146 328 5233 συνῳδὸν
347 5146 467 5227 τούτοις
486 5146 540 5214 τό·
556 5145 634 5216 Ἐάν
653 5145 789 5234 εἴπωμεν
811 5146 859 5213 ότι
879 5148 942 5234 οἰιχ
986 5152 1084 5214 catur
1099 5148 1189 5212 Deus
1217 5147 1253 5212 in
1275 5148 1488 5216 sermonibus
1510 5150 1593 5236 suis,
1609 5153 1736 5237 quibus
