4044 6104
290 456 355 519 412
964 457 1175 522 ORIGENES

293 613 382 675 σευς,
401 595 456 658 καὶ
474 592 558 658 κατὰ
573 601 665 659 τοῦτο
680 591 880 678 ῶφελήθεοεν.
897 631 937 642 -
954 591 1036 659 Ὀλέ-
1080 598 1166 662 iilud
1184 599 1220 661 in
1237 598 1300 662 boe
1316 599 1446 681 aliquid
1466 599 1661 666 luctaturi...
1690 635 1727 644 -
1745 602 1832 664 Pau-

292 717 377 781 γους,
400 699 472 774 τοὺς
498 695 635 774 δικαίους
659 695 831 783 νοήσωμεν,
854 697 925 781 περὶ
950 697 994 761 ῶν
1018 695 1036 760 ὁ
1081 719 1136 764 oos
1154 703 1388 780 intelligamus
1403 702 1525 782 iustos,
1540 703 1581 766 de
1597 701 1721 784 quibus
1742 702 1830 767 dixit

291 800 434 885 Χριστὸς·
450 801 577 887 ἔλεγεν·
601 802 701 888 Στενὴ
724 803 779 866 καὶ
800 798 987 888 τεθλιμμένη
1013 799 1036 886 ἡ
1081 805 1277 868 Christuszu
1293 809 1394 871 Arata
1405 813 1440 870 et
1454 811 1604 886 augusta
1619 811 1671 870 est
1684 806 1741 869 via
1752 824 1827 888 qum

290 905 361 984 ὁδὸς
376 905 397 990 ἡ
414 905 554 991 φέρουσα
570 907 613 984 εἰς
628 908 686 992 τὴν
701 906 797 993 ζωὴν,
810 909 865 972 καὶ
880 904 980 993 ὀλίγον
994 905 1035 970 εἰ·
1081 909 1175 972 duait
1185 908 1227 972 ad
1242 910 1357 988 vitam,
1370 911 1469 990 pauci
1486 911 1615 974 intrant
1629 927 1690 992 per
1707 927 1791 974 eam.
1805 933 1824 970 ο

290 1011 339 1074 σλν
354 1009 383 1074 οἱ
398 1009 562 1096 ἐρχόμενοι
575 1010 614 1074 δι’
621 1011 729 1095 αὐτῆς.
741 1007 916 1076 Φεέσοισθοιι
927 1019 988 1074 τῶν
1003 1009 1035 1074 6-
1079 1013 1159 1075 Orat
1171 1017 1210 1074 ut
1218 1013 1397 1092 indulgeat
1408 1013 1552 1096 paneis,j
1557 1015 1641 1078 ustis
1653 1015 1827 1092 nimirum,

290 1111 395 1198 λέγων,
411 1113 534 1198 δηλαδὴ
551 1122 611 1178 τῶν
626 1111 755 1178 δυιοιίιυν
774 1111 965 1198 παρακαλεῖ,
981 1114 1035 1177 τισὶ
1080 1120 1113 1179 et
1127 1121 1167 1180 ut
1181 1115 1310 1180 dividat
1324 1134 1380 1182 eos
1398 1122 1524 1182 aterra
1550 1119 1585 1181 in
1600 1118 1671 1182 vita
1696 1135 1824 1197 eorum,

289 1216 464 1302 διαμερέσοιι
480 1217 593 1294 abrahe
616 1214 679 1281 ἀπὸ
698 1224 758 1302 γῆς
780 1217 814 1282 έν
828 1225 868 1302 τῇ
890 1215 957 1302 (ab
981 1216 1036 1280 ab·
1080 1220 1238 1284 videlicet
1252 1225 1291 1284 ut
1303 1222 1506 1286 amoveatab
1517 1222 1565 1284 eis
1576 1223 1757 1285 nonnullos
1769 1221 1829 1302 qui

292 1329 364 1402 τῶν,
380 1319 539 1386 τουτέστιν
558 1319 738 1406 ἀποστῆσαι
748 1322 851 1388 αὐτῶν
864 1341 950 1398 τινος
964 1322 1037 1397 τοὺς
1082 1324 1118 1387 in
1131 1329 1221 1388 terra
1235 1329 1326 1405 sunt,
1340 1331 1374 1389 et
1389 1327 1448 1408 qui
1464 1327 1499 1390 in
1511 1326 1575 1390 hac
1585 1326 1658 1389 vita
1669 1325 1766 1388 nobis
1782 1325 1832 1386 in-

293 1423 345 1488 aa
360 1434 417 1510 rog
431 1433 491 1511 γῆς
506 1425 561 1488 καὶ
575 1425 608 1490 έν
623 1425 662 1509 τῇ
677 1433 731 1490 νῶν
746 1423 812 1510 ζωῇ
827 1422 902 1511 ἡμῖν
916 1422 1039 1490 hathon-
1082 1428 1261 1493 sidiantur.

293 1528 452 1606 λεύοντοις.

339 1653 371 1697 ν.
391 1635 441 1697 14.
458 1629 719 1718 Ἐχορτέισθηοαν
733 1629 816 1695 υῐῶν.
1126 1655 1158 1700 ν.
1178 1639 1227 1702 14.
1243 1638 1395 1703 Sottoati
1408 1637 1591 1720 suotfiia'ia.

338 1735 409 1823 Οὐχ
424 1736 466 1813 ῶς
480 1757 560 1812 τινες
575 1733 744 1820 νομίζουσι,
759 1736 795 1799 τὸ
808 1732 917 1820 βρῶμα
927 1733 1038 1799 ένταῶ-
1122 1741 1207 1820 Non,
1230 1745 1269 1804 ut
1291 1741 1429 1823 quibam
1458 1746 1589 1822 putant
1612 1741 1828 1822 reprehendit

296 1837 512 1906 batratano
528 1849 589 1905 τῶν
605 1839 706 1905 batus·
721 1839 794 1904 ουδὲ
809 1841 870 1924 γὰρ
881 1841 921 1907 τὰ
932 1839 1039 1904 εἰστο·
1081 1859 1193 1907 eseam
1207 1845 1344 1908 suillam
1371 1843 1464 1926 (nam
1484 1863 1524 1910 aa
1546 1863 1621 1926 quae
1636 1847 1765 1910 intrant
1791 1848 1827 1910 in

291 1941 445 2029 ρτυόμενα
459 1943 503 2020 εἰς
516 1947 552 2010 τὸ
568 1941 669 2028 στόμα
683 1950 784 2008 κοινοῖ
795 1945 848 2008 τον
863 1941 1036 2026 ῶνθρυτον,
1081 1964 1128 2028 os,
1143 1965 1210 2010 nou
1223 1948 1445 2029 coinquinant
1455 1948 1650 2032 bominem),
1663 1950 1722 2014 sad
1732 1951 1773 2014 de
1789 1950 1829 2012 fi-

290 2047 362 2112 ἀλλ’
374 2048 448 2113 υἱῶν
461 2047 578 2113 τέκνων
600 2045 695 2133 λέγει.
716 2046 806 2114 Οῶτῶ
829 2048 885 2133 μέν
899 2047 933 2113 έν
948 2048 991 2133 τῷ
1007 2045 1037 2112 έ-
1080 2053 1137 2115 liis
1160 2052 1337 2116 bominum
1353 2053 1469 2118 liberis
1488 2055 1718 2134 loquitur.1ta
1737 2056 1828 2118 euim

292 2151 411 2236 δροικῶ
426 2151 535 2236 σαφῶς
549 2149 693 2236 κείμενον
707 2151 900 2237 εὑρίσκομεν.
916 2148 1036 2218 ΒΑΝΗ
1081 2161 1196 2237 aperte
1211 2157 1246 2219 in
1274 2156 1431 2221 hebraico
1450 2158 1643 2222 invenimus
1668 2159 1827 2240 positum.

288 2257 352 2340 γὰρ
362 2256 420 2340 τὴν
442 2253 525 2334 λέξιν
539 2256 656 2340 ταύτην
671 2255 784 2342 έθηκεν
801 2254 823 2341 ἡ
843 2258 899 2321 καὶ
913 2259 988 2340 παρ’
1002 2255 1037 2322 ἱ·
1079 2261 1164 2324 Nam
1176 2277 1293 2323 vooem
1305 2259 1498 2324 hebraicam
1508 2262 1597 2326 Baua·
1610 2261 1768 2342 praestitit
1778 2278 1830 2324 re·

290 2357 408 2444 6ροιίοις
430 2357 628 2444 παρέκδοσις,
644 2362 720 2446 ὅπερ
735 2359 844 2427 τέκνον
866 2359 1034 2446 έρμηνιύι-
1077 2366 1191 2429 censio
1208 2365 1370 2430 aJudaais
1383 2365 1518 2444 tradita,
1535 2364 1705 2447 quodstlii
1719 2367 1829 2428 bans·
1847 2403 1851 2410 ·

290 2483 351 2528 τοιι.
366 2461 535 2528 Διοιὸάλλει
548 2461 648 2529 τοίνυν
661 2463 776 2540 αὐτοὺς
791 2463 833 2541 6ος
848 2461 919 2529 λέον
934 2462 1034 2550 ἁγνῶ-
1077 2467 1194 2532 fertur.
1209 2470 1321 2548 Igitur
1335 2468 1536 2534 criminatur
1554 2484 1621 2548 eos,
1637 2469 1689 2531 uti
1714 2469 1831 2546 ingra-

292 2586 399 2651 μονας,
421 2567 467 2632 ὅτι
488 2565 585 2633 τέκνα
603 2567 692 2651 παρὰ
713 2564 797 2634 Θεοῦ
818 2565 967 2644 λοιὸὀντες
989 2568 1034 2645 εἰς
1078 2575 1201 2638 tissimi
1217 2574 1333 2654 animi,
1349 2573 1438 2656 quod
1451 2572 1634 2642 filiosoum
1656 2592 1678 2636 a
1692 2575 1762 2638 Deo
1777 2591 1830 2636 re-

290 2669 421 2756 πλῆθος,
445 2673 505 2738 οἶοι
529 2672 647 2758 ἀρετὴν
670 2672 784 2754 οιῶτοῐς,
807 2670 969 2738 ἀλλὰκαὶ
995 2675 1037 2740 τὰ
1080 2679 1231 2759 ceperint
1240 2693 1382 2742 numero
1390 2678 1525 2758 multos,
1536 2678 1772 2744 nonvirtutem
1785 2678 1828 2740 ii-

289 2775 385 2842 λοιπὰ
394 2786 450 2864 της
461 2775 579 2842 έουτιῖιν
594 2773 710 2856 κακίας
725 2777 793 2842 ἀντὶ
808 2774 930 2862 κλήρου
941 2776 1037 2864 παρέ·
1079 2782 1132 2861 lis,
1148 2781 1206 2845 sed
1221 2782 1353 2863 reliqua
1367 2781 1506 2846 malitiae
1529 2778 1665 2861 flagitia
1683 2797 1744 2863 pro
1763 2781 1831 2844 ba·

288 2882 404 2947 δονκοιν.
1083 2885 1434 2952 reditatetraduount.

323 3105 353 3146 ν.
366 3089 408 3142 14
418 3088 495 3144 Itam
505 3087 593 3144 vatia.
606 3087 649 3142 16.
661 3087 761 3142 Panes
772 3091 889 3144 tanturn
900 3085 938 3143 ab
951 3085 1037 3142 initio
1081 3091 1225 3150 Eusebius
1235 3089 1356 3166 raoapit,
1368 3105 1463 3162 nequa
1472 3088 1553 3146 ahud
1565 3093 1619 3160 est,
1631 3087 1742 3162 opinor,
1752 3090 1831 3161 qnod

289 3173 1038 3248 verbaapudCorderianssyabiotribuuntnr,nao
1080 3179 1227 3252 proponit,
1247 3183 1339 3249 osup·
1352 3181 1466 3248 έσροιῐοις
1481 3180 1648 3245 ιταρέκδοσις,
1660 3177 1718 3233 nisi
1734 3176 1831 3250 prim

289 3261 352 3316 sine
363 3261 477 3332 mendo,
487 3260 926 3333 comprobatavinprimoloao,
938 3260 1037 3334 inepta
1080 3266 1215 3321 colomna
1234 3265 1297 3322 aive
1309 3263 1521 3337 hanaporum,
1539 3261 1602 3320 siva
1619 3262 1828 3336 Hexaplorum.

288 3347 405 3418 legatur
422 3353 490 3402 υἱῶν.
508 3347 613 3402 Nullus
626 3364 712 3419 qnam
733 3346 825 3402 seiam
839 3352 973 3404 ratarum
993 3348 1037 3403 in·
1080 3353 1146 3408 Duo
1158 3356 1261 3408 notm
1279 3349 1332 3407 aba
1348 3367 1381 3406 ra
1397 3368 1457 3406 non
1475 3355 1528 3420 est,
1545 3349 1672 3422 primam
1689 3349 1721 3404 in
1735 3347 1829 3406 Vatia.

289 3438 451 3506 terpretam
471 3432 556 3488 nobis
586 3434 716 3491 servavit
737 3450 840 3491 rocam
868 3433 1035 3490 hebraicam
1080 3437 1266 3511 Baoriptnm
1284 3451 1364 3492 asse:
1381 3439 1596 3505 Ἐχορτῶτθηοοιν
1612 3440 1697 3502 batua
1714 3441 1749 3490 nt
1765 3435 1829 3492 vul-

290 3524 420 3600 0123
431 3519 638 3591 Baaim,qnam
645 3525 725 3576 sarto
735 3521 844 3576 sertim
851 3520 888 3576 ab
895 3519 1038 3594 Hexaplis
1081 3525 1145 3596 gati
1162 3541 1241 3596 ως
1263 3523 1369 3580 deinde
1389 3523 1449 3594 legi
1470 3539 1559 3578 mann
1580 3521 1675 3594 prima
1694 3525 1827 3588 ἀπολύων,

355 3601 412 3638 “²
1081 3628 1135 3670 neo
1146 3608 1390 3682 nisiinmargina
1404 3625 1556 3666 ooemrera
1570 3611 1730 3679 ἀπ’ὀλίγυν.

881 3791 1051 3872 Psalmua
1076 3785 1216 3869 XVII.

332 4020 365 4064 ν.
382 4001 413 4064 2.
436 3996 613 4085 Ἀγοιπήοῶ
640 4018 686 4082 σε,
709 3997 817 4083 Κύριε,
844 3997 933 4084 ἰσχύς
961 4020 1030 4085 μου.
1119 4019 1150 4064 v.
1164 4001 1194 4063 2.
1206 3999 1354 4080 Diliqam
1363 4002 1404 4078 a,
1415 3999 1558 4080 Domita,
1567 3995 1733 4079 fortitudo
1744 4013 1824 4061 uua.

288 4103 406 4188 Κύριος
428 4102 591 4188 ereptant
614 4123 674 4188 μου
695 4104 750 4167 κοιλ
775 4101 944 4188 καταφυγή
972 4125 1031 4189 μου
1077 4102 1485 4179 oomtuesstrmamauam
1500 4105 1646 4166 meamet
1659 4099 1827 4184 resecatum

286 4209 344 4272 κοιλ
359 4207 473 4292 ρύσιης
490 4229 559 4292 μου.
584 4209 683 4274 Vatia.
700 4209 774 4286 632,
789 4208 820 4272 2.
1081 4223 1186 4272 νιτυνο
1202 4211 1234 4271 et
1248 4205 1400 4278 liberator
1413 4223 1511 4271 meus.

324 4309 574 4397 ,Προορυγένττς
588 4312 649 4395 γὰρ
665 4318 729 4386 τοῖς
744 4307 893 4390 εἰδώλοις,
910 4307 969 4373 οὔτι
982 4307 1033 4373 έσ-
1122 4309 1257 4372 Etenim
1296 4308 1469 4388 refugium
1500 4328 1607 4392 quum
1646 4310 1828 4374 habuimus

285 4419 493 4504 τερτῶθημεν,
518 4417 587 4482 ἀλλ’
598 4416 832 4502 έοαλεὺθηρεν·
854 4415 927 4480 οὐδὲ
948 4415 1036 4500 έρῶσ-
1079 4412 1169 4495 apud
1191 4413 1290 4494 idola,
1313 4413 1509 4478 confirmati
1531 4431 1599 4478 non
1614 4414 1752 4494 fuimus
1770 4415 1831 4478 sed

284 4523 386 4610 θημεν
409 4523 539 4609 ἐχθρῶν,
564 4521 647 4586 ἀλλὰ
669 4530 733 4598 τοῖς
755 4519 878 4606 ἐχθροῖς
899 4520 1033 4603 παρεδό-
1078 4519 1246 4598 commoti,
1271 4535 1337 4581 non
1361 4519 1499 4582 liberati
1523 4519 1566 4581 ab
1592 4519 1756 4600 hostibus,
1771 4519 1831 4582 sed

285 4626 397 4713 θηρεν,
414 4628 457 4690 ῶν
479 4623 564 4710 ἡμᾶς
582 4624 599 4690 ὁ
621 4623 758 4709 Χριστὸς
780 4623 958 4709 ἐλευθεροῖ·
980 4624 1036 4688 τισὶ
1087 4621 1243 4686 hostibus
1272 4621 1398 4701 traditi,
1425 4623 1605 4704 exquibus
1628 4623 1750 4686 liberat
1770 4640 1832 4686 nos

287 4729 464 4818 ἐστερέυσε
479 4731 534 4795 οιαὶ
548 4729 654 4814 ῥύεται
669 4729 721 4796 διὰ
734 4736 791 4815 τῆς
805 4726 948 4806 πίστεως.
1082 4725 1235 4790 Christus
1251 4728 1285 4788 et
1306 4741 1366 4806 per
1383 4723 1484 4790 fidem
1504 4725 1718 4790 confirmavit
1737 4730 1772 4791 et
1793 4744 1828 4789 e·

965 4861 968 4868 »
1080 4831 1171 4911 ripit.

330 4961 363 5006 v.
393 4940 423 5005 6.
449 4936 571 5015 Ὤδῖντς
601 4937 678 5024 ᾅδου
704 4935 960 5023 opertanea
987 4955 1036 5024 με,
1124 4952 1156 4997 ν.
1184 4937 1213 4997 6.
1240 4934 1374 5000 Dolores
1398 4933 1527 5018 inserui
1551 4935 1827 5004 circumderunt

286 5041 497 5129 abutebantur
512 5065 551 5130 με
566 5040 695 5127 matthas
711 5039 864 5114 θανάτου.
1083 5055 1147 5120 ινιτ,
1154 5041 1516 5122 numantinorum
1529 5039 1639 5124 laqtaei
1648 5041 1772 5106 mortis.

335 5145 376 5211 Αἰ
393 5155 454 5212 τῶν
478 5153 603 5232 γοητῶν
625 5143 754 5228 ἀπάται,
770 5143 896 5232 δηλαδὴ
909 5144 965 5212 καὶ
979 5149 1040 5211 τῶν
1086 5202 1088 5208 .
1130 5145 1380 5210 intentatorum
1407 5141 1560 5226 saumis,
1587 5160 1707 5226 nempe
1730 5143 1832 5210 etiam
