3966 6104
745 671 1092 800 dulciolis

587 992 990 1061 MISGELLANEA
1024 997 1244 1060 LATINA.

188 1187 359 1262 Quantum
374 1184 479 1249 tuerit
493 1200 617 1249 nomen
636 1187 804 1269 Origenis,
819 1189 895 1252 nul·
939 1189 1106 1254 Eusebius
1130 1189 1261 1254 litteras
1277 1191 1368 1254 ultra
1389 1193 1526 1254 centum
1539 1188 1688 1268 digesse-

144 1290 216 1354 lum
232 1295 284 1355 est
297 1291 506 1354 luculentius
523 1290 767 1371 testimonium,
789 1310 893 1375 quam
938 1300 1000 1374 rat,
1008 1286 1035 1376 ³)
1062 1293 1183 1376 «quod
1205 1311 1272 1358 non
1287 1296 1362 1359 sine
1385 1309 1513 1373 magno
1538 1293 1688 1356 historioe

142 1396 277 1459 curiosa
289 1396 485 1460 Latinorum
501 1394 658 1459 alacritas
673 1394 716 1459 ad
731 1398 893 1478 recipien·
937 1398 1074 1462 illorum
1104 1403 1295 1480 temporum
1326 1399 1529 1464 detrimento
1555 1398 1689 1460 interci-

142 1497 187 1561 da
197 1498 271 1578 ejus
283 1515 394 1580 opera,
407 1499 509 1562 etiam
519 1514 625 1579 quum
637 1499 843 1564 turbulente
856 1502 892 1566 in
936 1495 1029 1585 diti)
1043 1524 1060 1562 ι
1078 1504 1121 1567 Et
1135 1503 1203 1566 alio
1213 1503 1396 1584 interprete
1408 1519 1511 1584 quam
1522 1501 1686 1583 Hierony·

143 1617 220 1664 enm
236 1602 391 1682 procellae
405 1601 574 1681 saevirent,
591 1617 677 1683 quae,
690 1603 762 1684 ipso
774 1606 891 1670 viven-
936 1622 1001 1686 mo,
1020 1623 1085 1670 ιιι
1100 1606 1249 1670 homilioe
1261 1607 1298 1669 in
1313 1607 1334 1670 J
1336 1607 1507 1686 eremium,
1519 1623 1604 1688 quas
1616 1621 1684 1668 me-

140 1703 192 1784 te,
203 1703 276 1785 jam
291 1705 509 1769 vehementer
524 1711 733 1771 exarserunt.
754 1709 891 1772 Etenim
935 1711 1081 1774 moravit
1102 1708 1329 1789 Cassiodorus,
1356 1728 1465 1792 usque
1491 1710 1534 1774 ad
1563 1725 1686 1772 manus

142 1809 170 1870 si
186 1825 300 1887 graeca
313 1827 391 1874 oum
406 1811 522 1874 latinis
537 1826 635 1890 aequa
654 1811 750 1876 lance
766 1830 892 1895 expen·
935 1813 1064 1878 Rabani
1074 1814 1183 1879 Mauri
1193 1817 1431 1896 pervenerunt.
1441 1807 1467 1896 Ι5)
1483 1814 1559 1877 Alia
1572 1811 1614 1876 ad
1626 1815 1688 1876 Pa-

141 1912 241 1993 deris,
263 1914 405 1978 seclusis
419 1915 457 1979 tlt
474 1913 600 1979 cetum
621 1915 728 1997 libris,
744 1917 803 1999 qui
827 1918 891 1982 soli
934 1918 1105 1982 sebasium
1119 1916 1333 1996 liudbertum,
1345 1916 1388 1980 ad
1399 1917 1420 1980 J
1422 1933 1522 1980 onam
1534 1915 1689 1980 Aurelia-

143 2017 185 2080 ad
200 2033 261 2081 nos
277 2033 387 2096 graece
402 2018 531 2097 integri
549 2025 727 2098 venerunt,
750 2021 893 2086 mirabe-
936 2037 1087 2103 nensem,
1103 2021 1145 2085 ad
1160 2023 1296 2086 Scotum
1307 2020 1503 2100 Erigonam.
1520 2019 1688 2084 Caeterum

144 2122 191 2185 ris
213 2119 375 2201 majorem
397 2125 529 2204 partem
555 2121 646 2203 apud
667 2138 728 2186 nos
754 2123 893 2216 serrari,
937 2126 1097 2206 irequens
1121 2127 1172 2189 est
1194 2125 1358 2203 Origenes
1372 2125 1500 2188 latinus
1524 2122 1615 2205 apud
1629 2140 1689 2186 ve·

144 2226 225 2290 dum
237 2225 896 2291 Graecicaeterorumiereomniumstra·
938 2233 1028 2294 teres
1053 2229 1303 2308 grammaticos,
1330 2231 1416 2292 teste
1442 2226 1644 2306 Ansileub03
1660 2217 1687 2309 ⁶)

144 2349 225 2411 gem
236 2330 399 2411 fecerunt,
411 2332 525 2395 omnia
532 2349 612 2396 vero
620 2332 808 2398 Orientales
820 2350 893 2414 pes-
937 2335 1066 2415 quanto
1084 2333 1197 2411 magis
1212 2331 1302 2414 apud
1320 2331 1463 2396 biblicos
1477 2331 1688 2411 scholiastes,
1768 2385 1769 2390 ,

144 2435 533 2516 sumdederunt,neulla
547 2436 684 2520 quidem
695 2419 894 2520 tabulapro-
936 2438 989 2501 uti
1011 2435 1237 2501 walafridum
1256 2435 1465 2515 Strabonem,
1488 2435 1685 2514 Remigium

141 2557 184 2622 pe
200 2537 381 2618 naufragio
397 2543 521 2620 erepta.
936 2540 1273 2620 Autissiodorensem,
1304 2540 1399 2620 alios,
1433 2556 1542 2621 usque
1564 2538 1607 2603 ad
1629 2556 1689 2602 au·

186 2643 231 2706 Et
237 2643 355 2724 quales
362 2644 444 2730 sunt
451 2642 558 2706 nostri
567 2641 767 2724 interpretes
778 2644 893 2708 iHaud
937 2663 1030 2709 ream
1045 2646 1206 2709 catenam
1221 2643 1412 2723 aquinatis.

143 2747 225 2810 satis
237 2749 313 2809 erat
330 2748 523 2828 certavisse,
538 2763 606 2810 non
621 2746 695 2810 sine
709 2747 893 2828 simultate,
982 2752 1116 2813 Interea
1135 2747 1178 2812 ad
1194 2749 1351 2827 Origenis
1371 2747 1614 2811 contumeliam
1633 2763 1690 2828 po·

143 2847 303 2916 Rufinum
316 2852 350 2913 et
361 2851 617 2934 Hieronymum,
629 2850 746 2914 ambos
761 2853 894 2916 utcum-
936 2855 1007 2918 tius
1019 2869 1123 2934 qnam
1138 2851 1181 2916 ad
1196 2851 1308 2931 decus,
1323 2851 1382 2916 sed
1393 2850 1484 2916 lama
1495 2850 1569 2931 eJus
1580 2849 1623 2914 ad
1634 2849 1687 2915 fu-

140 2955 385 3038 queprinoipes
393 2959 547 3018 veterum
556 2953 646 3036 apud
658 2971 718 3019 nos
731 2956 894 3038 interpre·
938 2961 1197 3040 cnmnsurpata,
1206 2957 1352 3021 Arianos
1361 2954 1576 3037 quidamtrcs
1584 2955 1689 3020 libros

141 3063 225 3122 tum.
247 3061 290 3122 At
314 3058 477 3139 praeivere
498 3074 653 3122 summus
679 3058 832 3123 Hilarius
859 3063 894 3122 et
936 3063 973 3127 in
988 3062 1053 3127 Job
1068 3060 1179 3140 fluxit,
1194 3076 1279 3141 qnos
1295 3058 1362 3122 duo
1373 3059 1472 3123 latini
1486 3059 1687 3142 interpretes

141 3163 281 3240 grandis
300 3161 478 3242 Eusebius,
490 3163 594 3226 simul
609 3164 785 3227 ovantium
799 3179 892 3226 more
937 3167 1026 3230 male
1049 3165 1160 3228 feriati
1176 3165 1332 3228 certatim
1354 3163 1398 3227 ad
1417 3161 1580 3228 Occiduos
1596 3166 1690 3227 tran-

140 3266 183 3330 ab
200 3268 335 3332 Oriente
351 3269 488 3348 reversi,
505 3284 544 3331 ao
558 3267 667 3331 veluti
681 3268 841 3350 trophoea,
854 3271 893 3334 ut
937 3261 1149 3350 stuleruat.⁷)
1166 3269 1282 3349 Neque
1294 3269 1398 3331 etiam
1413 3284 1476 3331 sua
1491 3267 1631 3345 origeni
1647 3266 1688 3330 de

139 3369 224 3450 dixi,
234 3374 442 3452 reportantes
451 3371 609 3450 Origenis
620 3370 777 3435 homilias
789 3371 825 3434 in
836 3373 892 3436 Jo-
936 3369 1687 3450 luitauctoritasintergrareslheologorum
1777 3410 1787 3429 .

139 3474 894 3556 bumetpsalmorumcommentariosPraeivit
935 3474 1192 3554 controversias,
1209 3473 1290 3537 dum
1306 3471 1467 3537 florerent
1483 3475 1688 3551 argumenta

141 3593 277 3658 quoque
293 3577 501 3658 Ambrosius,
517 3580 670 3659 quidum
684 3575 891 3664 κοσμοποῑΐαν
936 3581 1050 3662 potius
1073 3596 1115 3642 ex
1129 3581 1265 3660 patrum
1288 3576 1434 3659 pondere
1453 3593 1555 3657 quam
1579 3593 1620 3639 ex
1637 3593 1688 3638 ra·

140 3680 354 3762 describeret,
377 3683 535 3761 Origenis
550 3683 732 3763 allegorias
754 3684 894 3748 miscuit
937 3685 1039 3748 tionis
1050 3682 1239 3748 subtilitate
1252 3682 1367 3763 petita,
1377 3678 1527 3761 ntiapud
1539 3676 1688 3744 Odonem

139 3785 319 3848 sententiis
334 3785 510 3869 Hippolyti
526 3791 560 3850 et
570 3787 699 3868 Basilii,
714 3790 799 3852 teste
815 3789 892 3852 Hie·
937 3787 1160 3852 Parisiensem
1183 3785 1255 3848 sive
1278 3785 1520 3862 Tusculanum,
1537 3787 1572 3846 et
1586 3798 1688 3862 quem

140 3880 327 3971 ronymo.¹)
343 3887 447 3970 Cujus
466 3891 522 3953 vel
543 3893 619 3971 post
640 3907 811 3972 censuras,
834 3890 892 3954 llo-
935 3907 1112 3956 servamus
1139 3886 1328 3966 edendum,
1356 3891 1391 3978 et
1418 3889 1556 3952 Petrum
1582 3871 1693 3965 Magi-'

140 3992 211 4055 ruit
233 3992 567 4075 inteerivarienses,
586 3994 742 4059 hortante
764 3996 892 4060 (lassio-
935 3999 1044 4060 strum
1067 3993 1325 4070 sententiarum,
1341 4010 1384 4055 ne
1404 3992 1488 4056 alios
1510 3995 1687 4054 sexcentos

143 4096 234 4176 doro,
249 4096 402 4160 studium
425 4097 688 4176 origenianam:
705 4095 795 4162 unde
817 4098 893 4162 Bel·
937 4114 1139 4164 recenseam.

140 4202 232 4264 lator
246 4205 307 4265 aut
321 4200 534 4282 Epiphanius
557 4201 736 4283 plerosque
758 4201 795 4265 in
811 4204 893 4267 Mat·
980 4203 1093 4267 Nostri
1108 4219 1176 4266 non
1192 4203 1245 4264 est
1259 4200 1408 4264 instituti
1423 4203 1498 4263 acta
1509 4216 1613 4279 agere
1625 4203 1686 4261 aut

142 4304 270 4368 thaenm
286 4308 451 4368 tractatus
467 4305 562 4367 Latio
585 4297 791 4388 dederunt.²)
807 4307 893 4382 Quo·
937 4307 1028 4372 edita
1044 4304 1193 4386 reddere,
1206 4321 1316 4386 neque
1329 4306 1431 4368 etiam
1443 4301 1603 4385 perficere
1614 4303 1685 4365 lon-

141 4427 219 4472 rum
234 4409 368 4472 vicinus
379 4410 494 4473 Victor
506 4410 686 4489 capuanus
702 4410 892 4474 rarissimos
936 4430 1018 4493 gam
1030 4411 1163 4491 seriem,
1172 4425 1275 4491 quam
1284 4404 1685 4485 texuitFabriciusserip·
1724 4493 1727 4502 1

141 4513 313 4595 excerpsit
323 4513 428 4577 libros
442 4512 480 4578 de
494 4513 662 4591 Pascua,
677 4510 892 4597 respicietur,
935 4523 1049 4582 torum
1072 4514 1230 4594 origenis
1253 4529 1330 4593 quae
1348 4513 1453 4576 latine
1475 4516 1608 4574 tantum
1633 4525 1689 4571 ex·

145 4620 250 4682 immo
272 4617 359 4682 illud
381 4618 600 4701 epistolarum
624 4613 751 4701 βιὸλίον,
767 4618 802 4682 in
824 4633 892 4699 quo
936 4612 1071 4703 stant⁸l
1096 4619 1218 4684 Procul
1237 4635 1277 4682 eo
1299 4617 1412 4696 magis
1427 4619 1529 4680 sunto
1547 4611 1687 4696 prolana

184 4825 212 4898 1)
226 4823 518 4896 Epist.xnr,alnxr.
971 4821 1364 4898 &Ouasiodlleimitdtu
1383 4816 1691 4892 terpretatorem

179 4911 209 4984 2)
223 4909 414 4980 orepenianor.
426 4909 445 4965 l.
458 4924 502 4981 nr,
515 4926 539 4966 o.
553 4925 585 4982 ιι,
597 4907 618 4986 ὅ
630 4909 657 4966 3.
668 4927 697 4968 ιι.
711 4909 753 4967 12.
937 4912 1025 4993 pref,
1037 4911 1075 4968 ad
1086 4911 1109 4969 J
1109 4926 1198 4968 orem.

181 4997 210 5070 3)
223 4996 316 5067 Spicit.
328 4995 442 5053 Soterm.
454 5012 474 5067 1,
486 5014 514 5070 p.
526 4997 580 5054 267
593 5011 655 5068 sqq.
974 4999 1003 5072 6)
1015 4997 1109 5070 Spioit
1124 4996 1180 5053 Sot
1193 4999 1214 5050 t.-
1228 5011 1272 5066 ru,
1284 5011 1313 5069 p.
1326 4995 1387 5051 101.

180 5083 210 5157 4)
222 5081 338 5140 Fabrrc.
351 5081 420 5140 citt.
432 5099 474 5153 pr.
487 5097 539 5156 ιιι,
552 5099 580 5157 p.
593 5082 654 5139 839.
973 5084 1002 5157 7)
1016 5083 1177 5154 origenico.
1189 5081 1307 5154 append.
1319 5097 1347 5136 n.
1360 5081 1386 5136 2.

295 5203 298 5216 ·
972 5169 1002 5243 8)
1015 5169 1137 5241 corp.
1150 5169 1169 5225 l.
1184 5168 1377 5241 r11,250sqq.
