<?xml version="1.0" encoding="UTF-8"?>
<!DOCTYPE html PUBLIC "-//W3C//DTD XHTML 1.0 Transitional//EN"
    "http://www.w3.org/TR/xhtml1/DTD/xhtml1-transitional.dtd">
<html xmlns="http://www.w3.org/1999/xhtml" xml:lang="en" lang="en">
 <head>
  <title>
</title>
<meta http-equiv="Content-Type" content="text/html;charset=utf-8" />
  <meta name='ocr-system' content='tesseract 3.04.00' />
  <meta name='ocr-capabilities' content='ocr_page ocr_carea ocr_par ocr_line ocrx_word'/>
</head>
<body>
  <div class='ocr_page' id='page_1' title='image "./analectasacrasp00pitrgoog_0253.png"; bbox 0 0 4020 6098; ppageno 0'>
   <div class='ocr_carea' id='block_1_1' title="bbox 955 368 1169 433">
    <p class='ocr_par' dir='ltr' id='par_1_1' title="bbox 955 368 1169 433">
     <span class='ocr_line' id='line_1_1' title="bbox 955 368 1169 433; baseline 0.019 -4"><span class='ocrx_word' id='word_1_1' title='bbox 955 368 1169 433; x_wconf 83' lang='lat' dir='ltr'><strong>ORIGENES</strong></span> 
     </span>
    </p>
   </div>
   <div class='ocr_carea' id='block_1_2' title="bbox 889 677 1256 760">
    <p class='ocr_par' dir='ltr' id='par_1_2' title="bbox 889 677 1256 760">
     <span class='ocr_line' id='line_1_2' title="bbox 889 677 1256 760; baseline 0.003 -4"><span class='ocrx_word' id='word_1_2' title='bbox 889 679 1058 758; x_wconf 71' lang='lat' dir='ltr'><strong>Psalmis</strong></span> <span class='ocrx_word' id='word_1_3' title='bbox 1083 677 1256 760; x_wconf 83' lang='lat' dir='ltr'><strong><em>OXVII.</em></strong></span> 
     </span>
    </p>
   </div>
   <div class='ocr_carea' id='block_1_3' title="bbox 273 985 1837 4630">
    <p class='ocr_par' dir='ltr' id='par_1_3' title="bbox 292 985 1837 1184">
     <span class='ocr_line' id='line_1_3' title="bbox 334 985 1836 1084; baseline 0.005 -26"><span class='ocrx_word' id='word_1_4' title='bbox 334 1016 366 1060; x_wconf 90' lang='lat' dir='ltr'><strong>v.</strong></span> <span class='ocrx_word' id='word_1_5' title='bbox 386 985 1042 1084; x_wconf 71' lang='grc' dir='ltr'><strong>1.ἘξομολογείσθετῷΚύρίῳ,ὅτιάγα»</strong></span> <span class='ocrx_word' id='word_1_6' title='bbox 1129 1019 1161 1063; x_wconf 82' lang='grc' dir='ltr'><strong>ν.</strong></span> <span class='ocrx_word' id='word_1_7' title='bbox 1180 1001 1208 1063; x_wconf 94' lang='grc'><strong>1.</strong></span> <span class='ocrx_word' id='word_1_8' title='bbox 1229 993 1431 1082; x_wconf 68' lang='lat' dir='ltr'><strong>Cororiicmiroi</strong></span> <span class='ocrx_word' id='word_1_9' title='bbox 1449 1000 1595 1080; x_wconf 82' lang='lat' dir='ltr'><strong>Domino,</strong></span> <span class='ocrx_word' id='word_1_10' title='bbox 1613 1001 1765 1082; x_wconf 83' lang='lat' dir='ltr'><strong>qroooiom</strong></span> <span class='ocrx_word' id='word_1_11' title='bbox 1786 1000 1836 1066; x_wconf 81' lang='lat' dir='ltr'><strong>bo-</strong></span> 
     </span>
     <span class='ocr_line' id='line_1_4' title="bbox 292 1097 1837 1184; baseline 0.005 -20"><span class='ocrx_word' id='word_1_12' title='bbox 292 1097 355 1180; x_wconf 80' lang='grc' dir='ltr'><strong>θος,</strong></span> <span class='ocrx_word' id='word_1_13' title='bbox 371 1098 419 1167; x_wconf 78' lang='grc' dir='ltr'><strong>ὅτι</strong></span> <span class='ocrx_word' id='word_1_14' title='bbox 434 1100 477 1177; x_wconf 87' lang='grc' dir='ltr'><strong>εἰς</strong></span> <span class='ocrx_word' id='word_1_15' title='bbox 491 1103 546 1166; x_wconf 85' lang='grc' dir='ltr'><strong>τὸν</strong></span> <span class='ocrx_word' id='word_1_16' title='bbox 561 1103 661 1167; x_wconf 79' lang='grc' dir='ltr'><strong>αἰῶνα</strong></span> <span class='ocrx_word' id='word_1_17' title='bbox 674 1102 710 1167; x_wconf 81' lang='grc' dir='ltr'><strong>τὸ</strong></span> <span class='ocrx_word' id='word_1_18' title='bbox 726 1101 814 1179; x_wconf 75' lang='grc' dir='ltr'><strong>ἔλεος</strong></span> <span class='ocrx_word' id='word_1_19' title='bbox 830 1101 936 1167; x_wconf 83' lang='grc' dir='ltr'><strong>αὐτοῦ.</strong></span> <span class='ocrx_word' id='word_1_20' title='bbox 1084 1119 1157 1182; x_wconf 82' lang='lat' dir='ltr'><strong>coc,</strong></span> <span class='ocrx_word' id='word_1_21' title='bbox 1187 1102 1340 1184; x_wconf 75' lang='grc' dir='ltr'><strong>μαντεύεαι</strong></span> <span class='ocrx_word' id='word_1_22' title='bbox 1369 1105 1406 1167; x_wconf 84' lang='lat' dir='ltr'><strong>ic</strong></span> <span class='ocrx_word' id='word_1_23' title='bbox 1435 1105 1586 1170; x_wconf 79' lang='lat' dir='ltr'><strong>coccium</strong></span> <span class='ocrx_word' id='word_1_24' title='bbox 1611 1105 1837 1172; x_wconf 67' lang='lat' dir='ltr'><strong>misericordia</strong></span> 
     </span>
    </p>

    <p class='ocr_par' dir='ltr' id='par_1_4' title="bbox 1086 1223 1168 1286">
     <span class='ocr_line' id='line_1_5' title="bbox 1086 1223 1168 1286; baseline -0.012 -17"><span class='ocrx_word' id='word_1_25' title='bbox 1086 1223 1168 1286; x_wconf 79' lang='grc' dir='ltr'><strong>ορατ.</strong></span> 
     </span>
    </p>

    <p class='ocr_par' dir='ltr' id='par_1_5' title="bbox 288 1306 1833 1915">
     <span class='ocr_line' id='line_1_6' title="bbox 334 1306 1832 1398; baseline 0.003 -24"><span class='ocrx_word' id='word_1_26' title='bbox 334 1306 425 1374; x_wconf 85' lang='grc' dir='ltr'><strong>Ἐπεί</strong></span> <span class='ocrx_word' id='word_1_27' title='bbox 441 1308 559 1396; x_wconf 85' lang='grc' dir='ltr'><strong>ἀγαθὸς</strong></span> <span class='ocrx_word' id='word_1_28' title='bbox 571 1309 614 1376; x_wconf 81' lang='grc' dir='ltr'><strong>ὢν</strong></span> <span class='ocrx_word' id='word_1_29' title='bbox 630 1309 749 1394; x_wconf 82' lang='grc' dir='ltr'><strong>ύΘεὸς,</strong></span> <span class='ocrx_word' id='word_1_30' title='bbox 763 1309 909 1398; x_wconf 87' lang='grc' dir='ltr'><strong>βούλεται</strong></span> <span class='ocrx_word' id='word_1_31' title='bbox 920 1313 978 1398; x_wconf 74' lang='grc' dir='ltr'><strong>την</strong></span> <span class='ocrx_word' id='word_1_32' title='bbox 990 1332 1043 1398; x_wconf 86' lang='grc' dir='ltr'><strong>με·</strong></span> <span class='ocrx_word' id='word_1_33' title='bbox 1130 1311 1295 1384; x_wconf 83' lang='lat' dir='ltr'><strong>Quoniam</strong></span> <span class='ocrx_word' id='word_1_34' title='bbox 1305 1312 1397 1376; x_wconf 87' lang='lat' dir='ltr'><strong>Deus</strong></span> <span class='ocrx_word' id='word_1_35' title='bbox 1409 1311 1468 1393; x_wconf 88' lang='lat' dir='ltr'><strong>qui</strong></span> <span class='ocrx_word' id='word_1_36' title='bbox 1480 1311 1590 1377; x_wconf 89' lang='lat' dir='ltr'><strong>bonus</strong></span> <span class='ocrx_word' id='word_1_37' title='bbox 1601 1317 1662 1394; x_wconf 87' lang='lat' dir='ltr'><strong>est,</strong></span> <span class='ocrx_word' id='word_1_38' title='bbox 1671 1315 1747 1379; x_wconf 86' lang='lat' dir='ltr'><strong>vult</strong></span> <span class='ocrx_word' id='word_1_39' title='bbox 1758 1332 1832 1396; x_wconf 74' lang='lat' dir='ltr'><strong>pcc</strong></span> 
     </span>
     <span class='ocr_line' id='line_1_7' title="bbox 293 1412 1833 1501; baseline 0.004 -23"><span class='ocrx_word' id='word_1_40' title='bbox 293 1412 420 1480; x_wconf 81' lang='grc' dir='ltr'><strong>τάνοιαν</strong></span> <span class='ocrx_word' id='word_1_41' title='bbox 435 1422 491 1478; x_wconf 87' lang='grc' dir='ltr'><strong>τού</strong></span> <span class='ocrx_word' id='word_1_42' title='bbox 514 1412 715 1500; x_wconf 79' lang='grc' dir='ltr'><strong>θμαρτιυλού,</strong></span> <span class='ocrx_word' id='word_1_43' title='bbox 733 1415 814 1501; x_wconf 76' lang='grc' dir='ltr'><strong>μηδὲ</strong></span> <span class='ocrx_word' id='word_1_44' title='bbox 828 1418 882 1482; x_wconf 84' lang='grc' dir='ltr'><strong>τὸν</strong></span> <span class='ocrx_word' id='word_1_45' title='bbox 901 1415 1043 1481; x_wconf 81' lang='grc' dir='ltr'><strong>θάνατον</strong></span> <span class='ocrx_word' id='word_1_46' title='bbox 1085 1415 1208 1477; x_wconf 83' lang='lat' dir='ltr'><strong>catoris</strong></span> <span class='ocrx_word' id='word_1_47' title='bbox 1230 1416 1475 1497; x_wconf 85' lang='lat' dir='ltr'><strong>poenitenticm,</strong></span> <span class='ocrx_word' id='word_1_48' title='bbox 1495 1433 1562 1480; x_wconf 90' lang='lat' dir='ltr'><strong>non</strong></span> <span class='ocrx_word' id='word_1_49' title='bbox 1581 1423 1726 1482; x_wconf 86' lang='lat' dir='ltr'><strong>mortem</strong></span> <span class='ocrx_word' id='word_1_50' title='bbox 1749 1418 1833 1501; x_wconf 84' lang='lat' dir='ltr'><strong>ejus,</strong></span> 
     </span>
     <span class='ocr_line' id='line_1_8' title="bbox 289 1515 1833 1604; baseline 0.003 -23"><span class='ocrx_word' id='word_1_51' title='bbox 289 1517 397 1601; x_wconf 83' lang='grc' dir='ltr'><strong>αὐτοῦ,</strong></span> <span class='ocrx_word' id='word_1_52' title='bbox 414 1516 490 1582; x_wconf 82' lang='grc' dir='ltr'><strong>ὡσεί</strong></span> <span class='ocrx_word' id='word_1_53' title='bbox 505 1516 670 1584; x_wconf 80' lang='grc' dir='ltr'><strong>ὑπεύθυνοι</strong></span> <span class='ocrx_word' id='word_1_54' title='bbox 692 1515 859 1604; x_wconf 73' lang='grc' dir='ltr'><strong>ἁμαρτίαις</strong></span> <span class='ocrx_word' id='word_1_55' title='bbox 879 1517 961 1600; x_wconf 77' lang='grc' dir='ltr'><strong>ἐστὲ,</strong></span> <span class='ocrx_word' id='word_1_56' title='bbox 982 1518 1042 1602; x_wconf 80' lang='grc' dir='ltr'><strong>τὴν</strong></span> <span class='ocrx_word' id='word_1_57' title='bbox 1084 1534 1145 1580; x_wconf 84' lang='lat' dir='ltr'><strong>vos</strong></span> <span class='ocrx_word' id='word_1_58' title='bbox 1159 1535 1285 1599; x_wconf 87' lang='lat' dir='ltr'><strong>omues,</strong></span> <span class='ocrx_word' id='word_1_59' title='bbox 1298 1520 1358 1602; x_wconf 93' lang='lat' dir='ltr'><strong>qui</strong></span> <span class='ocrx_word' id='word_1_60' title='bbox 1369 1521 1516 1601; x_wconf 82' lang='lat' dir='ltr'><strong>peccatis</strong></span> <span class='ocrx_word' id='word_1_61' title='bbox 1532 1520 1676 1602; x_wconf 87' lang='lat' dir='ltr'><strong>subjecti</strong></span> <span class='ocrx_word' id='word_1_62' title='bbox 1692 1523 1783 1602; x_wconf 87' lang='lat' dir='ltr'><strong>estis,</strong></span> <span class='ocrx_word' id='word_1_63' title='bbox 1799 1542 1833 1585; x_wconf 86' lang='lat' dir='ltr'><strong>n·</strong></span> 
     </span>
     <span class='ocr_line' id='line_1_9' title="bbox 289 1618 1828 1708; baseline 0.004 -24"><span class='ocrx_word' id='word_1_64' title='bbox 289 1619 328 1685; x_wconf 80' lang='grc' dir='ltr'><strong>ἒκ</strong></span> <span class='ocrx_word' id='word_1_65' title='bbox 344 1619 510 1706; x_wconf 78' lang='grc' dir='ltr'><strong>μετανοίας</strong></span> <span class='ocrx_word' id='word_1_66' title='bbox 526 1619 751 1708; x_wconf 78' lang='grc' dir='ltr'><strong>ἐξομολόγησιν</strong></span> <span class='ocrx_word' id='word_1_67' title='bbox 769 1619 819 1686; x_wconf 80' lang='grc' dir='ltr'><strong>ἐπ’</strong></span> <span class='ocrx_word' id='word_1_68' title='bbox 833 1622 928 1686; x_wconf 81' lang='grc' dir='ltr'><strong>αὐτὸν</strong></span> <span class='ocrx_word' id='word_1_69' title='bbox 948 1618 1038 1704; x_wconf 80' lang='grc' dir='ltr'><strong>ποιη-</strong></span> <span class='ocrx_word' id='word_1_70' title='bbox 1081 1623 1153 1700; x_wconf 77' lang='lat' dir='ltr'><strong>gite</strong></span> <span class='ocrx_word' id='word_1_71' title='bbox 1165 1623 1215 1686; x_wconf 93' lang='lat' dir='ltr'><strong>illi</strong></span> <span class='ocrx_word' id='word_1_72' title='bbox 1231 1622 1486 1707; x_wconf 82' lang='lat' dir='ltr'><strong>confessionem,</strong></span> <span class='ocrx_word' id='word_1_73' title='bbox 1503 1643 1578 1707; x_wconf 85' lang='lat' dir='ltr'><strong>quae</strong></span> <span class='ocrx_word' id='word_1_74' title='bbox 1593 1625 1633 1688; x_wconf 90' lang='lat' dir='ltr'><strong>fit</strong></span> <span class='ocrx_word' id='word_1_75' title='bbox 1647 1644 1707 1708; x_wconf 88' lang='lat' dir='ltr'><strong>per</strong></span> <span class='ocrx_word' id='word_1_76' title='bbox 1722 1628 1828 1708; x_wconf 83' lang='lat' dir='ltr'><strong>poeni·</strong></span> 
     </span>
     <span class='ocr_line' id='line_1_10' title="bbox 288 1722 1831 1810; baseline 0.005 -23"><span class='ocrx_word' id='word_1_77' title='bbox 288 1743 375 1804; x_wconf 88' lang='grc' dir='ltr'><strong>σατε,</strong></span> <span class='ocrx_word' id='word_1_78' title='bbox 391 1725 447 1788; x_wconf 82' lang='grc' dir='ltr'><strong>καί</strong></span> <span class='ocrx_word' id='word_1_79' title='bbox 462 1722 548 1802; x_wconf 77' lang='grc' dir='ltr'><strong>ἕξετε</strong></span> <span class='ocrx_word' id='word_1_80' title='bbox 563 1725 658 1789; x_wconf 83' lang='grc' dir='ltr'><strong>αὐτὸν</strong></span> <span class='ocrx_word' id='word_1_81' title='bbox 678 1723 811 1810; x_wconf 82' lang='grc' dir='ltr'><strong>ἀφιέντα</strong></span> <span class='ocrx_word' id='word_1_82' title='bbox 833 1725 876 1791; x_wconf 86' lang='grc' dir='ltr'><strong>ύιν</strong></span> <span class='ocrx_word' id='word_1_83' title='bbox 890 1723 1038 1810; x_wconf 78' lang='grc' dir='ltr'><strong>ὲξομολο-</strong></span> <span class='ocrx_word' id='word_1_84' title='bbox 1080 1725 1233 1806; x_wconf 81' lang='lat' dir='ltr'><strong>tentiam,</strong></span> <span class='ocrx_word' id='word_1_85' title='bbox 1249 1731 1283 1790; x_wconf 86' lang='lat' dir='ltr'><strong>et</strong></span> <span class='ocrx_word' id='word_1_86' title='bbox 1299 1722 1480 1793; x_wconf 79' lang='lat' dir='ltr'><strong>invenietis</strong></span> <span class='ocrx_word' id='word_1_87' title='bbox 1495 1747 1574 1792; x_wconf 86' lang='lat' dir='ltr'><strong>eum</strong></span> <span class='ocrx_word' id='word_1_88' title='bbox 1591 1730 1626 1793; x_wconf 92' lang='lat' dir='ltr'><strong>in</strong></span> <span class='ocrx_word' id='word_1_89' title='bbox 1641 1729 1738 1794; x_wconf 85' lang='lat' dir='ltr'><strong>vobis</strong></span> <span class='ocrx_word' id='word_1_90' title='bbox 1753 1747 1831 1794; x_wconf 91' lang='lat' dir='ltr'><strong>con·</strong></span> 
     </span>
     <span class='ocr_line' id='line_1_11' title="bbox 289 1827 1831 1915; baseline 0.003 -21"><span class='ocrx_word' id='word_1_91' title='bbox 289 1827 409 1913; x_wconf 82' lang='grc' dir='ltr'><strong>γεῖσθε·</strong></span> <span class='ocrx_word' id='word_1_92' title='bbox 425 1830 442 1893; x_wconf 81' lang='grc' dir='ltr'>δ</span> <span class='ocrx_word' id='word_1_93' title='bbox 458 1831 520 1915; x_wconf 77' lang='grc' dir='ltr'><strong>γὰρ</strong></span> <span class='ocrx_word' id='word_1_94' title='bbox 535 1828 623 1907; x_wconf 81' lang='grc' dir='ltr'><strong>ἔλεος</strong></span> <span class='ocrx_word' id='word_1_95' title='bbox 638 1829 735 1894; x_wconf 79' lang='grc' dir='ltr'><strong>αὐτοῦ</strong></span> <span class='ocrx_word' id='word_1_96' title='bbox 751 1827 899 1914; x_wconf 80' lang='grc' dir='ltr'><strong>διηνεκης</strong></span> <span class='ocrx_word' id='word_1_97' title='bbox 914 1829 992 1894; x_wconf 73' lang='grc' dir='ltr'><strong>ἐστι.</strong></span> <span class='ocrx_word' id='word_1_98' title='bbox 1080 1828 1262 1894; x_wconf 79' lang='lat' dir='ltr'><strong>donantem</strong></span> <span class='ocrx_word' id='word_1_99' title='bbox 1285 1849 1324 1894; x_wconf 86' lang='lat' dir='ltr'><strong>ee</strong></span> <span class='ocrx_word' id='word_1_100' title='bbox 1339 1849 1415 1913; x_wconf 82' lang='lat' dir='ltr'><strong>quae</strong></span> <span class='ocrx_word' id='word_1_101' title='bbox 1426 1832 1570 1898; x_wconf 79' lang='lat' dir='ltr'><strong>confessi</strong></span> <span class='ocrx_word' id='word_1_102' title='bbox 1590 1832 1741 1897; x_wconf 80' lang='lat' dir='ltr'><strong>fueritis:</strong></span> <span class='ocrx_word' id='word_1_103' title='bbox 1769 1835 1831 1899; x_wconf 92' lang='lat' dir='ltr'><strong>mi·</strong></span> 
     </span>
    </p>

    <p class='ocr_par' dir='ltr' id='par_1_6' title="bbox 1079 1935 1721 2018">
     <span class='ocr_line' id='line_1_12' title="bbox 1079 1935 1721 2018; baseline 0.006 -20"><span class='ocrx_word' id='word_1_104' title='bbox 1079 1935 1262 1998; x_wconf 82' lang='lat' dir='ltr'><strong>sericordia</strong></span> <span class='ocrx_word' id='word_1_105' title='bbox 1276 1936 1367 1998; x_wconf 88' lang='lat' dir='ltr'><strong>enim</strong></span> <span class='ocrx_word' id='word_1_106' title='bbox 1380 1936 1474 2000; x_wconf 83' lang='lat' dir='ltr'><strong>illius</strong></span> <span class='ocrx_word' id='word_1_107' title='bbox 1485 1941 1650 2018; x_wconf 80' lang='lat' dir='ltr'><strong>perpetuu</strong></span> <span class='ocrx_word' id='word_1_108' title='bbox 1661 1942 1721 2001; x_wconf 85' lang='lat' dir='ltr'><strong>est.</strong></span> 
     </span>
    </p>

    <p class='ocr_par' dir='ltr' id='par_1_7' title="bbox 285 2036 1832 2229">
     <span class='ocr_line' id='line_1_13' title="bbox 328 2036 1832 2126; baseline 0.004 -24"><span class='ocrx_word' id='word_1_109' title='bbox 328 2059 358 2103; x_wconf 87' lang='lat' dir='ltr'><strong>v.</strong></span> <span class='ocrx_word' id='word_1_110' title='bbox 378 2039 407 2103; x_wconf 86' lang='grc'><strong>7.</strong></span> <span class='ocrx_word' id='word_1_111' title='bbox 427 2036 544 2124; x_wconf 87' lang='grc' dir='ltr'><strong>Κύριος</strong></span> <span class='ocrx_word' id='word_1_112' title='bbox 566 2037 642 2126; x_wconf 73' lang='grc' dir='ltr'><strong>ἐμὸς</strong></span> <span class='ocrx_word' id='word_1_113' title='bbox 665 2037 790 2124; x_wconf 81' lang='grc' dir='ltr'><strong>βοηθὸς,</strong></span> <span class='ocrx_word' id='word_1_114' title='bbox 813 2036 903 2125; x_wconf 79' lang='grc' dir='ltr'><strong>κάγὼ</strong></span> <span class='ocrx_word' id='word_1_115' title='bbox 919 2036 1035 2124; x_wconf 76' lang='grc' dir='ltr'><strong>ἰπύψο-</strong></span> <span class='ocrx_word' id='word_1_116' title='bbox 1122 2057 1154 2102; x_wconf 88' lang='lat' dir='ltr'><strong>v.</strong></span> <span class='ocrx_word' id='word_1_117' title='bbox 1171 2039 1201 2102; x_wconf 79' lang='lat'><strong>7.</strong></span> <span class='ocrx_word' id='word_1_118' title='bbox 1217 2039 1377 2106; x_wconf 73' lang='lat' dir='ltr'><strong>Dominus</strong></span> <span class='ocrx_word' id='word_1_119' title='bbox 1388 2039 1519 2122; x_wconf 76' lang='lat' dir='ltr'><strong>adjutor</strong></span> <span class='ocrx_word' id='word_1_120' title='bbox 1532 2059 1633 2124; x_wconf 80' lang='lat' dir='ltr'><strong>mcor,</strong></span> <span class='ocrx_word' id='word_1_121' title='bbox 1648 2045 1680 2106; x_wconf 88' lang='lat' dir='ltr'><strong>ct</strong></span> <span class='ocrx_word' id='word_1_122' title='bbox 1694 2056 1748 2126; x_wconf 72' lang='lat' dir='ltr'><strong>opo</strong></span> <span class='ocrx_word' id='word_1_123' title='bbox 1762 2039 1832 2108; x_wconf 75' lang='lat' dir='ltr'><strong>dcc·</strong></span> 
     </span>
     <span class='ocr_line' id='line_1_14' title="bbox 285 2140 1468 2229; baseline 0.002 -23"><span class='ocrx_word' id='word_1_124' title='bbox 285 2162 341 2226; x_wconf 88' lang='grc' dir='ltr'><strong>μαι</strong></span> <span class='ocrx_word' id='word_1_125' title='bbox 357 2144 431 2219; x_wconf 87' lang='grc' dir='ltr'><strong>τοὺς</strong></span> <span class='ocrx_word' id='word_1_126' title='bbox 446 2140 578 2228; x_wconf 72' lang='grc' dir='ltr'><strong>ἐχθρούς</strong></span> <span class='ocrx_word' id='word_1_127' title='bbox 595 2165 664 2229; x_wconf 91' lang='grc' dir='ltr'><strong>μου.</strong></span> <span class='ocrx_word' id='word_1_128' title='bbox 1072 2141 1197 2222; x_wconf 65' lang='lat' dir='ltr'><strong>piorem</strong></span> <span class='ocrx_word' id='word_1_129' title='bbox 1212 2143 1361 2210; x_wconf 79' lang='lat' dir='ltr'><strong>inimicos</strong></span> <span class='ocrx_word' id='word_1_130' title='bbox 1375 2161 1468 2212; x_wconf 82' lang='lat' dir='ltr'><strong>occos.</strong></span> 
     </span>
    </p>

    <p class='ocr_par' dir='ltr' id='par_1_8' title="bbox 281 2241 1829 2960">
     <span class='ocr_line' id='line_1_15' title="bbox 330 2241 1828 2333; baseline 0.001 -21"><span class='ocrx_word' id='word_1_131' title='bbox 330 2241 403 2312; x_wconf 77' lang='grc' dir='ltr'><strong>Ὀτι</strong></span> <span class='ocrx_word' id='word_1_132' title='bbox 418 2247 601 2313; x_wconf 76' lang='grc' dir='ltr'><strong>διδάσκεται</strong></span> <span class='ocrx_word' id='word_1_133' title='bbox 616 2249 634 2312; x_wconf 82' lang='grc' dir='ltr'>ὁ</span> <span class='ocrx_word' id='word_1_134' title='bbox 649 2247 788 2333; x_wconf 84' lang='grc' dir='ltr'><strong>Χριστοῦ</strong></span> <span class='ocrx_word' id='word_1_135' title='bbox 803 2247 890 2333; x_wconf 87' lang='grc' dir='ltr'><strong>λαὸς,</strong></span> <span class='ocrx_word' id='word_1_136' title='bbox 903 2247 1036 2333; x_wconf 86' lang='grc' dir='ltr'><strong>προσδο-</strong></span> <span class='ocrx_word' id='word_1_137' title='bbox 1124 2249 1279 2311; x_wconf 88' lang='lat' dir='ltr'><strong>Monetur</strong></span> <span class='ocrx_word' id='word_1_138' title='bbox 1290 2247 1414 2312; x_wconf 84' lang='lat' dir='ltr'><strong>Christi</strong></span> <span class='ocrx_word' id='word_1_139' title='bbox 1430 2250 1576 2330; x_wconf 90' lang='lat' dir='ltr'><strong>populus</strong></span> <span class='ocrx_word' id='word_1_140' title='bbox 1588 2255 1765 2331; x_wconf 79' lang='lat' dir='ltr'><strong>expectere</strong></span> <span class='ocrx_word' id='word_1_141' title='bbox 1777 2250 1828 2314; x_wconf 94' lang='lat' dir='ltr'><strong>in·</strong></span> 
     </span>
     <span class='ocr_line' id='line_1_16' title="bbox 285 2349 1826 2439; baseline 0.001 -24"><span class='ocrx_word' id='word_1_142' title='bbox 285 2359 354 2415; x_wconf 84' lang='grc' dir='ltr'><strong>κεῖν</strong></span> <span class='ocrx_word' id='word_1_143' title='bbox 369 2351 425 2436; x_wconf 82' lang='grc' dir='ltr'><strong>μὲν</strong></span> <span class='ocrx_word' id='word_1_144' title='bbox 440 2349 611 2436; x_wconf 71' lang='grc' dir='ltr'><strong>επιβουλὰς</strong></span> <span class='ocrx_word' id='word_1_145' title='bbox 626 2350 806 2437; x_wconf 80' lang='grc' dir='ltr'><strong>ἀνθρώπων,</strong></span> <span class='ocrx_word' id='word_1_146' title='bbox 824 2354 867 2439; x_wconf 82' lang='grc' dir='ltr'><strong>μη</strong></span> <span class='ocrx_word' id='word_1_147' title='bbox 884 2350 1035 2437; x_wconf 78' lang='grc' dir='ltr'><strong>πτήσσειν</strong></span> <span class='ocrx_word' id='word_1_148' title='bbox 1078 2351 1183 2416; x_wconf 84' lang='lat' dir='ltr'><strong>sidias</strong></span> <span class='ocrx_word' id='word_1_149' title='bbox 1197 2352 1385 2434; x_wconf 89' lang='lat' dir='ltr'><strong>hominum,</strong></span> <span class='ocrx_word' id='word_1_150' title='bbox 1401 2371 1470 2418; x_wconf 92' lang='lat' dir='ltr'><strong>non</strong></span> <span class='ocrx_word' id='word_1_151' title='bbox 1492 2355 1613 2417; x_wconf 85' lang='lat' dir='ltr'><strong>timere</strong></span> <span class='ocrx_word' id='word_1_152' title='bbox 1628 2357 1753 2434; x_wconf 79' lang='lat' dir='ltr'><strong>tomen,</strong></span> <span class='ocrx_word' id='word_1_153' title='bbox 1769 2372 1826 2417; x_wconf 87' lang='lat' dir='ltr'><strong>ne-</strong></span> 
     </span>
     <span class='ocr_line' id='line_1_17' title="bbox 289 2455 1829 2542; baseline 0.001 -22"><span class='ocrx_word' id='word_1_154' title='bbox 289 2455 335 2537; x_wconf 83' lang='grc' dir='ltr'><strong>δὲ,</strong></span> <span class='ocrx_word' id='word_1_155' title='bbox 351 2455 426 2542; x_wconf 86' lang='grc' dir='ltr'><strong>μηδ’</strong></span> <span class='ocrx_word' id='word_1_156' title='bbox 437 2455 583 2542; x_wconf 79' lang='grc' dir='ltr'><strong>ἀγωνιᾶν,</strong></span> <span class='ocrx_word' id='word_1_157' title='bbox 596 2456 681 2522; x_wconf 80' lang='grc' dir='ltr'><strong>ἀλλὰ</strong></span> <span class='ocrx_word' id='word_1_158' title='bbox 695 2455 817 2542; x_wconf 78' lang='grc' dir='ltr'><strong>λέγειν·</strong></span> <span class='ocrx_word' id='word_1_159' title='bbox 831 2455 948 2541; x_wconf 84' lang='grc' dir='ltr'><strong>Κύριος</strong></span> <span class='ocrx_word' id='word_1_160' title='bbox 966 2457 1036 2542; x_wconf 80' lang='grc' dir='ltr'><strong>ἐμοί</strong></span> <span class='ocrx_word' id='word_1_161' title='bbox 1079 2474 1146 2539; x_wconf 88' lang='lat' dir='ltr'><strong>que</strong></span> <span class='ocrx_word' id='word_1_162' title='bbox 1168 2457 1287 2536; x_wconf 77' lang='lat' dir='ltr'><strong>affligi,</strong></span> <span class='ocrx_word' id='word_1_163' title='bbox 1306 2457 1366 2522; x_wconf 87' lang='lat' dir='ltr'><strong>sed</strong></span> <span class='ocrx_word' id='word_1_164' title='bbox 1381 2457 1509 2521; x_wconf 82' lang='lat' dir='ltr'><strong>dicere:</strong></span> <span class='ocrx_word' id='word_1_165' title='bbox 1525 2457 1684 2524; x_wconf 77' lang='lat' dir='ltr'><strong>Dominus</strong></span> <span class='ocrx_word' id='word_1_166' title='bbox 1698 2457 1829 2540; x_wconf 83' lang='lat' dir='ltr'><em>odjoior</em></span> 
     </span>
     <span class='ocr_line' id='line_1_18' title="bbox 282 2558 1827 2646; baseline 0.003 -24"><span class='ocrx_word' id='word_1_167' title='bbox 282 2558 418 2644; x_wconf 85' lang='grc' dir='ltr'><strong>ύοηθύς·</strong></span> <span class='ocrx_word' id='word_1_168' title='bbox 433 2559 566 2646; x_wconf 73' lang='grc' dir='ltr'><strong>ἐχθροὺς</strong></span> <span class='ocrx_word' id='word_1_169' title='bbox 582 2560 617 2625; x_wconf 82' lang='grc' dir='ltr'><strong>δὲ</strong></span> <span class='ocrx_word' id='word_1_170' title='bbox 632 2562 730 2626; x_wconf 79' lang='grc' dir='ltr'><strong>αὐτοῦ</strong></span> <span class='ocrx_word' id='word_1_171' title='bbox 753 2560 877 2646; x_wconf 71' lang='grc' dir='ltr'><strong>νοήσεις</strong></span> <span class='ocrx_word' id='word_1_172' title='bbox 892 2565 965 2640; x_wconf 87' lang='grc' dir='ltr'><strong>τοὺς</strong></span> <span class='ocrx_word' id='word_1_173' title='bbox 980 2561 1033 2626; x_wconf 74' lang='grc' dir='ltr'><strong>ἂν·</strong></span> <span class='ocrx_word' id='word_1_174' title='bbox 1077 2579 1175 2626; x_wconf 73' lang='lat' dir='ltr'><strong>cocos</strong></span> <span class='ocrx_word' id='word_1_175' title='bbox 1193 2563 1352 2624; x_wconf 84' lang='lat' dir='ltr'><strong>Inimioos</strong></span> <span class='ocrx_word' id='word_1_176' title='bbox 1366 2567 1481 2625; x_wconf 81' lang='lat' dir='ltr'><strong>nutem</strong></span> <span class='ocrx_word' id='word_1_177' title='bbox 1503 2562 1591 2626; x_wconf 86' lang='lat' dir='ltr'><strong>scies</strong></span> <span class='ocrx_word' id='word_1_178' title='bbox 1606 2579 1678 2625; x_wconf 83' lang='lat' dir='ltr'><strong>esse</strong></span> <span class='ocrx_word' id='word_1_179' title='bbox 1694 2580 1751 2626; x_wconf 89' lang='lat' dir='ltr'><strong>eos</strong></span> <span class='ocrx_word' id='word_1_180' title='bbox 1767 2563 1827 2644; x_wconf 91' lang='lat' dir='ltr'><strong>qui</strong></span> 
     </span>
     <span class='ocr_line' id='line_1_19' title="bbox 281 2660 1828 2752; baseline 0.002 -25"><span class='ocrx_word' id='word_1_181' title='bbox 281 2660 474 2749; x_wconf 82' lang='grc' dir='ltr'><strong>τικειμίνους</strong></span> <span class='ocrx_word' id='word_1_182' title='bbox 501 2665 586 2752; x_wconf 79' lang='grc' dir='ltr'><strong>αύτῷ</strong></span> <span class='ocrx_word' id='word_1_183' title='bbox 609 2665 661 2730; x_wconf 77' lang='grc' dir='ltr'><strong>διὰ</strong></span> <span class='ocrx_word' id='word_1_184' title='bbox 683 2667 741 2752; x_wconf 74' lang='grc' dir='ltr'><strong>την</strong></span> <span class='ocrx_word' id='word_1_185' title='bbox 763 2664 878 2752; x_wconf 71' lang='lat' dir='ltr'><strong>cccciii</strong></span> <span class='ocrx_word' id='word_1_186' title='bbox 901 2676 1031 2751; x_wconf 82' lang='grc' dir='ltr'><strong>γνῶσιν,</strong></span> <span class='ocrx_word' id='word_1_187' title='bbox 1077 2664 1142 2746; x_wconf 87' lang='lat' dir='ltr'><strong>ipsi</strong></span> <span class='ocrx_word' id='word_1_188' title='bbox 1157 2663 1380 2728; x_wconf 80' lang='lat' dir='ltr'>adversantur</span> <span class='ocrx_word' id='word_1_189' title='bbox 1395 2665 1430 2728; x_wconf 92' lang='lat' dir='ltr'><strong>in</strong></span> <span class='ocrx_word' id='word_1_190' title='bbox 1454 2666 1616 2744; x_wconf 82' lang='lat' dir='ltr'><strong>religiosa</strong></span> <span class='ocrx_word' id='word_1_191' title='bbox 1629 2667 1771 2730; x_wconf 87' lang='lat' dir='ltr'><strong>scientie</strong></span> <span class='ocrx_word' id='word_1_192' title='bbox 1792 2670 1828 2730; x_wconf 89' lang='lat' dir='ltr'><strong>et</strong></span> 
     </span>
     <span class='ocr_line' id='line_1_20' title="bbox 281 2768 1828 2859; baseline 0.002 -27"><span class='ocrx_word' id='word_1_193' title='bbox 281 2770 336 2833; x_wconf 87' lang='grc' dir='ltr'><strong>καί</strong></span> <span class='ocrx_word' id='word_1_194' title='bbox 351 2769 410 2855; x_wconf 80' lang='grc' dir='ltr'><strong>την</strong></span> <span class='ocrx_word' id='word_1_195' title='bbox 432 2769 518 2836; x_wconf 83' lang='grc' dir='ltr'><strong>κατὰ</strong></span> <span class='ocrx_word' id='word_1_196' title='bbox 539 2768 621 2837; x_wconf 84' lang='grc' dir='ltr'><strong>Θεὸν</strong></span> <span class='ocrx_word' id='word_1_197' title='bbox 643 2769 813 2854; x_wconf 88' lang='grc' dir='ltr'><strong>πολιτείαν,</strong></span> <span class='ocrx_word' id='word_1_198' title='bbox 837 2773 938 2859; x_wconf 55' lang='lat' dir='ltr'><strong>proci</strong></span> <span class='ocrx_word' id='word_1_199' title='bbox 958 2773 1032 2847; x_wconf 82' lang='grc' dir='ltr'><strong>τοὺς</strong></span> <span class='ocrx_word' id='word_1_200' title='bbox 1075 2771 1148 2832; x_wconf 81' lang='lat' dir='ltr'><strong>vita</strong></span> <span class='ocrx_word' id='word_1_201' title='bbox 1158 2768 1259 2850; x_wconf 79' lang='lat' dir='ltr'><strong>juxte</strong></span> <span class='ocrx_word' id='word_1_202' title='bbox 1274 2771 1382 2833; x_wconf 90' lang='lat' dir='ltr'><strong>Deum</strong></span> <span class='ocrx_word' id='word_1_203' title='bbox 1403 2771 1570 2851; x_wconf 76' lang='lat' dir='ltr'><strong>instituta,</strong></span> <span class='ocrx_word' id='word_1_204' title='bbox 1586 2772 1642 2835; x_wconf 84' lang='lat' dir='ltr'><strong>vel</strong></span> <span class='ocrx_word' id='word_1_205' title='bbox 1664 2789 1736 2836; x_wconf 83' lang='lat' dir='ltr'><strong>esse</strong></span> <span class='ocrx_word' id='word_1_206' title='bbox 1752 2790 1828 2855; x_wconf 84' lang='lat' dir='ltr'><strong>prc-</strong></span> 
     </span>
     <span class='ocr_line' id='line_1_21' title="bbox 283 2872 1310 2960; baseline -0.002 -22"><span class='ocrx_word' id='word_1_207' title='bbox 283 2875 440 2959; x_wconf 86' lang='grc' dir='ltr'><strong>πονηρούς</strong></span> <span class='ocrx_word' id='word_1_208' title='bbox 456 2872 616 2960; x_wconf 82' lang='grc' dir='ltr'><strong>δαίμονας.</strong></span> <span class='ocrx_word' id='word_1_209' title='bbox 1075 2892 1119 2937; x_wconf 82' lang='lat' dir='ltr'><strong>ve</strong></span> <span class='ocrx_word' id='word_1_210' title='bbox 1133 2873 1310 2937; x_wconf 79' lang='lat' dir='ltr'><strong>doemonia.</strong></span> 
     </span>
    </p>

    <p class='ocr_par' dir='ltr' id='par_1_9' title="bbox 280 2975 1826 3166">
     <span class='ocr_line' id='line_1_22' title="bbox 323 2975 1826 3065; baseline 0.001 -23"><span class='ocrx_word' id='word_1_211' title='bbox 323 2999 354 3042; x_wconf 93' lang='lat' dir='ltr'><strong>v.</strong></span> <span class='ocrx_word' id='word_1_212' title='bbox 377 2981 408 3043; x_wconf 85' lang='grc' dir='ltr'><strong>θ.</strong></span> <span class='ocrx_word' id='word_1_213' title='bbox 428 2976 568 3064; x_wconf 82' lang='grc' dir='ltr'><strong>Ἀγαθὸν</strong></span> <span class='ocrx_word' id='word_1_214' title='bbox 591 2975 774 3044; x_wconf 73' lang='grc' dir='ltr'><strong>πεποιθέναι</strong></span> <span class='ocrx_word' id='word_1_215' title='bbox 794 2978 845 3045; x_wconf 85' lang='grc' dir='ltr'><strong>ἐπί</strong></span> <span class='ocrx_word' id='word_1_216' title='bbox 868 2976 986 3063; x_wconf 80' lang='grc' dir='ltr'><strong>Κύριον</strong></span> <span class='ocrx_word' id='word_1_217' title='bbox 1007 2979 1030 3065; x_wconf 82' lang='grc' dir='ltr'><em>ἢ</em></span> <span class='ocrx_word' id='word_1_218' title='bbox 1118 2995 1150 3040; x_wconf 88' lang='lat' dir='ltr'><strong>v.</strong></span> <span class='ocrx_word' id='word_1_219' title='bbox 1166 2980 1197 3041; x_wconf 86' lang='lat'><strong>8.</strong></span> <span class='ocrx_word' id='word_1_220' title='bbox 1212 2979 1338 3042; x_wconf 78' lang='lat' dir='ltr'><strong>Boium</strong></span> <span class='ocrx_word' id='word_1_221' title='bbox 1352 2978 1458 3062; x_wconf 61' lang='lat' dir='ltr'><strong>mocio</strong></span> <span class='ocrx_word' id='word_1_222' title='bbox 1472 2981 1522 3043; x_wconf 80' lang='lat' dir='ltr'><strong>coi</strong></span> <span class='ocrx_word' id='word_1_223' title='bbox 1539 2977 1694 3063; x_wconf 66' lang='lat' dir='ltr'><strong>corfidorc</strong></span> <span class='ocrx_word' id='word_1_224' title='bbox 1708 2979 1745 3044; x_wconf 84' lang='lat' dir='ltr'><strong>iro</strong></span> <span class='ocrx_word' id='word_1_225' title='bbox 1759 2979 1826 3044; x_wconf 73' lang='lat' dir='ltr'><strong>oro</strong></span> 
     </span>
     <span class='ocr_line' id='line_1_23' title="bbox 280 3079 1540 3166; baseline -0.002 -18"><span class='ocrx_word' id='word_1_226' title='bbox 280 3079 461 3148; x_wconf 77' lang='grc' dir='ltr'><strong>πεποιθέναι</strong></span> <span class='ocrx_word' id='word_1_227' title='bbox 475 3081 525 3147; x_wconf 81' lang='grc' dir='ltr'><strong>ἐπ’</strong></span> <span class='ocrx_word' id='word_1_228' title='bbox 536 3081 708 3166; x_wconf 81' lang='grc' dir='ltr'><strong>ἄνθρωπον.</strong></span> <span class='ocrx_word' id='word_1_229' title='bbox 1073 3097 1171 3164; x_wconf 76' lang='lat' dir='ltr'><strong>qooom</strong></span> <span class='ocrx_word' id='word_1_230' title='bbox 1186 3079 1340 3166; x_wconf 73' lang='lat' dir='ltr'><strong>confidere</strong></span> <span class='ocrx_word' id='word_1_231' title='bbox 1354 3083 1390 3146; x_wconf 86' lang='lat' dir='ltr'><strong>iro</strong></span> <span class='ocrx_word' id='word_1_232' title='bbox 1405 3083 1540 3147; x_wconf 73' lang='lat' dir='ltr'><strong>hemico.</strong></span> 
     </span>
    </p>

    <p class='ocr_par' dir='ltr' id='par_1_10' title="bbox 282 3185 1821 3377">
     <span class='ocr_line' id='line_1_24' title="bbox 323 3185 1821 3273; baseline -0.002 -22"><span class='ocrx_word' id='word_1_233' title='bbox 323 3185 509 3271; x_wconf 79' lang='grc' dir='ltr'><strong>Ἄνθρωπον</strong></span> <span class='ocrx_word' id='word_1_234' title='bbox 524 3186 610 3273; x_wconf 81' lang='grc' dir='ltr'><strong>λέγει</strong></span> <span class='ocrx_word' id='word_1_235' title='bbox 624 3185 646 3272; x_wconf 77' lang='grc' dir='ltr'><strong>η</strong></span> <span class='ocrx_word' id='word_1_236' title='bbox 661 3187 770 3273; x_wconf 79' lang='grc' dir='ltr'><strong>γραφὴ</strong></span> <span class='ocrx_word' id='word_1_237' title='bbox 793 3189 848 3253; x_wconf 85' lang='grc' dir='ltr'><strong>τὸν</strong></span> <span class='ocrx_word' id='word_1_238' title='bbox 870 3185 1026 3270; x_wconf 79' lang='grc' dir='ltr'><strong>διάθολον,</strong></span> <span class='ocrx_word' id='word_1_239' title='bbox 1118 3185 1296 3250; x_wconf 88' lang='lat' dir='ltr'><em>Hominem</em></span> <span class='ocrx_word' id='word_1_240' title='bbox 1313 3187 1487 3268; x_wconf 81' lang='lat' dir='ltr'><strong>Scriptura</strong></span> <span class='ocrx_word' id='word_1_241' title='bbox 1509 3185 1690 3250; x_wconf 82' lang='lat' dir='ltr'><strong>Diabolum</strong></span> <span class='ocrx_word' id='word_1_242' title='bbox 1712 3189 1821 3266; x_wconf 78' lang='lat' dir='ltr'><strong>vocet,</strong></span> 
     </span>
     <span class='ocr_line' id='line_1_25' title="bbox 282 3288 1797 3377; baseline -0.001 -23"><span class='ocrx_word' id='word_1_243' title='bbox 282 3290 329 3355; x_wconf 79' lang='grc' dir='ltr'><strong>ὅτι</strong></span> <span class='ocrx_word' id='word_1_244' title='bbox 344 3288 456 3377; x_wconf 73' lang='grc' dir='ltr'><strong>ἐχθρὸς</strong></span> <span class='ocrx_word' id='word_1_245' title='bbox 472 3289 634 3375; x_wconf 75' lang='grc' dir='ltr'><strong>ἄνθρωπος</strong></span> <span class='ocrx_word' id='word_1_246' title='bbox 648 3292 772 3376; x_wconf 80' lang='grc' dir='ltr'><strong>ἔσπειρε</strong></span> <span class='ocrx_word' id='word_1_247' title='bbox 787 3292 828 3356; x_wconf 77' lang='grc' dir='ltr'><strong>τὰ</strong></span> <span class='ocrx_word' id='word_1_248' title='bbox 844 3291 976 3370; x_wconf 74' lang='grc' dir='ltr'><strong>ζιζάνια.</strong></span> <span class='ocrx_word' id='word_1_249' title='bbox 1073 3290 1155 3370; x_wconf 83' lang='lat' dir='ltr'><strong>quic</strong></span> <span class='ocrx_word' id='word_1_250' title='bbox 1170 3290 1329 3353; x_wconf 84' lang='lat' dir='ltr'><strong>iuimicus</strong></span> <span class='ocrx_word' id='word_1_251' title='bbox 1344 3290 1446 3353; x_wconf 93' lang='lat' dir='ltr'><strong>homo</strong></span> <span class='ocrx_word' id='word_1_252' title='bbox 1460 3290 1643 3354; x_wconf 80' lang='lat' dir='ltr'><strong>seminavit</strong></span> <span class='ocrx_word' id='word_1_253' title='bbox 1657 3289 1797 3352; x_wconf 80' lang='lat' dir='ltr'><strong>zizanio.</strong></span> 
     </span>
    </p>

    <p class='ocr_par' dir='ltr' id='par_1_11' title="bbox 277 3391 1823 3793">
     <span class='ocr_line' id='line_1_26' title="bbox 321 3391 1818 3483; baseline -0.002 -24"><span class='ocrx_word' id='word_1_254' title='bbox 321 3416 353 3460; x_wconf 93' lang='lat' dir='ltr'><strong>v.</strong></span> <span class='ocrx_word' id='word_1_255' title='bbox 373 3397 422 3478; x_wconf 82' lang='lat'><strong>19,</strong></span> <span class='ocrx_word' id='word_1_256' title='bbox 440 3397 493 3460; x_wconf 94' lang='grc'><strong>20.</strong></span> <span class='ocrx_word' id='word_1_257' title='bbox 510 3395 672 3476; x_wconf 79' lang='grc' dir='ltr'><strong>Ἀνοίξατέ</strong></span> <span class='ocrx_word' id='word_1_258' title='bbox 688 3418 741 3483; x_wconf 92' lang='grc' dir='ltr'><strong>μοι</strong></span> <span class='ocrx_word' id='word_1_259' title='bbox 754 3396 856 3474; x_wconf 90' lang='grc' dir='ltr'><strong>πύλας</strong></span> <span class='ocrx_word' id='word_1_260' title='bbox 872 3396 1029 3462; x_wconf 84' lang='grc' dir='ltr'><strong>δικαιοσύ-</strong></span> <span class='ocrx_word' id='word_1_261' title='bbox 1117 3411 1150 3455; x_wconf 87' lang='grc' dir='ltr'><strong>ν.</strong></span> <span class='ocrx_word' id='word_1_262' title='bbox 1169 3395 1219 3473; x_wconf 87' lang='grc'><strong>19,</strong></span> <span class='ocrx_word' id='word_1_263' title='bbox 1235 3395 1288 3456; x_wconf 87' lang='grc'><strong>20.</strong></span> <span class='ocrx_word' id='word_1_264' title='bbox 1303 3393 1436 3474; x_wconf 77' lang='lat' dir='ltr'><em>Aperite</em></span> <span class='ocrx_word' id='word_1_265' title='bbox 1450 3391 1533 3456; x_wconf 82' lang='lat' dir='ltr'><strong>miii</strong></span> <span class='ocrx_word' id='word_1_266' title='bbox 1540 3391 1818 3472; x_wconf 72' lang='lat' dir='ltr'><strong>porterjoctioio,</strong></span> 
     </span>
     <span class='ocr_line' id='line_1_27' title="bbox 279 3496 1823 3588; baseline -0.001 -24"><span class='ocrx_word' id='word_1_267' title='bbox 279 3521 347 3585; x_wconf 88' lang='grc' dir='ltr'><strong>νης·</strong></span> <span class='ocrx_word' id='word_1_268' title='bbox 359 3499 508 3566; x_wconf 86' lang='grc' dir='ltr'><strong>εἰσελθὼν</strong></span> <span class='ocrx_word' id='word_1_269' title='bbox 520 3499 553 3566; x_wconf 80' lang='grc' dir='ltr'><strong>ἰν</strong></span> <span class='ocrx_word' id='word_1_270' title='bbox 565 3502 685 3583; x_wconf 79' lang='grc' dir='ltr'><strong>αὐταῖς,</strong></span> <span class='ocrx_word' id='word_1_271' title='bbox 697 3498 971 3588; x_wconf 78' lang='grc' dir='ltr'><strong>ἒξομολογήσομαι</strong></span> <span class='ocrx_word' id='word_1_272' title='bbox 985 3509 1029 3587; x_wconf 80' lang='grc' dir='ltr'><strong>τῷ</strong></span> <span class='ocrx_word' id='word_1_273' title='bbox 1071 3499 1240 3580; x_wconf 67' lang='lat' dir='ltr'><strong>inpressum</strong></span> <span class='ocrx_word' id='word_1_274' title='bbox 1261 3498 1299 3562; x_wconf 83' lang='lat' dir='ltr'><strong>iro</strong></span> <span class='ocrx_word' id='word_1_275' title='bbox 1313 3515 1369 3564; x_wconf 82' lang='lat' dir='ltr'><strong>cos</strong></span> <span class='ocrx_word' id='word_1_276' title='bbox 1391 3496 1559 3581; x_wconf 68' lang='lat' dir='ltr'><strong>corrflicbor</strong></span> <span class='ocrx_word' id='word_1_277' title='bbox 1576 3497 1723 3561; x_wconf 74' lang='lat' dir='ltr'><strong>Domine.</strong></span> <span class='ocrx_word' id='word_1_278' title='bbox 1746 3499 1823 3562; x_wconf 75' lang='lat' dir='ltr'><strong>Hoc</strong></span> 
     </span>
     <span class='ocr_line' id='line_1_28' title="bbox 278 3601 1753 3690; baseline -0.004 -20"><span class='ocrx_word' id='word_1_279' title='bbox 278 3601 395 3690; x_wconf 81' lang='grc' dir='ltr'><strong>Κυρίῳ.</strong></span> <span class='ocrx_word' id='word_1_280' title='bbox 419 3602 510 3688; x_wconf 81' lang='grc' dir='ltr'><strong>Αὕτη</strong></span> <span class='ocrx_word' id='word_1_281' title='bbox 533 3602 555 3688; x_wconf 77' lang='grc' dir='ltr'>ἡ</span> <span class='ocrx_word' id='word_1_282' title='bbox 579 3604 663 3690; x_wconf 91' lang='grc' dir='ltr'><strong>πύλη</strong></span> <span class='ocrx_word' id='word_1_283' title='bbox 687 3615 742 3670; x_wconf 82' lang='grc' dir='ltr'><strong>τοῦ</strong></span> <span class='ocrx_word' id='word_1_284' title='bbox 760 3601 888 3690; x_wconf 89' lang='grc' dir='ltr'><strong>Κυρίου,</strong></span> <span class='ocrx_word' id='word_1_285' title='bbox 912 3603 1029 3670; x_wconf 81' lang='grc' dir='ltr'><strong>δίκαιοι</strong></span> <span class='ocrx_word' id='word_1_286' title='bbox 1067 3605 1166 3683; x_wconf 81' lang='lat' dir='ltr'><strong>porto</strong></span> <span class='ocrx_word' id='word_1_287' title='bbox 1179 3603 1323 3682; x_wconf 78' lang='lat' dir='ltr'><em>Domini,</em></span> <span class='ocrx_word' id='word_1_288' title='bbox 1334 3601 1426 3684; x_wconf 77' lang='lat' dir='ltr'><strong>jocii</strong></span> <span class='ocrx_word' id='word_1_289' title='bbox 1439 3601 1608 3666; x_wconf 77' lang='lat' dir='ltr'><strong>introitui</strong></span> <span class='ocrx_word' id='word_1_290' title='bbox 1622 3603 1659 3665; x_wconf 85' lang='lat' dir='ltr'><strong>io</strong></span> <span class='ocrx_word' id='word_1_291' title='bbox 1673 3618 1753 3666; x_wconf 82' lang='lat' dir='ltr'><strong>com.</strong></span> 
     </span>
     <span class='ocr_line' id='line_1_29' title="bbox 277 3695 1232 3793; baseline -0.005 -19"><span class='ocrx_word' id='word_1_292' title='bbox 277 3708 510 3776; x_wconf 88' lang='grc' dir='ltr'><strong>εἰσελεύσονται</strong></span> <span class='ocrx_word' id='word_1_293' title='bbox 525 3707 559 3773; x_wconf 81' lang='grc' dir='ltr'><strong>ἐν</strong></span> <span class='ocrx_word' id='word_1_294' title='bbox 575 3709 666 3793; x_wconf 60' lang='lat' dir='ltr'><strong>circi.</strong></span> <span class='ocrx_word' id='word_1_295' title='bbox 1227 3695 1232 3707; x_wconf 48' lang='lat'>⁸</span> 
     </span>
    </p>

    <p class='ocr_par' dir='ltr' id='par_1_12' title="bbox 273 3810 1824 4630">
     <span class='ocr_line' id='line_1_30' title="bbox 319 3810 1822 3900; baseline -0.003 -21"><span class='ocrx_word' id='word_1_296' title='bbox 319 3813 384 3879; x_wconf 82' lang='grc' dir='ltr'><strong>Καὶ</strong></span> <span class='ocrx_word' id='word_1_297' title='bbox 400 3814 433 3879; x_wconf 80' lang='grc' dir='ltr'><strong>ἰν</strong></span> <span class='ocrx_word' id='word_1_298' title='bbox 457 3812 565 3890; x_wconf 77' lang='grc' dir='ltr'><strong>ἄλλοις</strong></span> <span class='ocrx_word' id='word_1_299' title='bbox 577 3811 706 3899; x_wconf 83' lang='grc' dir='ltr'><strong>λεχθείη</strong></span> <span class='ocrx_word' id='word_1_300' title='bbox 724 3812 781 3877; x_wconf 77' lang='grc' dir='ltr'><strong>ἄν·</strong></span> <span class='ocrx_word' id='word_1_301' title='bbox 796 3811 887 3898; x_wconf 81' lang='grc' dir='ltr'><strong>Αὕτη</strong></span> <span class='ocrx_word' id='word_1_302' title='bbox 902 3812 924 3899; x_wconf 79' lang='grc' dir='ltr'><strong>η</strong></span> <span class='ocrx_word' id='word_1_303' title='bbox 941 3813 1025 3900; x_wconf 87' lang='grc' dir='ltr'><strong>πύλη</strong></span> <span class='ocrx_word' id='word_1_304' title='bbox 1049 3889 1052 3898; x_wconf 43' lang='grc'><strong>,</strong></span> <span class='ocrx_word' id='word_1_305' title='bbox 1117 3815 1156 3875; x_wconf 91' lang='lat' dir='ltr'><strong>In</strong></span> <span class='ocrx_word' id='word_1_306' title='bbox 1173 3812 1250 3876; x_wconf 83' lang='lat' dir='ltr'><strong>aliis</strong></span> <span class='ocrx_word' id='word_1_307' title='bbox 1263 3810 1513 3892; x_wconf 82' lang='lat' dir='ltr'><strong>exemplaribus</strong></span> <span class='ocrx_word' id='word_1_308' title='bbox 1529 3811 1646 3888; x_wconf 79' lang='lat' dir='ltr'><strong>legere</strong></span> <span class='ocrx_word' id='word_1_309' title='bbox 1660 3813 1729 3873; x_wconf 89' lang='lat' dir='ltr'><strong>est:</strong></span> <span class='ocrx_word' id='word_1_310' title='bbox 1745 3811 1822 3875; x_wconf 79' lang='lat' dir='ltr'><strong>Hoc</strong></span> 
     </span>
     <span class='ocr_line' id='line_1_31' title="bbox 274 3915 1820 4002; baseline -0.001 -22"><span class='ocrx_word' id='word_1_311' title='bbox 274 3926 330 3982; x_wconf 84' lang='grc' dir='ltr'><strong>τοῦ</strong></span> <span class='ocrx_word' id='word_1_312' title='bbox 346 3915 476 4002; x_wconf 88' lang='grc' dir='ltr'><strong>Κυρίου,</strong></span> <span class='ocrx_word' id='word_1_313' title='bbox 493 3915 651 4002; x_wconf 80' lang='grc' dir='ltr'><strong>σώφρονες</strong></span> <span class='ocrx_word' id='word_1_314' title='bbox 670 3915 901 3982; x_wconf 82' lang='grc' dir='ltr'><strong>εἰσελεύσονται</strong></span> <span class='ocrx_word' id='word_1_315' title='bbox 916 3919 951 3983; x_wconf 83' lang='grc' dir='ltr'><strong>ἐν</strong></span> <span class='ocrx_word' id='word_1_316' title='bbox 973 3921 1028 3983; x_wconf 84' lang='grc' dir='ltr'><strong>αύ-</strong></span> <span class='ocrx_word' id='word_1_317' title='bbox 1064 3921 1164 3998; x_wconf 81' lang='lat' dir='ltr'><strong>porio</strong></span> <span class='ocrx_word' id='word_1_318' title='bbox 1171 3917 1312 3994; x_wconf 79' lang='lat' dir='ltr'><strong>Domini,</strong></span> <span class='ocrx_word' id='word_1_319' title='bbox 1325 3917 1408 3981; x_wconf 72' lang='lat' dir='ltr'><strong>cccii</strong></span> <span class='ocrx_word' id='word_1_320' title='bbox 1419 3915 1773 3980; x_wconf 63' lang='lat' dir='ltr'><strong>inimicitiarium</strong></span> <span class='ocrx_word' id='word_1_321' title='bbox 1784 3916 1820 3979; x_wconf 89' lang='lat' dir='ltr'><strong>in</strong></span> 
     </span>
     <span class='ocr_line' id='line_1_32' title="bbox 274 4018 1822 4106; baseline -0.001 -20"><span class='ocrx_word' id='word_1_322' title='bbox 274 4030 324 4106; x_wconf 78' lang='grc' dir='ltr'><strong>τῇ.</strong></span> <span class='ocrx_word' id='word_1_323' title='bbox 341 4018 406 4086; x_wconf 88' lang='grc' dir='ltr'><strong>Καί</strong></span> <span class='ocrx_word' id='word_1_324' title='bbox 424 4021 459 4085; x_wconf 83' lang='grc' dir='ltr'><strong>ἐν</strong></span> <span class='ocrx_word' id='word_1_325' title='bbox 477 4020 603 4099; x_wconf 73' lang='grc' dir='ltr'><strong>ἄλλοις·</strong></span> <span class='ocrx_word' id='word_1_326' title='bbox 622 4020 777 4106; x_wconf 82' lang='grc' dir='ltr'><strong>Ἀνδρείοι</strong></span> <span class='ocrx_word' id='word_1_327' title='bbox 799 4022 1027 4090; x_wconf 84' lang='grc' dir='ltr'><strong>εἰσελεύσονται</strong></span> <span class='ocrx_word' id='word_1_328' title='bbox 1071 4022 1164 4084; x_wconf 82' lang='lat' dir='ltr'><strong>aliis:</strong></span> <span class='ocrx_word' id='word_1_329' title='bbox 1190 4021 1262 4084; x_wconf 80' lang='lat' dir='ltr'><strong>Viri</strong></span> <span class='ocrx_word' id='word_1_330' title='bbox 1266 4019 1378 4100; x_wconf 74' lang='lat' dir='ltr'><em>sorios</em></span> <span class='ocrx_word' id='word_1_331' title='bbox 1392 4019 1562 4084; x_wconf 74' lang='lat' dir='ltr'><strong>immoror</strong></span> <span class='ocrx_word' id='word_1_332' title='bbox 1575 4021 1613 4083; x_wconf 82' lang='lat' dir='ltr'><strong>ic</strong></span> <span class='ocrx_word' id='word_1_333' title='bbox 1627 4037 1705 4084; x_wconf 77' lang='lat' dir='ltr'><strong>com.</strong></span> <span class='ocrx_word' id='word_1_334' title='bbox 1723 4021 1768 4084; x_wconf 83' lang='lat' dir='ltr'><strong>Et</strong></span> <span class='ocrx_word' id='word_1_335' title='bbox 1786 4020 1822 4084; x_wconf 92' lang='lat' dir='ltr'><strong>in</strong></span> 
     </span>
     <span class='ocr_line' id='line_1_33' title="bbox 274 4123 1824 4212; baseline -0.001 -22"><span class='ocrx_word' id='word_1_336' title='bbox 274 4125 308 4190; x_wconf 85' lang='grc' dir='ltr'><strong>ἰν</strong></span> <span class='ocrx_word' id='word_1_337' title='bbox 320 4126 411 4211; x_wconf 73' lang='grc' dir='ltr'><strong>αὐτῇ.</strong></span> <span class='ocrx_word' id='word_1_338' title='bbox 424 4123 489 4190; x_wconf 86' lang='grc' dir='ltr'><strong>Καί</strong></span> <span class='ocrx_word' id='word_1_339' title='bbox 501 4125 534 4190; x_wconf 81' lang='grc' dir='ltr'><strong>ἐν</strong></span> <span class='ocrx_word' id='word_1_340' title='bbox 548 4124 673 4203; x_wconf 76' lang='grc' dir='ltr'><strong>ἄλλοις·</strong></span> <span class='ocrx_word' id='word_1_341' title='bbox 685 4125 784 4212; x_wconf 81' lang='grc' dir='ltr'><strong>Σοροί</strong></span> <span class='ocrx_word' id='word_1_342' title='bbox 796 4127 1025 4196; x_wconf 87' lang='grc' dir='ltr'><strong>εἰσελεύσονται</strong></span> <span class='ocrx_word' id='word_1_343' title='bbox 1069 4127 1162 4189; x_wconf 85' lang='lat' dir='ltr'><strong>aliis:</strong></span> <span class='ocrx_word' id='word_1_344' title='bbox 1185 4126 1354 4206; x_wconf 79' lang='lat' dir='ltr'><strong>Sapientes</strong></span> <span class='ocrx_word' id='word_1_345' title='bbox 1374 4123 1544 4189; x_wconf 72' lang='lat' dir='ltr'><strong>introcunt</strong></span> <span class='ocrx_word' id='word_1_346' title='bbox 1565 4125 1602 4188; x_wconf 83' lang='lat' dir='ltr'><strong>ic</strong></span> <span class='ocrx_word' id='word_1_347' title='bbox 1623 4142 1703 4189; x_wconf 86' lang='lat' dir='ltr'><strong>com.</strong></span> <span class='ocrx_word' id='word_1_348' title='bbox 1722 4127 1824 4189; x_wconf 88' lang='lat' dir='ltr'><strong>-Ut</strong></span> 
     </span>
     <span class='ocr_line' id='line_1_34' title="bbox 276 4217 1821 4316; baseline -0.003 -21"><span class='ocrx_word' id='word_1_349' title='bbox 276 4231 310 4297; x_wconf 80' lang='grc' dir='ltr'><strong>ἐν</strong></span> <span class='ocrx_word' id='word_1_350' title='bbox 326 4231 417 4314; x_wconf 76' lang='grc' dir='ltr'><strong>αὐτῇ.</strong></span> <span class='ocrx_word' id='word_1_351' title='bbox 434 4267 475 4277; x_wconf 93' lang='lat'><em>-</em></span> <span class='ocrx_word' id='word_1_352' title='bbox 491 4227 547 4306; x_wconf 85' lang='grc' dir='ltr'><strong>Ὦς</strong></span> <span class='ocrx_word' id='word_1_353' title='bbox 564 4228 742 4316; x_wconf 78' lang='grc' dir='ltr'><strong>ἀνοίγονται</strong></span> <span class='ocrx_word' id='word_1_354' title='bbox 757 4229 852 4295; x_wconf 87' lang='grc' dir='ltr'><strong>πύλαι</strong></span> <span class='ocrx_word' id='word_1_355' title='bbox 868 4231 1024 4298; x_wconf 87' lang='grc' dir='ltr'><strong>δικαιοσύ-</strong></span> <span class='ocrx_word' id='word_1_356' title='bbox 1068 4231 1269 4312; x_wconf 81' lang='lat' dir='ltr'><strong>operiuntur</strong></span> <span class='ocrx_word' id='word_1_357' title='bbox 1284 4233 1388 4310; x_wconf 85' lang='lat' dir='ltr'><strong>portae</strong></span> <span class='ocrx_word' id='word_1_358' title='bbox 1403 4217 1557 4308; x_wconf 84' lang='lat' dir='ltr'><strong>justitiae,</strong></span> <span class='ocrx_word' id='word_1_359' title='bbox 1573 4230 1622 4292; x_wconf 84' lang='lat' dir='ltr'><strong>ito</strong></span> <span class='ocrx_word' id='word_1_360' title='bbox 1637 4234 1671 4292; x_wconf 84' lang='lat' dir='ltr'><strong>et</strong></span> <span class='ocrx_word' id='word_1_361' title='bbox 1685 4229 1821 4293; x_wconf 74' lang='lat' dir='ltr'><strong>castita-</strong></span> 
     </span>
     <span class='ocr_line' id='line_1_35' title="bbox 275 4333 1820 4420; baseline -0.002 -20"><span class='ocrx_word' id='word_1_362' title='bbox 275 4356 341 4419; x_wconf 87' lang='grc' dir='ltr'><strong>νης,</strong></span> <span class='ocrx_word' id='word_1_363' title='bbox 358 4337 439 4400; x_wconf 84' lang='grc' dir='ltr'><strong>σύτο</strong></span> <span class='ocrx_word' id='word_1_364' title='bbox 454 4333 510 4398; x_wconf 87' lang='grc' dir='ltr'><strong>καί</strong></span> <span class='ocrx_word' id='word_1_365' title='bbox 526 4335 730 4420; x_wconf 78' lang='grc' dir='ltr'><strong>σωφροσύνης</strong></span> <span class='ocrx_word' id='word_1_366' title='bbox 745 4335 800 4399; x_wconf 84' lang='grc' dir='ltr'><strong>καί</strong></span> <span class='ocrx_word' id='word_1_367' title='bbox 814 4333 958 4420; x_wconf 81' lang='grc' dir='ltr'><strong>ἀνδρείας</strong></span> <span class='ocrx_word' id='word_1_368' title='bbox 970 4336 1025 4400; x_wconf 81' lang='grc' dir='ltr'><strong>καί</strong></span> <span class='ocrx_word' id='word_1_369' title='bbox 1068 4336 1122 4414; x_wconf 85' lang='lat' dir='ltr'><strong>tis,</strong></span> <span class='ocrx_word' id='word_1_370' title='bbox 1138 4339 1172 4398; x_wconf 88' lang='lat' dir='ltr'><strong>et</strong></span> <span class='ocrx_word' id='word_1_371' title='bbox 1189 4333 1399 4398; x_wconf 77' lang='lat' dir='ltr'><strong>fortitudinis</strong></span> <span class='ocrx_word' id='word_1_372' title='bbox 1415 4336 1448 4396; x_wconf 89' lang='lat' dir='ltr'><strong>et</strong></span> <span class='ocrx_word' id='word_1_373' title='bbox 1466 4333 1656 4398; x_wconf 82' lang='lat' dir='ltr'><strong>charitatis:</strong></span> <span class='ocrx_word' id='word_1_374' title='bbox 1672 4352 1733 4415; x_wconf 89' lang='lat' dir='ltr'><strong>per</strong></span> <span class='ocrx_word' id='word_1_375' title='bbox 1748 4333 1820 4397; x_wconf 77' lang='lat' dir='ltr'><strong>haec</strong></span> 
     </span>
     <span class='ocr_line' id='line_1_36' title="bbox 273 4437 1820 4525; baseline -0.001 -21"><span class='ocrx_word' id='word_1_376' title='bbox 273 4439 423 4525; x_wconf 79' lang='grc' dir='ltr'><strong>ἀγάπης·</strong></span> <span class='ocrx_word' id='word_1_377' title='bbox 442 4437 495 4502; x_wconf 83' lang='grc' dir='ltr'><strong>διὰ</strong></span> <span class='ocrx_word' id='word_1_378' title='bbox 516 4439 578 4522; x_wconf 84' lang='grc' dir='ltr'><strong>γίιρ</strong></span> <span class='ocrx_word' id='word_1_379' title='bbox 593 4437 709 4504; x_wconf 86' lang='grc' dir='ltr'><strong>τούτων</strong></span> <span class='ocrx_word' id='word_1_380' title='bbox 732 4439 794 4504; x_wconf 84' lang='grc' dir='ltr'><strong>τῶν</strong></span> <span class='ocrx_word' id='word_1_381' title='bbox 810 4437 1023 4523; x_wconf 82' lang='grc' dir='ltr'><strong>πολῶνείοέρ-</strong></span> <span class='ocrx_word' id='word_1_382' title='bbox 1068 4441 1159 4504; x_wconf 90' lang='lat' dir='ltr'><strong>enim</strong></span> <span class='ocrx_word' id='word_1_383' title='bbox 1171 4439 1259 4501; x_wconf 85' lang='lat' dir='ltr'><strong>ostia</strong></span> <span class='ocrx_word' id='word_1_384' title='bbox 1274 4455 1369 4502; x_wconf 89' lang='lat' dir='ltr'><strong>mens</strong></span> <span class='ocrx_word' id='word_1_385' title='bbox 1385 4437 1614 4502; x_wconf 77' lang='lat' dir='ltr'><strong>introducitur</strong></span> <span class='ocrx_word' id='word_1_386' title='bbox 1626 4439 1661 4502; x_wconf 90' lang='lat' dir='ltr'><strong>iu</strong></span> <span class='ocrx_word' id='word_1_387' title='bbox 1673 4455 1820 4518; x_wconf 81' lang='lat' dir='ltr'><strong>regnum</strong></span> 
     </span>
     <span class='ocr_line' id='line_1_37' title="bbox 274 4538 1242 4630; baseline -0.003 -22"><span class='ocrx_word' id='word_1_388' title='bbox 274 4564 366 4630; x_wconf 88' lang='grc' dir='ltr'><strong>χεται</strong></span> <span class='ocrx_word' id='word_1_389' title='bbox 381 4552 453 4620; x_wconf 84' lang='grc' dir='ltr'><strong>νοῦς</strong></span> <span class='ocrx_word' id='word_1_390' title='bbox 468 4542 512 4620; x_wconf 90' lang='grc' dir='ltr'><strong>εἰς</strong></span> <span class='ocrx_word' id='word_1_391' title='bbox 529 4542 588 4628; x_wconf 76' lang='grc' dir='ltr'><strong>την</strong></span> <span class='ocrx_word' id='word_1_392' title='bbox 605 4538 766 4629; x_wconf 84' lang='grc' dir='ltr'><strong>βασιλείαν</strong></span> <span class='ocrx_word' id='word_1_393' title='bbox 781 4550 842 4609; x_wconf 82' lang='grc' dir='ltr'><strong>τῶν</strong></span> <span class='ocrx_word' id='word_1_394' title='bbox 857 4541 1007 4626; x_wconf 82' lang='grc' dir='ltr'><strong>ούρανύιν.</strong></span> <span class='ocrx_word' id='word_1_395' title='bbox 1068 4546 1242 4610; x_wconf 81' lang='lat' dir='ltr'><strong>coelorum.</strong></span> 
     </span>
    </p>
   </div>
   <div class='ocr_carea' id='block_1_4' title="bbox 268 4759 1821 5182">
    <p class='ocr_par' dir='ltr' id='par_1_13' title="bbox 268 4759 1821 5182">
     <span class='ocr_line' id='line_1_38' title="bbox 305 4759 1292 4832; baseline -0.003 -13"><span class='ocrx_word' id='word_1_396' title='bbox 305 4759 1026 4832; x_wconf 67' lang='lat' dir='ltr'><strong>Ps.cxvn.v.1.vct.tP1ura‚mcximeinulti-</strong></span> <span class='ocrx_word' id='word_1_397' title='bbox 1106 4782 1134 4821; x_wconf 85' lang='lat' dir='ltr'><strong>v.</strong></span> <span class='ocrx_word' id='word_1_398' title='bbox 1147 4763 1172 4818; x_wconf 82' lang='grc'><strong>7.</strong></span> <span class='ocrx_word' id='word_1_399' title='bbox 1186 4761 1292 4817; x_wconf 57' lang='lat' dir='ltr'><strong>Veto.</strong></span> 
     </span>
     <span class='ocr_line' id='line_1_39' title="bbox 271 4845 1549 4922; baseline -0.001 -19"><span class='ocrx_word' id='word_1_400' title='bbox 271 4848 352 4904; x_wconf 83' lang='lat' dir='ltr'><strong>timis</strong></span> <span class='ocrx_word' id='word_1_401' title='bbox 360 4847 489 4918; x_wconf 82' lang='lat' dir='ltr'><strong>scholiis,</strong></span> <span class='ocrx_word' id='word_1_402' title='bbox 496 4853 599 4920; x_wconf 74' lang='grc' dir='ltr'><strong>ερατ-1ο</strong></span> <span class='ocrx_word' id='word_1_403' title='bbox 611 4847 923 4922; x_wconf 76' lang='lat' dir='ltr'><strong>reciduntincmplum</strong></span> <span class='ocrx_word' id='word_1_404' title='bbox 932 4847 1024 4922; x_wconf 75' lang='lat' dir='ltr'><strong>chry-</strong></span> <span class='ocrx_word' id='word_1_405' title='bbox 1104 4868 1133 4906; x_wconf 84' lang='lat' dir='ltr'><strong>v.</strong></span> <span class='ocrx_word' id='word_1_406' title='bbox 1145 4849 1171 4904; x_wconf 88' lang='grc' dir='ltr'><strong>θ.</strong></span> <span class='ocrx_word' id='word_1_407' title='bbox 1185 4848 1252 4905; x_wconf 75' lang='lat' dir='ltr'><strong>vat.</strong></span> <span class='ocrx_word' id='word_1_408' title='bbox 1264 4847 1291 4903; x_wconf 95' lang='grc'><strong>4.</strong></span> <span class='ocrx_word' id='word_1_409' title='bbox 1304 4845 1410 4903; x_wconf 78' lang='lat' dir='ltr'><strong>Moith.</strong></span> <span class='ocrx_word' id='word_1_410' title='bbox 1424 4863 1492 4906; x_wconf 82' lang='lat' dir='ltr'><strong>xm.</strong></span> <span class='ocrx_word' id='word_1_411' title='bbox 1505 4847 1549 4903; x_wconf 85' lang='grc'><strong>25.</strong></span> 
     </span>
     <span class='ocr_line' id='line_1_40' title="bbox 271 4931 1821 5008; baseline -0.001 -19"><span class='ocrx_word' id='word_1_412' title='bbox 271 4933 393 4990; x_wconf 82' lang='lat' dir='ltr'><strong>sostomi</strong></span> <span class='ocrx_word' id='word_1_413' title='bbox 405 4950 440 4989; x_wconf 85' lang='lat' dir='ltr'><strong>co</strong></span> <span class='ocrx_word' id='word_1_414' title='bbox 453 4933 489 4989; x_wconf 88' lang='lat' dir='ltr'><strong>de</strong></span> <span class='ocrx_word' id='word_1_415' title='bbox 506 4933 620 5008; x_wconf 78' lang='lat' dir='ltr'><strong>psalmo</strong></span> <span class='ocrx_word' id='word_1_416' title='bbox 632 4935 881 5006; x_wconf 80' lang='lat' dir='ltr'><strong>commentarium,</strong></span> <span class='ocrx_word' id='word_1_417' title='bbox 901 4935 952 5007; x_wconf 87' lang='lat' dir='ltr'><strong>qni</strong></span> <span class='ocrx_word' id='word_1_418' title='bbox 963 4953 1024 4992; x_wconf 80' lang='lat' dir='ltr'><strong>mo·</strong></span> <span class='ocrx_word' id='word_1_419' title='bbox 1105 4951 1134 4991; x_wconf 86' lang='grc' dir='ltr'><strong>ν.</strong></span> <span class='ocrx_word' id='word_1_420' title='bbox 1148 4935 1190 5002; x_wconf 90' lang='grc'><strong>19,</strong></span> <span class='ocrx_word' id='word_1_421' title='bbox 1203 4935 1246 4988; x_wconf 86' lang='grc'><strong>20.</strong></span> <span class='ocrx_word' id='word_1_422' title='bbox 1260 4933 1327 4990; x_wconf 84' lang='lat' dir='ltr'><strong>Vct.</strong></span> <span class='ocrx_word' id='word_1_423' title='bbox 1340 4933 1367 5001; x_wconf 85' lang='lat'><strong>4,</strong></span> <span class='ocrx_word' id='word_1_424' title='bbox 1380 4934 1422 5004; x_wconf 90' lang='grc'><strong>12,</strong></span> <span class='ocrx_word' id='word_1_425' title='bbox 1433 4935 1475 4989; x_wconf 89' lang='grc'><strong>14.</strong></span> <span class='ocrx_word' id='word_1_426' title='bbox 1485 4931 1598 4990; x_wconf 83' lang='lat' dir='ltr'><strong>Fieldio</strong></span> <span class='ocrx_word' id='word_1_427' title='bbox 1608 4932 1715 4990; x_wconf 83' lang='lat' dir='ltr'><strong>desunt</strong></span> <span class='ocrx_word' id='word_1_428' title='bbox 1724 4933 1821 5008; x_wconf 85' lang='lat' dir='ltr'><strong>copio-</strong></span> 
     </span>
     <span class='ocr_line' id='line_1_41' title="bbox 269 5018 1820 5094; baseline 0.003 -22"><span class='ocrx_word' id='word_1_429' title='bbox 269 5019 316 5090; x_wconf 76' lang='lat' dir='ltr'><strong>gis</strong></span> <span class='ocrx_word' id='word_1_430' title='bbox 340 5018 458 5075; x_wconf 84' lang='lat' dir='ltr'><strong>videtur</strong></span> <span class='ocrx_word' id='word_1_431' title='bbox 479 5026 581 5075; x_wconf 79' lang='lat' dir='ltr'><strong>nostra</strong></span> <span class='ocrx_word' id='word_1_432' title='bbox 605 5035 686 5076; x_wconf 83' lang='lat' dir='ltr'><strong>more</strong></span> <span class='ocrx_word' id='word_1_433' title='bbox 709 5019 835 5075; x_wconf 73' lang='lat' dir='ltr'><strong>oratoris</strong></span> <span class='ocrx_word' id='word_1_434' title='bbox 857 5019 1023 5092; x_wconf 82' lang='lat' dir='ltr'><strong>extendere,</strong></span> <span class='ocrx_word' id='word_1_435' title='bbox 1069 5039 1110 5078; x_wconf 72' lang='grc' dir='ltr'><strong>σω</strong></span> <span class='ocrx_word' id='word_1_436' title='bbox 1123 5021 1325 5094; x_wconf 82' lang='lat' dir='ltr'><strong>chcplorum</strong></span> <span class='ocrx_word' id='word_1_437' title='bbox 1341 5021 1502 5079; x_wconf 74' lang='lat' dir='ltr'><strong>vemetatcs</strong></span> <span class='ocrx_word' id='word_1_438' title='bbox 1521 5037 1630 5092; x_wconf 80' lang='lat' dir='ltr'><strong>omnes,</strong></span> <span class='ocrx_word' id='word_1_439' title='bbox 1648 5027 1682 5078; x_wconf 90' lang='lat' dir='ltr'><strong>ut</strong></span> <span class='ocrx_word' id='word_1_440' title='bbox 1695 5020 1820 5092; x_wconf 81' lang='lat' dir='ltr'><strong>videtur,</strong></span> 
     </span>
     <span class='ocr_line' id='line_1_42' title="bbox 268 5105 1263 5182; baseline -0.001 -20"><span class='ocrx_word' id='word_1_441' title='bbox 268 5111 547 5178; x_wconf 80' lang='lat' dir='ltr'><strong>qncmesscnocira</strong></span> <span class='ocrx_word' id='word_1_442' title='bbox 560 5105 763 5182; x_wconf 74' lang='lat' dir='ltr'><strong>chrysostomi</strong></span> <span class='ocrx_word' id='word_1_443' title='bbox 776 5105 989 5181; x_wconf 76' lang='lat' dir='ltr'><strong>compendium</strong></span> <span class='ocrx_word' id='word_1_444' title='bbox 1069 5108 1105 5164; x_wconf 85' lang='lat' dir='ltr'><strong>ci.</strong></span> <span class='ocrx_word' id='word_1_445' title='bbox 1120 5115 1141 5164; x_wconf 93' lang='lat' dir='ltr'><strong>t.</strong></span> <span class='ocrx_word' id='word_1_446' title='bbox 1157 5125 1188 5178; x_wconf 87' lang='grc' dir='ltr'><strong>ιι,</strong></span> <span class='ocrx_word' id='word_1_447' title='bbox 1202 5107 1263 5163; x_wconf 81' lang='grc'><strong>270.</strong></span> 
     </span>
    </p>
   </div>
   <div class='ocr_carea' id='block_1_5' title="bbox 0 0 2014 6098">
    <p class='ocr_par' dir='ltr' id='par_1_14' title="bbox 0 0 2014 6098">
     <span class='ocr_line' id='line_1_43' title="bbox 0 0 2014 6098; baseline 0 10"><span class='ocrx_word' id='word_1_448' title='bbox 0 0 2014 6098; x_wconf 95' lang='lat' dir='ltr'><strong> </strong></span> 
     </span>
    </p>
   </div>
  </div>
 </body>
</html>
