3966 6108
274 481 338 542 466
935 473 1146 538 ORIGENES
1172 477 1179 502 ⁸

273 616 415 704 ἀλλ’ἠη
437 616 581 705 βασιλεία
596 625 659 682 τῶν
680 616 829 700 οὐρανῶν,
845 614 885 700 ἣν
908 614 942 680 έν
956 623 1021 692 τοῖς
1066 615 1241 696 Scriptura
1266 615 1352 677 solet
1375 613 1488 675 voceri
1520 612 1677 676 timentes
1705 611 1817 675 Domi-

275 731 485 809 μακαρισμοῖς
501 722 627 807 εἴρηκεν
643 719 660 784 ὸ
676 718 793 804 σοι-ηρ.
1066 737 1159 783 num.
1188 720 1232 782 At
1253 717 1363 799 qualis
1387 720 1439 780 est
1465 715 1655 796 hereditas,
1678 716 1746 779 nisi
1768 732 1818 778 re·

1069 838 1178 901 gnum
1194 822 1256 885 Dei
1271 821 1444 900 coelorum,
1461 820 1501 884 de
1521 837 1588 901 quo
1604 821 1757 884 Salvator
1773 820 1820 882 le

1070 927 1188 1010 quitur
1203 927 1239 988 in
1255 923 1550 1010 beatitudinibus?

888 1103 1056 1180 Peulmuo
1081 1097 1221 1179 LXII.

321 1341 352 1386 v.
369 1325 399 1386 2.
415 1317 453 1386 ‘0
476 1319 567 1402 Θεὸς,
591 1319 708 1396 ὸΘεὸς
731 1339 801 1404 μου,
820 1320 898 1402 πρὸς
920 1317 957 1381 σέ
974 1316 1025 1400 ὸρ
1114 1333 1146 1378 ν.
1162 1317 1193 1380 2.
1210 1318 1308 1394 Dour,
1328 1317 1416 1378 Deos
1429 1329 1529 1394 ιιιοιιο,
1545 1312 1821 1380 ιιθῖσιῖοῑασιοί-

276 1425 381 1511 θρῖζιι,
398 1423 531 1510 ἐδέψησέ
553 1421 639 1508 σοιὴ
656 1421 745 1509 ψυχή
767 1443 837 1509 μου,
854 1421 1025 1498 ποσαπλῶς
1066 1421 1154 1504 pilo:
1177 1420 1237 1485 titi
1256 1419 1366 1484 sitivit
1386 1419 1497 1484 αιιιίιιο
1519 1437 1601 1498 men,
1620 1435 1717 1501 ριιιιιιι
1738 1419 1822 1482 moi·

276 1552 326 1595 σοι
340 1530 362 1616 ἡ
379 1528 458 1615 σάρξ
473 1550 543 1616 μου,
559 1529 595 1593 έν
609 1537 652 1614 γη
663 1525 772 1614 ἐρήμῳ
783 1528 838 1592 καὶ
853 1523 959 1610 ἀύάτῳ
970 1526 1026 1589 καὶ
1069 1525 1229 1606 tiplioiter
1243 1523 1304 1589 tibi
1318 1541 1392 1589 curo
1403 1539 1483 1602 ιιιιιι,
1502 1523 1538 1587 in
1549 1525 1640 1588 terro
1654 1523 1780 1589 deserta
1791 1528 1823 1587 et

276 1634 408 1719 ἀνύδρῳ.
429 1638 496 1701 Vnt.
513 1638 587 1715 661,
604 1637 635 1698 2.
1068 1629 1162 1692 inuio
1176 1629 1384 1710 etimqooea.

319 1736 473 1823 Ὀρθρῖζει
495 1737 530 1802 δὲ
553 1739 630 1822 πρὸς
656 1736 738 1804 Θεὸν
760 1736 778 1801 ὸ
800 1735 841 1800 ταὶ
863 1735 942 1820 ἔργα
967 1741 1024 1818 της
1113 1734 1164 1797 Ad
1178 1735 1287 1797 Deum
1303 1734 1436 1813 vigilat,
1452 1735 1512 1815 qui
1528 1751 1630 1816 opere
1645 1735 1754 1798 noctis
1770 1753 1822 1798 re·

276 1845 388 1920 νυκτὸς
410 1840 613 1928 ἀποθέμενος,
631 1840 648 1906 ὸ
664 1842 707 1927 μὴ
725 1837 905 1925 ἐφ’ἑτέροις
926 1837 1026 1923 πράγ-
1066 1837 1153 1919 jioit‚
1170 1839 1228 1920 qui
1245 1855 1421 1919 nunquam
1442 1839 1565 1901 alienis
1579 1839 1728 1918 nogotiis
1750 1840 1824 1900 eni·

278 1968 354 2034 μασι
369 1947 427 2032 τὴν
442 1946 581 2011 διάνοιαν
604 1947 698 2030 ἔχων.
714 1944 760 2011 Τὸ
775 1945 810 2010 δὲ
832 1945 910 2028 πρὸς
925 1943 971 2025 σέ,
988 1941 1025 2006 οὐ
1069 1961 1163 2006 ιιιιιιιι
1180 1943 1335 2006 intendit.
1348 1943 1418 2004 Hoo
1430 1960 1510 2006 vero
1522 1940 1567 2007 ad
1577 1947 1617 2023 ιι,
1630 1960 1697 2006 non
1709 1945 1824 2007 looum

277 2050 374 2116 τόπον
396 2049 498 2136 δηλοῖ,
522 2051 559 2114 οὐ
573 2050 635 2136 γοὶρ
651 2050 685 2115 ἐν
700 2047 786 2132 τύπῳ
801 2047 892 2130 Θεὸς,
908 2045 980 2111 ἀλλ’
991 2047 1026 2112 ἐν
1068 2047 1202 2125 signat:
1227 2047 1263 2108 in
1278 2046 1351 2109 iooo
1374 2047 1465 2110 enim
1480 2048 1573 2111 Deus
1595 2053 1738 2126 nonest,
1762 2047 1823 2112 sed

276 2153 413 2220 διαθέσει
427 2156 482 2218 καὶ
497 2151 615 2238 σχέσει.
629 2153 697 2240 Τὴν
713 2151 818 2240 μέντοι
829 2151 959 2237 ἀγάπην
970 2151 1025 2236 έμ-
1070 2151 1105 2213 in
1125 2151 1300 2213 voluntate
1316 2153 1350 2213 et
1364 2149 1493 2214 habitu.
1518 2151 1657 2214 Interim
1673 2169 1823 2215 amorem

278 2256 499 2345 ρατικωτέρως
514 2255 609 2342 δίψαν
624 2257 781 2342 ὸνομοὶζει,
793 2258 849 2321 καὶ
860 2255 953 2340 δίψαν
964 2263 1026 2343 γης
1070 2247 1130 2336 per
1153 2253 1330 2335 emphasin
1356 2253 1516 2333 mej0rem
1539 2255 1632 2320 sitim
1657 2259 1765 2340 νοσοῖ,
1790 2261 1826 2319 et

279 2361 423 2446 ἀνύδρου,
436 2362 603 2447 μονονουχὶ
613 2360 769 2444 δοκούσης
783 2358 885 2446 ἡδέως
896 2361 933 2424 τὸ
944 2361 1026 2444 ύδωρ
1070 2360 1164 2453 sitim
1180 2363 1278 2422 terrm
1300 2359 1373 2422 sine
1390 2375 1490 2440 sque,
1507 2376 1581 2441 quae
1604 2363 1738 2424 tanturn
1754 2379 1824 2426 non

278 2463 506 2551 ὑποδέχεσθαι·
532 2465 626 2530 εἰπὼν
648 2464 710 2550 γὰρ
738 2463 869 2550 ἐδίψησε
892 2463 913 2549 ἡ
937 2461 1026 2550 ψυχή
1071 2461 1206 2526 videtur
1221 2463 1327 2527 solem
1353 2461 1640 2542 squnmjuounde
1663 2466 1826 2546 recipere.

280 2591 350 2656 μου,
366 2567 523 2656 έπηγαγι·
534 2569 589 2635 Ἐν
600 2578 642 2656 γῇ
658 2566 765 2656 ἐρήμῳ
779 2572 835 2634 καῖ
850 2568 958 2655 ἀδύτῳ
973 2569 1027 2634 καῖ
1072 2567 1195 2631 Dicens
1210 2567 1317 2630 enim:
1336 2567 1445 2632 sitivit
1457 2567 1570 2632 animo
1582 2583 1663 2648 νιοο,
1681 2567 1824 2648 adiecit:

279 2674 412 2759 ἀνύδρῳ.
1073 2671 1552 2738 ιἰιῖιιιαάοιοιιιιιιύιιύοιι
1568 2673 1735 2756 inaquoso.

314 2880 364 2936 Po.
377 2897 453 2951 exn,
465 2899 494 2938 ν.
504 2881 531 2936 2.
544 2880 639 2942 Votio.
650 2881 693 2937 15.
705 2882 742 2934 Τὸ
755 2883 786 2935 ot
802 2883 869 2949 πρὸς
881 2883 912 2935 σύ
927 2880 966 2937 sd
977 2884 1032 2935 ὸιοι-
1076 2879 1182 2945 σιοχήν.
1192 2876 1267 2932 num
1276 2875 1445 2933 eorumdem
1456 2877 1488 2933 in
1496 2895 1525 2935 ν.
1535 2878 1565 2933 9:
1578 2880 1646 2933 Ούὸὸ
1656 2880 1722 2946 πρὸς
1734 2881 1827 2946 βραχύ,

280 2969 351 3021 θέσιι
360 2966 423 3024 fere
435 2967 527 3022 hebet
543 2966 728 3023 Hereoleoto.
741 2965 798 3021 His
816 2964 892 3023 eddo
908 2967 1032 3022 scholio·
1078 2969 1148 3033 φησί,
1160 2966 1207 3018 τὸν
1220 2966 1283 3032 έμύν
1294 2966 1421 3034 λογισμὸν
1432 2969 1481 3033 τῆς
1493 2969 1543 3034 σῆς
1557 2967 1705 3034 ἀποστῆσαι
1715 2967 1829 3032 δύναμαι

280 3051 342 3108 lum
357 3059 470 3109 ootenae
487 3053 608 3123 Bsrber,
628 3069 672 3123 ιιι,
692 3054 741 3108 59:
760 3055 914 3124 Ἰριγένοος,
932 3056 1035 3107 Oenon-
1079 3055 1190 3120 μνήμης,
1202 3054 1275 3106 ἀλλὰ
1286 3055 1385 3122 φῖλτρφ
1396 3055 1487 3120 θερμῷ
1498 3056 1697 3122 πιρστύὸμενος,
1710 3055 1765 3106 οῖὸν
1778 3069 1830 3106 τινι

281 3143 373 3208 ρητοο.
384 3141 476 3193 Καλὸν
499 3143 631 3194 καῖκατὸι
651 3142 732 3208 ῥητὸν
752 3143 882 3208 ὀρθρῖζιιν
902 3143 968 3207 πρὸς
988 3142 1035 3193 τὸν
1077 3141 1203 3207 κολλητῷ
1220 3145 1257 3207 σῳ
1278 3141 1351 3208 πόθῳ
1368 3142 1551 3208 προοδύὸιμαι
1573 3137 1644 3207 Qun
1666 3137 1779 3194 frasne
1796 3136 1830 3193 in

282 3227 358 3294 Θιὸν,
369 3229 418 3280 καῖ
427 3228 515 3294 πάσης
525 3229 646 3293 πράξιος
665 3228 788 3294 ἀπαρχὴν
802 3230 961 3296 ποιήσασθαι
971 3244 1035 3294 προ-
1077 3225 1199 3297 vulgato
1209 3223 1395 3281 Tineodoreto
1407 3229 1587 3296 queruntur.

882 3437 1052 3516 Psazmus
1077 3434 1229 3518 LXIV.

327 3705 359 3750 v.
379 3689 407 3752 1.
431 3686 488 3751 Σοὶ
502 3685 615 3771 πρέπει
629 3688 734 3773 ύμνος,
751 3685 768 3750 ὸ
784 3685 876 3767 Θεὸς,
891 3685 925 3750 έν
940 3683 1031 3750 Σιών.
1078 3684 1144 3767 6ου,
1157 3685 1398 3771 κατασκηνώσει
1410 3685 1443 3752 έν
1454 3695 1523 3766 ταῖς
1534 3687 1646 3767 αὐλαῖς
1658 3709 1725 3754 σου.
1739 3687 1827 3776 Πλη-

294 3795 391 3859 Vatis.
409 3795 483 3871 662,
502 3795 530 3856 l.
1078 3789 1260 3877 σθησύμεθα
1282 3791 1316 3856 έν
1331 3801 1395 3869 τοῖς
1418 3792 1548 3878 ἀγαθοῖς
1570 3803 1625 3859 τοῦ
1648 3795 1734 3859 οἴκου
1757 3817 1826 3861 σου.

330 3893 520 3980 Ὠριγένους,
543 3891 707 3980 Ἠσυχῖου,
730 3893 931 3976 Ἀθανασέου,
947 3891 1033 3958 Διδύ-
1121 3892 1220 3980 Ὦριγ.
1236 3891 1384 3978 Ἦλοιτὸς,
1403 3898 1491 3981 φησι,
1506 3899 1562 3962 καὶ
1578 3897 1730 3984 μακάριος
1746 3899 1763 3962 ὸ
1780 3899 1826 3984 [o

286 4019 356 4084 μου,
380 3996 549 4083 Κυρέλλου.
567 4035 607 4046 -
632 3997 714 4062 Σιὼν
736 3997 772 4062 δέ
794 4019 899 4083 φησιν,
916 3998 953 4062 οὐ
975 3999 1034 4082 την
1077 3998 1149 4082 πὲρ]
1166 4007 1227 4064 τῶν
1244 3995 1349 4064 ἀλλων
1372 3999 1468 4066 ἐθνῶν
1483 4001 1544 4066 ὑπὸ
1559 4011 1617 4067 σού
1639 4023 1829 4089 προτετιμη·

285 4100 425 4187 ἐπίγειον
440 4101 569 4185 ταύτην,
585 4100 670 4165 ἀλλά
689 4103 746 4187 την
768 4103 833 4166 ἅνω
849 4105 905 4167 καλ
919 4101 953 4166 ἐν
968 4111 1033 4179 τοῖς
1079 4099 1170 4186 μένος
1182 4101 1270 4179 λαός·
1281 4111 1349 4179 ταῖς
1360 4104 1422 4189 γοὶρ
1435 4103 1533 4188 ἱεραῖς
1547 4115 1603 4170 σού
1611 4105 1830 4190 προσεδρεύων

286 4206 439 4289 οὐρανοῖς,
454 4207 513 4289 τὸν
525 4204 652 4288 ἀληθῶς
662 4203 858 4286 καλλύπολιν,
870 4207 892 4291 η
904 4207 959 4271 καὶ
975 4209 1033 4292 τὴν
1079 4203 1200 4282 αὐλαῖς,
1216 4204 1274 4289 τὴν
1289 4202 1410 4271 ἐκεῖθεν
1433 4207 1587 4293 ὠφέλειαν
1602 4211 1657 4274 καὶ
1680 4209 1829 4296 εὐλογίαν

285 4306 469 4394 ἐκκλησίαν,
481 4308 548 4392 tvi
564 4328 599 4372 τε
610 4307 825 4391 καθηκούσαις
841 4307 1035 4395 δοξολογέαις
1078 4317 1256 4391 καρποῦται
1272 4307 1358 4375 Itur.

287 4425 503 4500 οτερανσύμεν
526 4413 580 4478 τὸν
602 4421 664 4478 τῖιν
686 4412 768 4477 ύλων
787 4412 878 4480 Θεὸν.
902 4415 1034 4480 Borber.
1124 4412 1223 4498 Ὠριγ.
1240 4411 1443 4482 Ἀθανασέου.
1461 4415 1587 4503 Ἀγαθά
1600 4430 1657 4485 τού
1673 4419 1762 4487 οἴκου
1786 4423 1829 4488 τοὶ

289 4540 338 4585 ιιι.
357 4524 387 4585 6.
1079 4516 1217 4602 διάφορα
1239 4517 1326 4605 λέγει
1348 4529 1404 4586 τοῦ
1431 4519 1615 4608 Πνεύματος
1634 4524 1829 4613 χαρίσματα,

329 4643 362 4686 ν.
378 4625 408 4688 5.
424 4620 590 4706 Μακάριος
606 4623 643 4686 ὸν
664 4619 796 4701 ἐξελέξω
810 4623 866 4686 καλ
882 4622 1037 4708 προσελά-
1081 4621 1115 4686 ἐν
1139 4624 1164 4708 ῳ
1180 4623 1237 4708 μέν
1252 4625 1324 4709 γὰρ,
1348 4628 1435 4710 φησι,
1451 4625 1569 4693 δίδοται
1593 4628 1645 4696 διά
1659 4641 1714 4696 τοῦ
1730 4629 1830 4697 Πνεύ-

320 4815 370 4870 Ps.
381 4829 464 4872 nxrv.
472 4811 538 4868 Huc
550 4817 582 4868 et
590 4813 668 4869 infru
680 4813 882 4884 congessimus
891 4813 1040 4870 cumulato
1083 4813 1129 4870 los
1141 4813 1418 4886 interpretationum
1427 4833 1514 4888 quem
1525 4817 1617 4877 verbu
1628 4819 1831 4892 interpretum,

288 4901 482 4974 interpretum
491 4899 603 4955 scholia
613 4917 678 4972 qnae
687 4899 750 4956 iere
760 4899 858 4956 omnio
867 4899 903 4955 ab
911 4899 1040 4970 Origene
1084 4898 1128 4956 ite
1139 4905 1173 4956 ut
1185 4901 1290 4956 saltem
1303 4899 1524 4975 incompertum
1533 4904 1581 4976 sit,
1591 4905 1629 4961 ob
1638 4923 1702 4964 oevo
1711 4908 1830 4964 Antoni·

289 4993 319 5042 et
331 4985 459 5042 Eusebio
472 4985 651 5042 derivantur.
664 4991 741 5042 teste
753 4985 916 5041 Barberine
936 4991 1041 5041 outone
1085 5003 1166 5042 oaeno
1175 4986 1327 5059 copiosum
1335 4985 1444 5044 flumen
1454 4989 1772 5061 exegetioumndseros
1779 5011 1833 5068 po·

290 5090 377 5144 quem
398 5073 516 5130 videtur
537 5073 711 5146 compilasse
729 5072 776 5128 vir
798 5073 902 5128 doctus
923 5079 954 5130 et
975 5073 1040 5128 dili-
1086 5079 1181 5128 steros
1191 5075 1288 5147 amplo
1298 5080 1329 5131 et
1340 5080 1483 5148 perpetuo
1492 5093 1578 5133 amne
1587 5076 1754 5137 defluxisse:
1767 5080 1834 5155 ipse

289 5175 371 5228 gens,
385 5159 515 5217 studiose
528 5159 680 5230 requirens
693 5159 791 5232 potius
809 5159 907 5214 fontes
920 5167 950 5214 ot
963 5159 1040 5214 rivu-
1087 5160 1179 5216 codex
1191 5167 1277 5218 vetus
1289 5167 1378 5218 estet
1391 5161 1508 5235 optimae
1521 5169 1607 5221 note.
