4006 6090
704 451 748 513 IN
771 449 971 514 PSALMUM
993 451 1126 512 CXVIII
1633 451 1697 514 277

158 609 216 676 της
231 586 351 675 γίνεται
363 587 413 654 ἐπὶ
425 599 497 667 τοῦς
509 587 683 674 ἑστηκότας
698 591 737 674 τῇ
752 587 863 672 πίστει,
882 588 904 674 ἡ
948 597 1048 673 patur
1063 591 1166 656 ineos
1183 593 1241 674 qui
1262 589 1327 656 fide
1347 594 1545 672 consistunt,
1572 593 1697 656 severi-

159 695 194 759 δὲ
210 694 368 780 ἀποτομία
390 696 441 760 ἐπί
455 697 527 771 τοὺς
547 693 767 779 ἀφεστηκότας
789 696 905 777 αῦτῆς·
948 699 1001 758 tas
1015 701 1128 759 autem
1146 713 1229 774 erga
1244 713 1300 758 eos
1316 697 1375 777 qui
1391 713 1411 758 a
1426 695 1491 759 fide
1517 695 1694 760 destatunt.

157 799 226 864 ἐπεὶ
248 801 303 864 οὖν
326 799 343 863 δ
366 800 454 882 ἅγιος
477 795 644 863 ὲόεόαίωτο
668 798 701 863 ἐν
724 807 762 883 τῆ
786 795 905 877 πίστει,
949 802 1129 881 Postquam
1145 800 1254 877 igitur
1274 801 1310 863 in
1329 799 1394 864 fide
1413 799 1631 863 confirmatus
1644 805 1695 862 est

158 903 372 988 χρηστότητα,
388 903 483 984 είπεν,
499 901 653 986 ἐποίησας
671 903 750 987 μετὰ
765 911 820 965 τοῦ
836 900 905 964 δοῦ-
944 902 1068 984 Justus,
1093 905 1157 967 att:
1180 905 1362 968 Boue’tutem
1372 903 1491 986 fecisti
1512 922 1583 970 eum
1604 921 1695 971 servo

156 1005 215 1072 λου
230 1028 297 1090 σου,
313 1007 397 1083 ὅστις
412 1006 483 1071 ποτ’
494 1006 532 1070 ἀν
548 1007 568 1090 ᾖ
585 1003 687 1082 αὐτός.
704 1001 749 1069 Τό
769 1002 803 1068 δὲ
818 1005 904 1068 κατὰ
949 1012 1011 1087 tuo,
1031 1014 1264 1089 quantumque
1281 1010 1358 1073 talis
1373 1012 1518 1071 maneat.
1535 1008 1623 1072 lllud
1638 1026 1695 1072 ve-

155 1108 262 1196 λόγιόν
284 1129 351 1192 σου,
369 1108 438 1174 ἀντὶ
460 1119 516 1175 τοῦ
539 1111 596 1174 σὺν
619 1107 723 1194 λόγοις
745 1110 800 1172 καὶ
819 1106 906 1194 αἰτίρι
948 1130 986 1176 ro
1000 1112 1172 1179 secundum
1185 1110 1612 1193 oammtuoasignifioat
1628 1129 1695 1174 non

156 1211 269 1299 λογικῇ
284 1212 423 1299 γίνεσθαι
440 1211 519 1299 μετά
534 1230 615 1290 τινος
638 1213 696 1297 την
715 1221 771 1277 τοῦ
787 1210 905 1298 Κυρίου
947 1217 1021 1281 siue
1036 1218 1248 1296 argumentis
1271 1221 1305 1280 et
1326 1218 1470 1299 sapienti
1493 1235 1596 1281 eausa
1618 1217 1694 1282 fieri

158 1317 374 1403 χρηστότητα.
948 1339 1026 1385 oum
1042 1323 1157 1403 aliouo
1172 1323 1234 1386 Dei
1249 1323 1445 1386 bonitatem.

200 1441 232 1485 v.
261 1423 314 1485 67.
346 1421 413 1506 Πρό
441 1431 496 1486 τοῦ
525 1442 564 1507 με
589 1420 818 1507 ταπεινωθῆναι
843 1420 905 1506 ἐγὼ
992 1445 1023 1490 v.
1040 1427 1092 1489 67.
1107 1427 1306 1509 Ριῦιαρυαυι
1320 1425 1525 1502 ἀποτίλασαι,
1544 1439 1598 1507 epo
1612 1422 1692 1488 deli-

157 1523 410 1611 ὲπλημμίλησα·
433 1525 485 1592 διόι
504 1535 596 1592 τοῦτο
618 1528 654 1590 τό
677 1524 782 1611 λόγιόν
804 1545 860 1591 σου
876 1525 906 1589 ἐ·
946 1532 1014 1612 qui,
1027 1533 1200 1611 propterea
1214 1530 1374 1611 eloquium
1390 1534 1481 1594 tumn
1497 1525 1663 1592 οηςιοῆῆῆῑ,

155 1627 291 1713 φύλαξα.

199 1731 323 1819 Καίπερ
338 1735 373 1800 δὲ
396 1735 484 1813 εἰδὼς
499 1737 546 1800 ότι
570 1738 613 1823 μη
631 1734 725 1822 μόνον
747 1735 787 1801 δι’
802 1734 903 1820 όιμαρ-
991 1739 1126 1802 Etenim
1137 1738 1239 1818 probe
1251 1738 1371 1818 sciens,
1386 1735 1551 1818 quodnon
1563 1733 1694 1796 dumta-

154 1837 232 1921 τίας,
245 1838 329 1903 ἀλλόι
339 1841 394 1904 καί
405 1840 456 1904 διόι
468 1839 654 1926 δοκιμασίαν
666 1839 818 1925 ἐπάχεται
831 1850 905 1905 ταῦ
947 1849 1006 1906 xat
1021 1847 1155 1923 propter
1182 1845 1330 1923 peceato,
1351 1841 1410 1904 sed
1427 1840 1469 1902 ad
1484 1837 1695 1919 probandum

154 1963 206 2024 τα,
214 1951 258 2029 τῷ
269 1941 411 2029 προτέρῳ
422 1943 527 2029 τρόπφ
535 1943 840 2028 ὑπέδαλλενέαυτδν,
850 1944 904 2008 ἀλ-
946 1950 1127 2011 mittantur
1148 1945 1358 2025 afflictiones,
1378 1948 1484 2009 semet
1511 1942 1615 2023 priori
1640 1959 1695 2004 ex·

155 2045 198 2111 λυί
212 2046 364 2132 ἐφύλαξα,
380 2050 467 2133 φησί,
483 2051 519 2112 τό
534 2047 639 2133 λόγιόν
659 2069 727 2129 σου,
746 2046 784 2112 ίν’
799 2048 904 2132 ὥσπερ
945 2053 1133 2134 parimento
1145 2050 1325 2127 submittit,
1337 2048 1395 2112 sed
1407 2052 1441 2111 et
1453 2046 1574 2128 inquit:
1590 2047 1694 2108 Ῑνααα

154 2149 389 2238 πλημμελήσας
407 2152 628 2237 ἔτνσεννὼθην,
645 2155 727 2217 οὕτω
742 2150 902 2237 νστσρθώ·
945 2155 1103 2223 uastauere
1113 2155 1284 2236 eloquium,
1300 2156 1338 2216 ut
1349 2152 1378 2216 si
1390 2157 1564 2231 tamquam
1577 2165 1692 2230 peoea·

155 2275 214 2333 σας
230 2256 281 2321 διόι
295 2267 352 2343 τῆς
367 2268 422 2323 τοῦ
445 2255 553 2344 λογίου
575 2279 631 2322 σου
655 2256 809 2342 φυλακῆς,
826 2254 901 2341 ἀφε-
946 2267 998 2326 tor
1014 2261 1215 2324 humilimus
1237 2259 1312 2338 sim,
1329 2261 1478 2319 attamen
1502 2271 1579 2316 eum
1603 2257 1693 2316 reete

154 2359 199 2424 θῦν
215 2370 271 2445 τῆς
285 2361 510 2439 ταπεινώσεως.
528 2357 569 2410 -4
581 2359 676 2445 Ἐγὼ,
689 2362 794 2444 φησιν,
809 2361 903 2446 ἐμαυ-
947 2364 1144 2430 emendatus
1159 2362 1283 2426 fuerim
1295 2377 1355 2442 per
1366 2357 1555 2422 custodiam
1569 2357 1695 2437 eloquii

155 2473 199 2549 τῷ
213 2466 272 2550 τὴν
286 2463 429 2530 παιδείαν
444 2463 664 2551 πρσῦξὲνησα·
680 2463 801 2541 ἀδικίας
816 2463 903 2529 ἐλευ-
946 2472 1009 2550 tui,
1023 2469 1076 2532 fao
1091 2467 1274 2532 aiflIetione
1292 2466 1431 2528 eximar.
1451 2497 1489 2507 -
1507 2463 1581 2540 Ego
1598 2460 1696 2523 mihi-

156 2567 233 2654 θὲρα
246 2579 303 2655 τῆς
318 2569 465 2655 τιμωρίας
479 2567 501 2653 ἡ
518 2571 635 2654 ψῆφος·
658 2577 696 2654 τῆ
713 2568 851 2654 ἁμαρτία
865 2569 903 2654 η·
947 2580 1026 2655 met,
1042 2574 1164 2654 Inquit,
1180 2571 1375 2651 disiplinam
1392 2566 1564 2631 accersivi.
1582 2568 1609 2628 Α
1626 2582 1695 2626 ma·

155 2669 336 2755 κολσίιθειὴ
352 2670 489 2755 παιδεία,
513 2682 552 2758 τῆ
571 2671 698 2757 παιδείᾳ
719 2681 780 2738 τῶν
803 2673 904 2758 νόμων
947 2680 1022 2742 litia
1037 2679 1149 2741 aliena
1170 2677 1216 2739 sit
1241 2691 1348 2754 poeuae
1371 2670 1548 2735 sententia.
1576 2671 1696 2732 Conse·

154 2774 177 2860 ἠ
194 2774 333 2862 φυλακή.
349 2774 466 2862 Δίομαι
480 2777 534 2842 οὖν
550 2775 763 2858 διδασκαλίας,
776 2779 827 2841 ίνα
837 2785 902 2862 γνῶ
947 2785 1065 2864 quttur
1077 2784 1251 2863 peceatum
1264 2777 1435 2855 eorrectio,
1448 2773 1694 2837 correntionem

154 2881 202 2944 ότι
216 2880 238 2966 ἡ
254 2878 408 2966 γενσμίνη
425 2879 609 2958 ταπείνωσις
628 2882 712 2946 κατὰ
727 2881 904 2967 χρηστότη·
946 2885 1100 2950 custodia
1115 2886 1242 2962 legum.
1259 2881 1455 2961 Disciplina
1475 2879 1584 2958 igitur
1606 2876 1696 2940 iudi-

151 3003 192 3048 τα
214 2984 269 3048 καί
290 2983 435 3048 παιδείαν
458 2983 593 3070 ἐγένετο.
614 2978 661 3050 Ἠ
683 2988 743 3068 πρό
766 2996 821 3050 τοῦ
844 3006 903 3050 πα-
946 3007 1022 3069 geo,
1039 2993 1077 3052 ut
1093 3004 1228 3051 noscam
1244 2985 1515 3048 humiIIationem
1543 2999 1618 3064 quae
1642 3000 1695 3046 ae·

152 3087 216 3153 θεϊν
238 3087 366 3166 τελείως
388 3091 446 3174 τῆν
469 3087 634 3174 ἁμαρτίαν,
657 3089 903 3176 πλημμελοῦμεν
946 3095 1039 3173 uidit,
1055 3093 1215 3156 accidisse
1230 3097 1367 3173 propter
1381 3089 1567 3151 bonitatem
1594 3091 1628 3150 et
1643 3086 1692 3150 di-

151 3191 243 3278 ἡμσῐς
258 3203 296 3279 τῇ
320 3191 443 3258 συνέσει
464 3201 526 3257 τῶν
541 3192 700 3279 λσγνσμνῖνν
724 3193 774 3277 [ἐκ
795 3203 852 3278 τῆς
866 3191 903 3277 ἡ·
946 3200 1134 3280 soiplinam.
1147 3197 1208 3260 Vel
1220 3196 1420 3276 priusquam
1436 3193 1613 3272 peecatum
1625 3192 1694 3271 ple-

152 3295 285 3383 μετέρας
316 3295 478 3382 ῥᾳθυμίας]
512 3298 611 3382 αὐτ-ῆν
641 3297 901 3382 καταδεχόμενοι,
948 3323 991 3367 no
1007 3321 1106 3385 opere
1117 3301 1380 3375 committamus,
1392 3298 1607 3378 peooavimus
1621 3313 1692 3375 uos,

152 3405 208 3466 νσὶ
222 3400 318 3468 τὸσσν
339 3401 463 3467 σῖσόδσν
486 3399 621 3478 διδόντες
643 3401 696 3467 διὰ
717 3401 835 3467 σσῦσῑνν
858 3410 903 3485 τῷ
948 3424 1149 3472 eonsensum
1175 3401 1420 3468 tentationibus
1437 3417 1497 3481 per
1508 3399 1694 3463 socordiam

154 3505 296 3592 Σατανᾷ.
948 3519 1097 3576 nostram
1114 3513 1321 3593 praestantes,
1353 3523 1391 3568 ae
1418 3509 1550 3567 satana
1578 3504 1692 3581 Ingre-

948 3617 1055 3681 dienti
1071 3616 1182 3678 locum
1198 3611 1326 3674 dantes.

196 3735 228 3780 v.
246 3719 299 3798 68,
317 3721 368 3781 69.
386 3715 534 3801 Χρηστός
550 3717 579 3781 εί
599 3719 649 3800 σὺ,
665 3715 773 3800 Κύριε,
789 3719 844 3782 καί
868 3718 901 3782 ἐν
988 3737 1019 3781 ν.
1038 3719 1090 3796 68,
1107 3719 1159 3779 69.
1175 3718 1286 3778 Bonos
1301 3729 1334 3776 es
1351 3714 1398 3788 tu,
1429 3711 1573 3787 Domana,
1604 3714 1635 3773 et
1660 3710 1696 3773 ιἰι

152 3829 191 3905 τῆ
212 3817 406 3906 χρηστότητί
428 3841 484 3884 σου
507 3819 630 3900 δίδαξον
654 3842 692 3906 με
716 3821 756 3884 τὰ
779 3820 902 3885 δικαιότ-
946 3824 1084 3889 bouitute
1099 3826 1156 3886 ιιιο
1179 3817 1251 3884 doce
1267 3833 1316 3881 κισ
1339 3814 1585 3896 resumentibus
1611 3819 1695 3878 tues.

154 3921 239 4011 ματά
263 3945 329 3989 σου.
344 3923 545 4010 Ἐπληθόνθη
570 3923 619 3989 ἐπ’
631 3926 687 4010 ἐμὲ
708 3923 815 3989 ἀδικία
829 3925 902 3990 ὑπε-
949 3926 1173 4007 Multipb'cotu
1185 3919 1570 4002 estmpermeioiquitor
1587 3933 1697 3997 mper-

153 4028 318 4114 ρηφάνυν·
335 4029 397 4114 ἐγὼ
413 4030 448 4093 δὲ
463 4029 496 4093 ἐν
509 4028 566 4112 όλῃ
583 4027 699 4114 καρδίᾳ
711 4048 769 4114 μου
782 4027 902 4114 ἐξερευ·
949 4033 1067 4108 tomam,
1086 4043 1140 4111 eqo
1156 4031 1262 4091 autem
1277 4027 1313 4088 τά
1325 4027 1387 4088 toto
1403 4021 1493 4086 cordo
1522 4039 1588 4085 meo
1603 4039 1695 4086 τοπα-

155 4131 242 4217 νήσιυ
257 4134 314 4210 τόις
329 4131 459 4210 ἐντολάς
475 4153 542 4197 σου.
948 4136 1037 4202 tabor
1053 4131 1206 4196 αιααιίαίιι
1223 4133 1289 4194 ίαῦ.

197 4235 286 4301 Ἐπεί
308 4235 452 4322 λέγεται·
473 4237 521 4302 ἴδε
544 4239 599 4303 οῦν
620 4237 826 4323 χρηστότητα
847 4240 902 4303 καὶ
991 4239 1156 4317 Quoniam
1175 4235 1319 4299 dieitur:
1342 4233 1418 4296 vide
1446 4233 1631 4296 bonitatem
1659 4235 1694 4294 et

154 4339 328 4426 ἀποτομίαν
350 4341 443 4425 Θεοῦ,
472 4341 594 4428 μήποτε
617 4341 646 4406 οί
674 4343 731 4428 μὲν
754 4342 901 4420 πεσόντες
945 4345 1161 4410 severItatem
1176 4341 1249 4420 Dei,
1267 4355 1377 4402 noune
1395 4341 1434 4400 ut
1448 4337 1507 4399 alii
1525 4335 1584 4416 qui
1611 4337 1695 4398 oeci-

154 4445 361 4511 διδάσκυνται
381 4448 415 4513 ἐν
437 4457 476 4532 τῆ
499 4445 657 4534 ἀποτομίφ
678 4457 734 4512 τοῦ
753 4447 836 4514 Θεοῦ
858 4450 899 4513 τόι
943 4450 1077 4527 derunt,
1098 4446 1230 4509 discant
1243 4445 1278 4506 in
1300 4442 1408 4506 nimia
1430 4440 1610 4520 asperitate
1633 4439 1695 4502 Dei

19 4563 22 4580 '
154 4549 351 4636 δικαιώματα
365 4554 472 4635 αὐτοῦ,
489 4551 518 4616 οἱ
532 4553 567 4617 δὲ
580 4551 728 4637 μακάριοι
740 4552 899 4637 μανθάνω
939 4554 1070 4635 judicia
1085 4549 1168 4630 ejus,
1185 4549 1244 4612 alii
1259 4563 1338 4610 vero
1354 4546 1445 4608 beati
1457 4561 1496 4607 ea
1508 4542 1691 4606 doceantur

156 4674 205 4719 σιν
220 4655 302 4718 ama
315 4655 350 4720 ἐν
364 4665 403 4740 τῆ
418 4655 612 4741 χρηστότητι
623 4657 730 4739 αότοῦ;
746 4655 775 4719 οἱ
790 4657 846 4742 μὲν
861 4656 899 4720 ἐκ
944 4661 980 4724 in
999 4658 1107 4739 ipsius
1125 4653 1302 4718 bonitate?
1325 4651 1375 4713 illi
1392 4647 1529 4730 quidem
1544 4647 1625 4710 dum
1641 4663 1693 4744 oa-

153 4757 371 4844 δικαιυμάτυν
385 4758 469 4826 Θεοῦ
484 4758 702 4845 κολαζόμενοι,
718 4759 748 4822 οἱ
763 4759 798 4824 δὲ
815 4761 899 4825 κατὰ
943 4763 1126 4840 sugantur,
1142 4756 1178 4819 hi
1194 4773 1273 4818 vero
1289 4754 1370 4817 dum
1386 4754 1612 4816 consentanea
1627 4749 1691 4854 sibi

154 4869 216 4926 τῶν
231 4862 432 4948 ἁρμοζόντων
447 4865 552 4941 αὐτοῖς
567 4863 786 4950 τυγχάνοντες.
945 4865 1179 4947 experiuntur.

191 5104 219 5142 v.
233 5086 275 5141 67.
289 5087 393 5156 Vati,
407 5087 432 5142 5.
446 5087 481 5143 In
494 5087 552 5143 fine
573 5086 707 5158 quaedam
730 5087 821 5143 verba
842 5105 903 5142 cor·
947 5078 1379 5152 raoleotae.0f.Ephas.1v‚ssi.

155 5179 243 5246 rupta
256 5173 448 5266 emendantur
459 5191 497 5231 ex
508 5173 681 5248 paraphrasi
690 5173 836 5231 Theodori
845 5174 904 5231 He·
985 5189 1014 5230 ν.
1027 5172 1070 5242 68,
1083 5170 1126 5226 69.
1139 5168 1206 5226 Vat
1219 5166 1245 5236 4,
1259 5166 1284 5221 6
