4006 6090
851 473 1107 542 IN'PSALMOS
1688 477 1752 542 ³55

211 613 408 701 γαλωσύνην,
424 615 468 694 εἰς
483 617 541 701 τὴν
556 615 595 680 δι’
606 617 706 701 ἔργων
727 613 881 694 ἀπόδειξιν
895 636 959 702 χω-
1000 619 1076 682 dem
1088 619 1295 700 psalmorum
1305 619 1461 684 methodo
1474 619 1748 699 magnitudinem

210 726 285 803 ρεῐν.
314 718 489 803 Πρακτικοί
518 720 553 785 u
581 719 685 805 ἐροῦσι
707 721 761 784 καὶ
788 721 854 805 μετ’
865 720 958 804 ὀρθοῦ
1001 725 1062 788 Dei
1089 725 1309 803 renuntianti,
1336 741 1514 789 excurrere
1540 727 1576 789 in
1606 739 1747 807 operum

208 821 417 909 φρονήματος,
433 825 516 890 clos·
539 821 632 889 Ἔστι
654 823 787 910 ρούερδν
804 827 841 888 τά
864 825 957 910 tarre-
1001 829 1062 891 Dei
1074 829 1315 909 spectaculum.
1328 830 1401 893 Viri
1414 834 1529 893 autem
1541 830 1672 894 actuosi
1683 829 1751 894 cla-

210 938 276 994 σεῐν
291 930 335 1006 εἰς
349 939 459 1015 χεῖρας
474 929 558 998 Θεοῦ
574 929 699 1010 ζῶντος,
716 931 770 994 καὶ
789 919 843 995 τά·
858 929 956 997 Ἀλα·
1000 936 1096 995 mant
1110 937 1144 996 et
1156 937 1262 998 recte:
1279 955 1295 993 ο
1310 935 1417 1009 Quam
1429 933 1581 996 terribile
1597 937 1649 996 est
1662 933 1749 998 inci-

211 1032 328 1112 λάξατε
351 1044 395 1120 τῷ
409 1034 482 1120 Θεῷ
504 1035 538 1100 ἐν
553 1044 641 1120 φωνῇ
664 1033 893 1120 ἀγαλλιάσεως,
910 1037 958 1100 δτι
1000 1036 1078 1100 dere
1094 1038 1130 1100 in
1146 1055 1267 1101 manus
1290 1037 1351 1100 Dei
1366 1038 1528 1101 viventisl
1543 1058 1561 1097 ν
1579 1039 1623 1101 Et
1640 1036 1746 1101 illud:

208 1138 324 1226 Κύριος
350 1142 489 1227 ὕψιστος,
517 1139 658 1226 ροδερὸς,
687 1139 834 1227 βασιλεὺς
857 1139 956 1226 μέγας
1003 1142 1188 1204 «Exultate
1201 1142 1316 1204 Deoin
1335 1158 1416 1204 voce
1429 1142 1748 1224 exaltationisque·

208 1243 530 1330 telmessenses.
543 1243 726 1330 Ταύταγάρ
739 1243 778 1310 δι’
791 1243 888 1310 αὐτοῦ
901 1253 956 1308 τοῦ
999 1245 1092 1307 niam
1107 1245 1272 1308 Dominus
1287 1245 1483 1323 altissimus,
1500 1244 1672 1324 terribilis,
1687 1261 1747 1308 rex

213 1345 376 1432 ιροδεῐαδαι
386 1350 442 1413 καί
453 1345 548 1425 σίδας
560 1349 644 1434 ἔχειν
651 1347 959 1434 Θεούδιηγήσονται
1000 1365 1147 1428 magnus
1164 1366 1265 1430 super
1280 1366 1413 1412 omnem
1433 1353 1596 1412 terram.»
1620 1351 1699 1413 Ηωο
1714 1366 1748 1414 e·

209 1451 244 1516 u
258 1453 314 1517 καί
328 1451 370 1529 ύς
385 1451 484 1537 πέρας
500 1454 544 1538 μὴ
560 1453 699 1538 ἔχουσαν
721 1453 818 1517 αύτοῠ
833 1455 892 1538 τὴν
904 1473 957 1539 με·
999 1451 1744 1518 nimfiuntDeotimoremdandoethonorem.

208 1556 405 1643 γαλωσύνην,
421 1557 458 1621 ού
480 1555 730 1643 περιγράψαντες
745 1555 868 1642 γνώσει,
884 1556 956 1621 ἀλλ’
998 1555 1216 1619 Enarrabunt
1230 1560 1344 1618 autem
1367 1555 1441 1635 ejus
1460 1558 1745 1640 magnitudinem,

209 1659 251 1738 ὣς
266 1662 363 1726 ούσαν
386 1661 623 1746 ἀκατάληπτον.
639 1660 743 1739 Μόνος
766 1664 829 1748 γάρ
852 1661 955 1740 δΥίὸς
999 1663 1173 1741 tamquam
1195 1677 1311 1723 omnes
1338 1661 1429 1724 ultra
1450 1660 1535 1725 fines
1558 1668 1747 1741 transgres-

207 1765 354 1852 γινύσκει
368 1763 564 1851 τδνΠατίρα
579 1765 788 1851 καίδΠατηρ
803 1769 856 1831 τὸν
871 1765 953 1831 rito·
1000 1779 1081 1844 sam,
1110 1780 1220 1845 neque
1246 1765 1317 1827 ullo
1347 1769 1512 1846 conceptu
1537 1766 1748 1830 circumscri-

208 1871 236 1936 εί
247 1869 282 1934 δὲ
292 1869 348 1934 καί
358 1868 577 1934 ἀποκαλύπτει
589 1871 643 1935 τὸν
650 1869 781 1955 Πατέρα
792 1872 838 1947 οίς
850 1870 956 1956 βούλε-
1000 1871 1102 1946 ptam,
1119 1866 1221 1928 immo
1237 1869 1379 1944 cognitu
1391 1868 1599 1950 imperviam.
1618 1871 1742 1934 «solus

118 1983 119 1986 ’
208 1972 604 2058 ται,ἀλλόύνι1ιςὲρικτὸν
617 1983 779 2059 γεννητοῖς
792 1975 867 2040 ἰδεῖν
882 1974 955 2039 κατ’
999 1971 1090 2034 enim
1114 1970 1222 2034 Filius
1240 1973 1335 2035 novit
1357 1973 1490 2036 Patrem
1513 1978 1548 2038 et
1569 1973 1668 2038 Pater
1690 1975 1743 2038 lli·
1859 1999 1865 2016 ·

196 2075 389 2162 ἀναλογίαν,
411 2078 480 2162 ἣτις
495 2079 562 2164 ἔχει
577 2077 854 2163 προπαρασκευην.
874 2077 954 2143 Ἀλ-
1000 2076 1118 2139 lium.»
1138 2075 1269 2153 Quodsi
1281 2077 1407 2158 quibus
1421 2079 1497 2140 vult
1508 2079 1641 2142 Patrem
1653 2095 1747 2143 rere-

208 2182 269 2259 λως
282 2181 327 2262 δὲ,
343 2180 606 2268 θαυμάσιάρησι,
619 2185 659 2248 τά
673 2181 951 2269 ἐπέὐεργεσίριτι-
998 2181 1056 2259 lat,
1080 2197 1148 2243 non
1171 2182 1237 2245 nisi
1260 2188 1426 2262 quantum
1447 2183 1525 2246 licet
1547 2184 1748 2250 mortalibus

207 2294 268 2352 νῶν
279 2284 434 2372 γενόμενα
444 2285 607 2372 θαύματα·
623 2284 765 2371 ραδερων
777 2287 812 2352 δὲ
823 2287 952 2374 δύναμιν
1000 2285 1126 2348 intueri
1141 2302 1201 2366 per
1218 2287 1424 2366 analogiam,
1443 2303 1520 2368 qum
1540 2292 1591 2351 est
1605 2288 1746 2354 visionis

208 2393 248 2454 τά
266 2389 318 2455 ἐπὶ
332 2399 371 2474 τῇ
387 2387 519 2476 τιμωρίᾳ
535 2388 753 2475 συμδαίνοντα,
777 2393 842 2457 οίον
858 2392 953 2478 ἐμάσ-
998 2391 1207 2470 praeparatio.
1233 2423 1271 2436 ·-
1296 2391 1372 2454 Alio
1400 2396 1515 2454 autem
1537 2409 1649 2470 sensu,
1677 2395 1746 2455 stu·

207 2494 288 2574 τιξεν
315 2491 514 2579 Αἰγυπτίους,
537 2496 593 2558 καί
615 2495 649 2560 ἐν
671 2493 778 2581 ἐρήμῳ
795 2489 854 2560 ’τὸν
875 2494 955 2563 λαὸν
997 2491 1117 2574 penda,
1141 2493 1262 2574 inquit,
1286 2495 1451 2558 miracala
1473 2495 1563 2560 lacta
1583 2499 1665 2559 sunt
1684 2512 1745 2578 pro

208 2599 412 2688 εὐηργέτησε,
429 2600 457 2665 εί
472 2602 526 2665 καί
541 2599 726 2684 παραδόξως
741 2600 900 2687 ἑκάτερον.
997 2594 1190 2675 aliquorum
1213 2596 1390 2661 hominum
1420 2596 1602 2663 beneficio:
1633 2599 1748 2662 formi-

998 2697 1114 2762 dolosa
1134 2704 1248 2764 autem
1271 2703 1381 2766 virtus
1401 2707 1464 2781 est,
1479 2704 1514 2765 in
1537 2702 1592 2765 his
1614 2718 1688 2783 qun
1704 2703 1747 2766 ad

998 2803 1236 2881 castigandum
1249 2811 1445 2886 evenerunt,
1459 2806 1575 2888 qualia
1586 2804 1679 2869 dedit
1689 2804 1749 2870 lla·

1000 2908 1094 2986 gella
1108 2909 1288 2991 aegyptiis,
1305 2912 1339 2972 et
1353 2915 1482 2991 quanta
1497 2911 1533 2974 in
1544 2910 1676 2974 deserto
1690 2911 1747 2974 be-

998 3011 1120 3076 neficia
1134 3013 1257 3095 populo
1273 3013 1382 3077 dedit:
1405 3019 1589 3096 utrumque
1606 3015 1696 3080 euim
1712 3031 1745 3079 o-

998 3116 1169 3197 pinionem
1185 3123 1335 3198 superat.

250 3235 283 3283 v.
294 3219 324 3283 9.
334 3201 482 3303 Χρηστδς
494 3216 611 3303 Κύριος
623 3216 891 3305 τοῐςύττομίνουσι,
900 3220 955 3283 καί
1041 3235 1073 3282 v.
1086 3221 1116 3282 9.
1129 3220 1249 3284 Sonuit
1263 3225 1312 3287 est
1325 3222 1484 3287 caninos
1497 3223 1743 3314 ιαοίίιοοαίίύιιο,

208 3321 238 3388 οἱ
251 3323 404 3409 οἰκτιρμοί
426 3324 523 3388 αὐτοῦ
545 3323 598 3388 ἐπὶ
621 3322 726 3389 πάντα
743 3323 784 3387 τά
806 3323 886 3408 ἔργα
901 3323 955 3387 αύ-
997 3329 1029 3390 et
1055 3321 1278 3390 miserationes
1303 3327 1375 3408 οράσ
1395 3343 1493 3408 saper
1517 3329 1625 3394 onmia
1651 3346 1746 3410 opera

204 3435 270 3492 τού.
997 3429 1077 3510 ejus

247 3529 344 3618 Ὁρᾷς
366 3531 450 3609 δπως
464 3530 578 3611 ἔδειξεν
593 3529 641 3596 δτι
654 3530 793 3617 χρηστάς
808 3531 875 3596 ἐστι
889 3540 954 3610 τοῖς
1041 3534 1142 3598 Vides
1162 3534 1328 3614 quomodo
1343 3534 1492 3600 declaret
1512 3554 1653 3601 suavem
1669 3555 1741 3602 esse

203 3636 361 3721 σύμπασιν
375 3637 460 3701 κατά
481 3637 516 3700 τὸ
531 3637 565 3702 ἐν
587 3632 790 3721 εύαγγελίοις,
814 3637 861 3700 δτι
877 3635 953 3702 ἀνα-
997 3638 1179 3701 Dominum
1192 3639 1359 3702 universis
1371 3638 1472 3718 Juxta
1482 3641 1625 3704 verbum
1640 3659 1741 3706 evan-

203 3737 307 3804 τίλλει
321 3740 374 3804 τὸν
389 3738 478 3823 ἣλιον
494 3739 545 3804 ἐπί
561 3726 717 3824 πονηρούς
732 3741 788 3804 καί
802 3737 950 3825 ἀγαθούς,
997 3741 1157 3819 gelicum:
1172 3763 1189 3801 ι
1202 3743 1312 3806 Solem
1329 3743 1409 3805 oriri
1426 3743 1507 3805 iacit
1517 3761 1620 3825 super
1635 3746 1740 3808 malos

203 3845 257 3910 καί
272 3841 380 3930 βρέχει
394 3842 446 3907 ἐπὶ
461 3842 600 3922 δικαίους
616 3845 670 3909 καί
686 3842 824 3921 ἀδίκους.
997 3849 1032 3908 et
1052 3844 1167 3924 bonos,
1183 3850 1217 3908 et
1235 3847 1323 3926 pluit
1344 3863 1446 3927 super
1464 3846 1575 3927 justos
1598 3855 1632 3912 et
1656 3849 1741 3929 inju-

996 3953 1107 4013 stoa.»

251 4073 282 4118 v.
310 4055 359 4119 10.
383 4037 751 4139 Ἐξομολσγησάσθωσάν
770 4072 828 4135 σοι,
844 4050 951 4138 Κύριε,
1040 4055 1140 4117 v.10.
1160 4053 1456 4138 Οοιρῖιοοιιίννίιύί,
1476 4055 1620 4136 Domine,
1635 4058 1743 4122 amaia

203 4156 306 4223 πάντα
322 4158 362 4222 τά
376 4158 456 4242 ἔργα
478 4176 545 4240 σου,
563 4158 618 4221 καί
632 4157 662 4221 σί
685 4155 765 4222 ὅσιοί
785 4174 842 4222 σου
865 4157 952 4222 εύλο-
995 4175 1091 4240 opera
1105 4161 1173 4238 tua,
1191 4164 1223 4225 et
1237 4159 1343 4224 σαιιοίί
1357 4159 1408 4223 tat
1421 4158 1606 4225 benedicant
1618 4159 1688 4226 titi.

202 4261 406 4346 γησάτωσαν.
1556 4283 1564 4292 ·

247 4363 313 4431 Νῦν
327 4366 406 4450 ἔργα
421 4365 477 4444 τάς
500 4365 608 4451 φύσεις
623 4366 680 4443 τάς
702 4367 832 4452 λογικάς
846 4363 950 4450 λέγει·
1038 4369 1135 4433 Nunc
1142 4386 1245 4450 opera
1255 4367 1338 4432 dicit
1348 4370 1518 4450 spiritales
1529 4374 1679 4449 naturas,
1691 4375 1743 4432 ut

203 4459 296 4535 αύταῑ
309 4471 371 4555 γάρ
392 4469 570 4554 πεφύκασιν
590 4468 846 4555 ἐξομολογεῖσθαι
868 4468 948 4554 Θεῷ.
994 4477 1072 4554 pote
1095 4487 1171 4553 qua
1195 4473 1346 4536 existunt
1375 4471 1419 4537 ad
1447 4474 1630 4538 Dominum
1657 4475 1743 4536 cele-

202 4573 242 4640 Εί
256 4575 292 4640 it
307 4571 527 4662 ἀναπίμπεταί
540 4595 585 4651 τις
600 4573 825 4661 ἐξομολόγησις
844 4576 899 4639 καί
914 4574 949 4640 ἀ·
994 4575 1172 4640 brendam.
1195 4576 1230 4640 Si
1245 4581 1360 4639 autem
1376 4576 1530 4657 quaedam
1553 4579 1627 4641 laus
1643 4596 1664 4640 a
1678 4595 1741 4641 cm·

204 4680 245 4742 πὸ
256 4687 314 4764 της
324 4677 438 4764 λοιπῆς
449 4677 581 4755 κτίσεως
593 4687 649 4763 της
662 4687 853 4764 σωματικῆς,
869 4677 950 4756 Θεὸς
996 4680 1076 4744 teris
1087 4679 1251 4742 creaturis
1259 4681 1426 4761 corporeis
1439 4681 1740 4761 mittitursursum,
1877 4697 1883 4704 ·

204 4782 243 4848 ἀν
259 4782 369 4848 είδειεν
384 4784 440 4847 καί
454 4782 483 4846 cl
495 4780 606 4846 τούτου
621 4781 715 4866 φίλοι.
995 4784 1029 4848 id
1045 4785 1134 4847 Deus
1150 4801 1219 4846 ana
1233 4799 1312 4846 cnm
1334 4783 1452 4846 amicis
1469 4784 1683 4848 intellexerit.

248 4907 279 4950 ν.
299 4889 350 4952 13.
366 4885 406 4951 Ἥ
424 4884 567 4972 βασιλεία
582 4907 648 4968 σου,
666 4884 811 4971 βασιλεία
826 4889 950 4956 πάντων
1038 4905 1070 4950 v.
1089 4889 1138 4950 13.
1155 4889 1300 4969 Rectam
1324 4891 1425 4965 tuom,
1447 4903 1582 4969 καρκίνοι
1600 4891 1740 4954 omnium

237 5038 265 5076 v.
277 5021 303 5076 9.
316 5020 383 5075 Vct
397 5020 421 5074 5.
435 5017 541 5074 Matth.
556 5035 583 5088 r,
595 5017 639 5073 45.
994 5016 1065 5072 bera
1076 5014 1224 5071 memoria
1243 5014 1329 5071 Solus
1344 5013 1479 5070 Nobilius
1492 5015 1547 5071 hos
1559 5033 1662 5074 versus
1675 5018 1743 5074 cbe-

235 5124 264 5163 v.
278 5107 312 5164 10
323 5107 390 5162 Vat.
403 5106 429 5161 5.
994 5105 1024 5160 1ο
1042 5102 1164 5174 notavit,
1177 5120 1230 5160 noe
1247 5101 1314 5174 nisi,
1326 5106 1360 5158 ut
1378 5101 1502 5175 videtur,
1516 5121 1552 5160 ex
1566 5104 1677 5162 scholio
1690 5125 1740 5162 no-

234 5210 262 5250 v.
276 5194 318 5249 la
330 5192 398 5250 Vnt.
416 5193 442 5263 5,
455 5193 481 5264 6,
499 5192 539 5248 12.
559 5191 579 5249 J
580 5207 646 5248 cant
657 5205 730 5260 ινιτ,
744 5190 786 5262 11,
804 5191 847 5262 al,
860 5209 897 5248 ex
915 5191 949 5248 li·
996 5195 1067 5248 stro.
