4006 6090
721 410 764 472 IN
788 409 988 473 PSALMUM
1012 410 1145 472 CXVIII
1668 408 1733 471 287

189 551 244 614 καί
259 549 372 634 γενεὰν
386 549 445 634 την
461 545 629 632 δευτέραν·
652 550 692 614 ea
706 545 741 614 δε
764 547 849 613 ἄλλα
863 547 937 634 ἔθνη
984 552 1062 632 rius,
1093 551 1153 615 sed
1177 569 1199 613 o
1225 552 1448 630 generatione
1477 550 1588 632 priore
1615 550 1657 614 ad
1679 567 1736 632 po-

191 653 419 737 πεπλόινηνται,
436 653 488 717 ότε
500 653 534 716 δὲ
546 649 633 736 καίὴ
649 651 787 739 προτέρα
801 656 896 739 γενεόι
911 654 941 718 ἐ·
984 657 1170 720 steriorem.
1187 657 1273 720 Aliae
1288 659 1404 718 autem
1422 659 1542 734 gentes
1562 659 1733 734 errarunt3

188 755 301 837 ξὲύαλε
316 757 375 840 τὴν
390 754 551 840 ἀληθειαν,
575 758 630 820 καί
645 757 747 822 εἶπεν·
765 756 854 842 Αίρε,
871 756 940 841 αἶρε
986 760 1122 840 quaudo
1139 764 1253 824 autem
1266 761 1358 840 prior
1370 760 1548 838 generatio
1561 776 1582 820 a
1593 759 1736 822 veritate

191 861 254 924 ἀπό
268 869 326 944 της
348 869 408 945 γης
427 862 481 925 τόν
503 870 654 942 τοιοῦτον,
679 859 893 947 μεταύὲύηκεν
915 858 937 944 ἡ
984 854 1120 943 excidit,
1137 869 1170 927 et
1185 865 1359 928 clamavit:
1379 863 1502 942 «Tolle,
1517 864 1597 926 tolle
1611 881 1629 926 e
1644 869 1735 926 terra

190 962 324 1049 ἀλήθεια
339 962 394 1027 ἀπ’
405 961 531 1046 ἐκείνης
553 973 611 1049 της
625 973 736 1048 γενεᾶς
756 963 807 1027 ἐπὶ
822 961 940 1047 ταύτην
985 971 1088 1034 talem
1100 969 1305 1048 homiuem»,
1319 967 1540 1032 transmeavit
1555 968 1680 1030 veritas
1692 965 1734 1029 ab

189 1070 247 1154 την
262 1067 383 1153 γενεόιν.
397 1105 439 1114 -
451 1065 488 1132 Ὁ
501 1067 533 1132 ἐν
546 1077 691 1152 προκοπῇ
703 1067 870 1153 γενόμενος
882 1067 938 1130 καί
985 1073 1049 1137 bae
1076 1073 1297 1152 generatione
1325 1073 1362 1135 iu
1388 1073 1540 1135 alteram.
1558 1105 1597 1115 -
1615 1069 1679 1145 Qui
1697 1070 1733 1132 in

189 1170 393 1256 ὑψηλοτέρων
405 1172 537 1236 ἅπτεται
548 1169 723 1256 δογμάτων,
743 1171 823 1235 ὥστε
839 1169 940 1235 ἀιδίου
984 1194 1173 1260 progressu
1184 1177 1338 1240 veritatis
1355 1181 1415 1254 est,
1427 1193 1467 1238 ao
1478 1173 1734 1238 sublimioribus

189 1275 296 1363 Λόγου
311 1285 367 1341 τοῦ
382 1275 507 1360 Πατρός
524 1276 737 1361 μνημονεύειν,
754 1278 808 1341 καί
824 1277 870 1340 τό·
885 1274 941 1341 Ἐν
986 1283 1160 1364 mysteriis
1184 1282 1358 1361 inseritur,
1385 1280 1548 1362 propheta
1575 1281 1672 1359 quasi
1694 1297 1737 1342 ae-

190 1380 275 1467 ἀμχῇ
290 1380 331 1464 ἠν
346 1378 488 1465 όΛόγος,
505 1382 673 1466 μονονουχὶ
688 1379 800 1465 λέγων,
813 1381 868 1444 καὶ
882 1389 939 1465 της
985 1391 1122 1451 ternum
1135 1387 1245 1450 Patris
1257 1386 1400 1449 verbum
1411 1389 1585 1463 memorat,
1601 1387 1735 1447 tantum

134 1473 138 1484 ’
190 1482 429 1569 διακοσμήσεως
458 1493 513 1548 τοῦ
539 1487 655 1562 παντὸς
684 1493 792 1570 σαφῶς
823 1483 940 1569 δούλην
986 1509 1054 1555 non
1085 1491 1219 1556 diceus:
1253 1493 1326 1553 «ln
1357 1491 1524 1573 principio
1547 1492 1619 1552 erat
1655 1491 1736 1552 Ver·

191 1589 289 1653 αότοῦ
303 1587 403 1652 κτίσιν
419 1589 546 1652 όπασαν
562 1585 728 1652 ἀποκαλεῖ.
746 1625 788 1636 -
804 1587 859 1656 Ἐν
871 1597 940 1666 ταῖς
984 1595 1108 1677 bum‚›>
1127 1600 1161 1660 et
1176 1595 1353 1660 manifeste
1369 1611 1498 1657 memor
1513 1594 1618 1657 totius
1638 1611 1735 1656 mun-

191 1691 387 1778 ἐπουμανίοις
404 1693 570 1780 δυνάμεσιν
587 1695 671 1759 ότοῦ
686 1692 770 1760 Θεοῦ
784 1694 879 1780 λόγος
891 1694 941 1758 ἀεί
984 1700 1029 1781 di,
1046 1701 1208 1764 famulam
1223 1700 1405 1764 conditoris
1421 1702 1584 1763 oonvooat
1599 1699 1735 1761 uuiver-

190 1797 327 1884 διαμένει
350 1795 517 1886 ἀκίνητος·
540 1797 665 1864 δυνατοί
686 1799 749 1884 γὰρ
770 1800 814 1876 είς
838 1799 938 1886 ἰσχὺν,
984 1823 1057 1870 som
1077 1811 1277 1870 ereaturam.
1299 1840 1338 1851 ·-
1356 1807 1395 1867 In
1416 1803 1609 1867 ooelestibus
1629 1803 1736 1865 virtu·

190 1910 352 1978 ποιοῦντες
367 1903 421 1966 τόν
436 1901 530 1988 λόγον
546 1904 652 1967 αύτοῦ.
983 1910 1076 1973 tibus
1091 1911 1233 1974 verbum
1252 1909 1314 1974 Dei
1342 1913 1519 1990 permanet
1544 1907 1734 1972 immobile:

984 2019 1126 2097 possunt
1141 2015 1232 2078 euim
1250 2013 1442 2094 confortari,
1472 2013 1634 2078 facientes
1661 2030 1735 2076 ver-

987 2119 1069 2183 bum
1086 2120 1190 2183 illius.

232 2236 264 2280 v.
281 2218 333 2281 91.
351 2214 399 2301 Tr]
415 2213 553 2294 δικτάξει
565 2235 621 2281 σου
637 2212 940 2303 διαμένειὴημίρα,
1028 2240 1060 2286 ν.
1077 2226 1128 2288 91.
1147 2222 1352 2288 ordinatione
1374 2225 1627 2304 temperamenti
1648 2220 1728 2303 dies,

189 2321 287 2386 ότιτό
302 2318 469 2404 σύμπαντα
487 2319 585 2385 δοῦλα
600 2320 651 2386 σά.
985 2328 1140 2411 quoniam
1154 2328 1424 2393 ονκκύιεσποόιιιιί
1436 2327 1504 2391 δι’δι’.

233 2423 272 2489 Εἰ
288 2426 327 2489 τόι
343 2424 510 2510 σύμπαντα
524 2423 624 2489 δοῦλα
638 2433 695 2487 τοῦ
711 2422 808 2507 Θεοῦ,
827 2433 893 2502 πῶς
908 2424 941 2490 ἐν
971 2473 974 2480 1
1029 2434 1065 2499 Si
1088 2434 1202 2498 omnia
1227 2434 1298 2497 Deo
1320 2433 1484 2512 serviunt,
1509 2431 1674 2513 quomodo
1698 2431 1734 2494 in

189 2537 257 2605 ταῖς
272 2527 457 2614 Παροιμίαι
480 2527 631 2614 Σολομὼν
646 2530 717 2610 περὶ
740 2539 796 2593 τοῦ
822 2529 941 2615 adnuo·
985 2538 1177 2603 Proverbiis
1193 2538 1349 2601 salomon
1365 2536 1406 2599 de
1422 2535 1562 2599 fornica
1583 2536 1648 2598 ait:
1665 2536 1738 2597 ιιι-

189 2632 245 2709 κός
261 2652 373 2717 φησιν·
388 2632 538 2714 Ἐκεῖνος,
555 2628 708 2717 γεωργίου
723 2635 766 2718 μὴ
783 2633 941 2718 ύπόιρχον-
988 2645 1063 2722 «la,
1086 2661 1164 2706 oum
1181 2643 1213 2706 ei
1229 2659 1297 2704 non
1316 2643 1362 2705 sit
1383 2641 1527 2720 agellus,
1546 2657 1656 2721 neque
1679 2640 1737 2701 ha·

189 2757 252 2818 rog,
271 2737 351 2822 μηδὲ
366 2738 419 2800 τὸν
434 2735 657 2821 ἅναίκάζθνῖα
673 2737 766 2822 gidib
784 2737 864 2823 μηδὲ
880 2737 940 2802 ύπδ
988 2747 1100 2812 «beat
1119 2746 1178 2828 qui
1199 2763 1274 2809 eam
1292 2749 1403 2824 cogat,
1423 2761 1534 2825 neque
1549 2744 1613 2807 sub
1635 2743 1740 2806 domi·

191 2839 346 2923 δεσπόῖῦν
361 2839 414 2920 ὢν,
437 2838 635 2925 &mistim
656 2839 771 2925 θέρους
794 2843 853 2926 τὴν
869 2863 940 2926 τρο·
988 2870 1066 2916 «πο
1088 2853 1272 2916 oonstItuta
1287 2850 1342 2929 sit,
1358 2853 1530 2929 comparat
1544 2852 1658 2910 aestate
1678 2847 1739 2909 ali·

191 2943 271 3029 φήνς
298 2943 364 3009 Καί
389 2943 476 3029 τάχα
501 2945 640 3010 τοιοῦτόν
663 2945 730 3010 ἐστι
751 2948 787 3010 τό
810 2947 844 3010 ὲν
872 2955 940 3024 ταῖς
988 2956 1195 3018 omentum?
1212 2975 1229 3012 »
1259 2956 1413 3017 Fortasse
1428 2953 1478 3016 sio
1501 2951 1536 3014 in
1552 2951 1742 3032 proverbiis

191 3045 376 3133 Παροιμίαις
407 3047 586 3134 λεγόμενον,
617 3048 809 3126 &trinsiunt
843 3049 938 3136 νόμον
986 3059 1135 3136 legitur,
1158 3056 1248 3137 quod
1278 3056 1419 3119 formica
1444 3072 1555 3136 neque
1577 3053 1641 3118 sub
1663 3055 1741 3132 lege
1822 3119 1827 3130 ,

193 3154 236 3236 μὴ
261 3153 344 3237 ἔχων
365 3152 420 3216 τόν
442 3151 738 3237 καταναγκάζοντα,
762 3150 842 3238 μήτε
864 3152 943 3239 γνύ-
987 3178 1061 3224 eam
1076 3166 1219 3238 oogente
1236 3161 1355 3242 posite,
1379 3175 1488 3239 neque
1504 3159 1742 3241 seientiaprae·

194 3277 274 3332 σεως
298 3254 435 3340 μέτοχος
458 3255 510 3338 ὢν,
534 3255 733 3342 ἑτοιμόζεται
754 3256 869 3342 δέρους
884 3261 942 3344 τὴν
986 3265 1078 3344 dite,
1105 3264 1220 3328 eibum
1252 3265 1287 3326 iu
1319 3268 1435 3326 aestote
1469 3265 1576 3343 parat.
1604 3264 1741 3326 Etenim
1780 3271 1783 3278 '

192 3358 322 3445 τροφήν.
353 3355 390 3426 Ὁ
421 3358 501 3439 Θεὸς
538 3362 600 3447 γὰρ
630 3361 786 3448 δεσπότης
816 3361 942 3447 λέγεται
987 3372 1077 3433 Deus
1089 3368 1216 3450 duplioi
1228 3368 1326 3431 modo
1338 3368 1502 3431 Dominus
1515 3365 1649 3446 dieitur,
1665 3367 1738 3430 sive

191 3463 320 3542 δίττως·
342 3464 422 3551 ἢὼς
438 3465 635 3552 δημιουργός,
652 3468 673 3553 ῆ
695 3466 736 3545 ὡς
751 3468 941 3555 γινωσκόμε-
987 3476 1182 3551 mereator,
1198 3473 1269 3536 sive
1286 3475 1325 3534 ut
1346 3472 1489 3534 seientia
1508 3475 1618 3533 notus.
1643 3469 1739 3533 Unde

189 3589 260 3646 νος·
277 3568 323 3632 διό
345 3573 400 3634 καὶ
422 3569 549 3647 Παῦλος
572 3571 704 3656 γράφει·
720 3569 798 3637 Νυνὶ
819 3571 941 3636 ἐλευθε-
987 3579 1114 3640 Paulus
1129 3577 1263 3640 soribit:
1290 3578 1415 3640 «Nuno
1434 3575 1603 3638 liberatio
1626 3593 1742 3657 μεσου-

191 3672 340 3757 ρωθέντες
357 3674 412 3758 μὲν
428 3672 491 3738 ἀπό
507 3682 566 3757 της
589 3672 754 3759 ἁμαρτίας,
770 3674 940 3742 δουλωθέν-
987 3686 1033 3762 to,
1060 3682 1149 3744 servi
1172 3681 1254 3758 faeti
1269 3681 1350 3744 estiS
1373 3681 1452 3760 Deo,
1467 3699 1484 3738 »
1507 3679 1666 3742 videlieet
1691 3697 1741 3743 se·

191 3799 243 3856 τες
266 3779 302 3843 δὲ
324 3789 368 3865 τῷ
391 3780 473 3865 Θεῷ,
493 3779 639 3864 δηλονότι
661 3779 734 3845 κατ’
746 3780 862 3867 ἀρετὴν
885 3784 940 3847 καί
986 3781 1136 3848 eundum
1157 3784 1318 3847 virtutem
1342 3786 1376 3845 et
1389 3783 1577 3846 seientiam.
1604 3804 1621 3842 κ
1635 3783 1743 3846 Habe·

191 3892 314 3969 χνῦσιν,
331 3885 422 3969 ἔχετε
444 3885 497 3948 τόν
520 3885 642 3968 καρπόν
664 3884 750 3970 ὑμῶν
765 3885 809 3962 είς
834 3885 943 3970 ἁγιασ-
990 3888 1066 3951 «tis
1095 3886 1245 3950 fructum
1267 3891 1418 3950 vestrum
1445 3887 1481 3950 in
1503 3887 1740 3951 sanctificatio·

194 3991 263 4073 μόν,
279 3988 315 4051 τό
331 3986 365 4050 δὲ
387 3985 478 4063 τέλος
502 3987 587 4073 ζωην
610 3987 743 4054 αίύνισν.
767 3988 807 4054 Ei
829 3989 864 4052 δὲ
886 3998 942 4054 τοῦ
991 4007 1111 4070 «nem,
1132 3989 1236 4053 finem
1247 4007 1327 4054 vero
1339 3991 1445 4052 vitam
1458 3995 1630 4053 [eternam.
1644 4011 1661 4048 ν
1675 3990 1739 4054 Sed

191 4091 333 4156 τοιούτου
349 4091 458 4168 τέλους
470 4092 598 4178 ἄμοιρός
614 4093 872 4179 ἑστινόμύρμηξ,
886 4094 941 4178 δη·
989 4092 1154 4174 ejusmodi
1177 4091 1403 4175 finisoompos
1426 4111 1494 4156 nou
1517 4096 1569 4157 est
1591 4093 1741 4173 formica,

191 4194 297 4260 λονότι
311 4197 366 4260 καί
381 4195 498 4280 ταύτης
512 4205 569 4281 τῆς
585 4195 738 4274 δουλείας.
754 4196 871 4274 Καλῶς
887 4199 942 4263 σύν
988 4201 1233 4280 consequenter
1260 4214 1322 4260 neo
1345 4198 1445 4261 istius
1477 4203 1529 4260 est
1557 4200 1741 4262 servitutis.

192 4296 321 4383 λέγεται
334 4301 376 4384 μὴ
394 4300 473 4364 είναι
485 4301 545 4364 ύπό
557 4299 713 4386 δεσπότην
729 4303 814 4367 κατὰ
825 4301 944 4388 ταύτην
988 4303 1132 4367 Pulohre
1156 4319 1239 4380 ergo
1262 4303 1386 4366 dieitur
1412 4301 1553 4365 formica
1576 4319 1645 4364 non
1668 4319 1741 4366 esse

195 4404 254 4489 τὴν
269 4403 463 4469 δεσποτείαν.
989 4408 1053 4471 sub
1068 4406 1214 4485 domino,
1231 4405 1381 4469 dominio
1397 4406 1445 4468 ita
1459 4411 1607 4487 aooepto.

239 4528 271 4572 v.
287 4509 339 4572 92.
356 4507 396 4572 El
407 4509 451 4592 μὴ
469 4507 544 4573 ότιό
560 4507 653 4595 νόμος
672 4530 729 4573 σου
743 4507 860 4595 μελέτη
874 4530 944 4596 μου,
1033 4529 1065 4574 v.
1083 4511 1133 4574 92.
1150 4510 1230 4574 Nisi
1244 4507 1328 4591 qood
1348 4509 1401 4573 leo
1416 4513 1473 4573 ίιιπ
1491 4509 1657 4574 meditatio
1672 4527 1742 4576 otto

195 4609 266 4675 τότε
282 4611 320 4675 όν
336 4610 510 4696 ἀπωλόμην
525 4614 559 4676 ὲν
574 4622 613 4697 τη
629 4610 814 4678 ταπεινώσει
831 4634 900 4698 μου.
989 4619 1048 4694 est,
1060 4611 1458 4694 temsereperiissemia
1468 4613 1741 4679 nubilitatem.

232 4803 259 4841 v.
273 4786 316 4840 91.
328 4785 396 4841 Vat-
410 4786 453 4840 12.
479 4785 567 4843 Prov.
581 4803 621 4843 vr.
634 4788 658 4843 6.
671 4787 757 4843 Rom.
778 4805 819 4854 vr,
842 4789 884 4859 18,
902 4787 947 4844 28.
989 4787 1097 4859 inepte,
1110 4783 1155 4839 uti
1166 4799 1291 4840 nervose
1304 4781 1434 4838 ostendit
1447 4783 1634 4840 doctissimus
1652 4784 1746 4841 abbas

198 4869 602 4944 Ct'.deoiolog.x1rinSpioil.
617 4873 947 4944 Solesm.11r,349.Tam
990 4874 1111 4944 Moigno
1128 4870 1161 4926 in
1178 4870 1276 4942 amplo
1289 4886 1394 4942 opere:
1420 4871 1476 4926 bea
1494 4871 1657 4942 τρίεκιίεκνο
1671 4872 1704 4927 de
1717 4874 1745 4928 la

198 4963 314 5017 veteres
329 4958 485 5031 seriptores
504 4977 591 5030 quam
603 4959 767 5016 Salomonis
786 4961 948 5019 Proverbia
989 4961 1041 5032 soi,
1053 4977 1080 5032 p.
1091 4958 1152 5014 954.
1171 4956 1321 5012 Scholium
1331 4951 1506 5012 nostrum'in
1515 4957 1618 5014 multis
1630 4963 1746 5014 munes·

199 5045 237 5102 de
248 5043 378 5100 formioae
389 5043 577 5117 providentia
587 5046 716 5118 elogium
725 5051 891 5118 texuerunt,
900 5048 948 5104 oni
990 5051 1055 5102 tum
1066 5043 1177 5100 habent
1189 5041 1248 5098 ΒΒ.

199 5147 307 5188 annas
325 5147 384 5186 non
395 5130 482 5206 panai
506 5131 702 5189 recentiorum
721 5139 881 5206 oggerum
894 5133 947 5192 sed
1026 5150 1055 5192 v.
1069 5132 1113 5188 θλ.
1127 5131 1195 5189 Vnt.
1210 5130 1252 5188 16.
1268 5128 1380 5205 Ultima
1391 5129 1484 5189 verba
1495 5135 1611 5190 tuntum
1629 5132 1688 5190 ΒΒ.
1701 5149 1746 5190 re·
