3966 6104
772 441 835 506 ΕΡ.
853 443 907 509 ΕΤ
923 444 1047 510 MART.
1132 495 1134 500 .
1610 449 1673 514 625

134 592 209 672 χρη,
226 583 273 649 δτι
283 582 388 670 πάσης
400 585 514 672 τέχνης
528 585 586 670 την
597 581 773 669 ἐπιστήμην
788 587 880 671 ἔχων,
925 607 987 651 sua
999 588 1066 651 frui
1078 595 1213 668 queant.
1226 589 1350 653 Eodem
1363 609 1499 672 prorsus
1512 593 1609 656 modo
1622 611 1672 655 er·

134 691 163 754 εἰ
187 690 284 774 μηδὲν
306 689 546 775 ἐδημιούργησε,
571 688 672 774 μάτην
694 688 797 754 ἐδόκει
823 693 881 774 τήν
925 710 971 770 ga
985 694 1093 756 Deum
1110 695 1388 758 considerandum
1401 702 1465 761 est:
1482 699 1671 779 utquiom-

134 793 312 880 ἐπιστήμην
334 795 429 879 ἔχειν,
453 795 496 878 μή
521 793 618 857 όντων
640 801 729 856 τινων
752 793 797 868 οίς
819 793 880 858 κᾶν
925 796 978 857 nis
993 797 1103 876 operis
1118 797 1294 860 scientiam
1310 799 1420 879 babet,
1436 803 1465 864 si
1480 801 1566 866 nihil
1582 820 1674 865 crea·

133 901 181 963 δτι
196 897 376 983 ἐπιστήμων
390 899 532 984 ὑπηρχεν
548 895 733 979 δείκνυσθαι,
750 897 821 981 ήτδ
832 899 880 980 ἔρ·
924 899 1038 980 visset,
1062 899 1186 964 frustra
1205 903 1347 965 scientia
1369 905 1469 984 potiri
1482 906 1673 984 rideretur,

130 1025 189 1088 γον
211 1001 433 1086 πεποιηκέναι,
457 1001 540 1086 λέγω
563 1003 620 1086 τήν
642 996 760 1086 τέχνην
781 1002 878 1065 αὐτοῦ
925 1022 1001 1066 eum
1019 1007 1105 1068 nulli
1121 1005 1230 1070 forent
1245 1008 1369 1088 quibus
1384 1026 1419 1072 se
1434 1011 1576 1073 scientia
1591 1028 1673 1091 praa·

132 1107 167 1171 ἐν
183 1109 288 1184 αὑτοῐς
302 1116 368 1183 τοῖς
383 1108 485 1192 ἔργοις
508 1105 660 1184 ἐπιδείξαι
674 1107 879 1191 προαιρούμε·
925 1108 1033 1172 ditum
1049 1128 1121 1174 esse
1137 1113 1337 1192 ostenderet,
1360 1132 1421 1177 nee
1436 1113 1553 1178 lecerit
1579 1132 1673 1196 opus„

134 1231 204 1276 νον·
227 1213 340 1298 οὐγὰρ
363 1212 455 1296 ήρκει
469 1208 491 1294 ή
507 1209 665 1294 έπιστήμη
691 1210 781 1294 μόνη,
805 1211 879 1275 ἄνευ
924 1211 1073 1294 inquam,
1090 1234 1156 1297 quo
1172 1219 1366 1298 praestiterit
1383 1220 1560 1282 scientiam
1575 1237 1671 1282 suam

134 1323 195 1379 τῶν
210 1317 243 1380 ἐν
258 1317 303 1392 οίς
320 1315 472 1401 ὑπάρχειν
494 1315 558 1378 ἔδει
573 1322 616 1398 τῷ
637 1313 718 1399 Θεῷ.
735 1313 879 1399 Ἀχρησ-
923 1319 957 1381 in
973 1319 1065 1382 hisee
1081 1321 1238 1402 operibus
1254 1323 1450 1402 patefacere.
1467 1323 1566 1387 Haud
1581 1324 1672 1385 enim

131 1441 187 1483 τον
208 1421 270 1504 γὰρ
294 1421 388 1504 αὐτῷ,
406 1419 525 1504 μᾶλλον
547 1421 581 1484 δὲ
604 1419 700 1504 άργόν
721 1423 756 1483 τό
778 1430 879 1484 τοιού·
922 1424 1004 1485 satis
1027 1429 1099 1486 erat
1113 1425 1289 1488 scientiam
1314 1443 1385 1488 esse
1399 1428 1515 1504 solam,
1543 1426 1670 1508 absque

128 1545 183 1588 τον
199 1523 301 1609 μένειν
319 1520 482 1608 έραίνετο·
498 1523 561 1586 είτε
576 1523 704 1609 δύναμις
719 1526 778 1588 οὐκ
793 1525 875 1608 ἐνερ-
922 1526 1090 1607 operibus,
1107 1529 1231 1608 quibus
1247 1529 1333 1592 hanc
1346 1529 1381 1591 in
1394 1531 1546 1592 Decesse
1561 1536 1672 1594 osten-

127 1627 316 1713 γούσα,ούκ
331 1629 370 1694 ἂν
393 1631 568 1713 εὔχρηστος
582 1629 603 1712 ή
619 1637 663 1713 τῷ
682 1628 876 1714 κεκτημένῳ,
923 1629 956 1691 di
972 1633 1156 1710 oportebat.
1170 1635 1342 1710 Ingratum
1357 1651 1440 1712 eam,
1454 1635 1556 1696 immo
1569 1634 1671 1697 inuti-

130 1735 185 1797 καί
208 1733 325 1817 ἀγαθός
346 1733 398 1814 ὢν,
414 1733 473 1797 ούκ
489 1729 629 1796 ἀπέλαυε
652 1741 708 1816 της
724 1732 877 1817 άγαθοσύ-
922 1734 987 1796 lem
1019 1753 1155 1798 manere
1182 1738 1393 1816 apparuerit;
1428 1738 1537 1800 virtus
1564 1737 1670 1800 otiosa

127 1857 187 1921 νης
203 1839 309 1917 αὑτοῦ,
325 1839 396 1914 τοὺς
412 1832 578 1920 δεομένους
594 1836 693 1920 αὐτῆς
708 1837 767 1902 ούκ
783 1840 875 1923 ἔχων.
922 1837 1012 1900 haud
1027 1845 1126 1916 grata
1142 1839 1227 1903 foret
1239 1842 1292 1904 vel
1309 1857 1382 1904 eam
1399 1840 1546 1920 habenti,
1563 1847 1597 1904 et
1612 1840 1668 1903 bo·

129 1938 242 2023 Διόπερ
253 1939 371 2023 άγαθδς
383 1939 435 2020 ὢν,
444 1939 685 2024 ἐδημιούργησε,
699 1942 753 2005 καὶ
764 1944 804 2006 τά
816 1944 875 2007 οὐκ
922 1960 985 2004 uus
1008 1958 1114 2021 quum
1131 1945 1184 2022 sit,
1200 1960 1267 2006 non
1290 1945 1431 2022 gavisus
1447 1950 1498 2007 est
1520 1943 1669 2008 bonitate

128 2045 205 2108 ύντα
219 2041 402 2128 πεποίηκεν,
417 2044 468 2108 διά
483 2044 594 2108 τούτου
606 2044 660 2107 καί
676 2046 735 2127 πρό
749 2055 803 2110 τοῦ
818 2049 876 2131 τήν
920 2063 992 2124 sua,
1007 2045 1240 2110 deficientibus
1257 2046 1407 2127 ejusdem
1424 2049 1482 2128 qui
1502 2047 1667 2125 indigent.

129 2147 330 2232 άγαθοσύνην
360 2148 456 2212 αὐτού
493 2147 591 2226 δείξαι
620 2151 874 2235 προαιρούμενος.
920 2153 1100 2234 Propterea
1127 2155 1226 2232 Deus,
1250 2159 1366 2234 utpote
1388 2154 1505 2232 bonna,
1529 2153 1668 2232 creavit,

128 2250 225 2316 Τουτὶ
238 2253 300 2336 γάρ
323 2250 580 2335 ύπερὺαλλούσης
603 2252 725 2336 φύσεως
740 2255 824 2318 ἔστιν
840 2253 874 2318 ἀ·
920 2262 954 2317 et
965 2273 1115 2336 quaenon
1127 2264 1231 2337 erant,
1241 2257 1432 2339 feeitprius
1445 2258 1478 2322 id
1490 2259 1601 2339 ipsum
1611 2258 1669 2320 eli-

127 2354 229 2440 γαύης
252 2357 287 2418 τὸ
312 2356 390 2420 είναι
411 2364 587 2441 παρασχεῖν
614 2365 678 2434 τοῖς
705 2359 763 2420 οὑκ
789 2361 875 2423 οὖσιν
919 2377 1005 2439 gens
1027 2379 1128 2442 quam
1151 2361 1335 2425 bonitatem
1354 2380 1451 2425 suam
1475 2361 1667 2426 manifesta-

128 2455 215 2522 ποτέ.
231 2457 367 2524 Ἔπειτα
389 2461 424 2524 δὲ
439 2459 495 2522 καί
516 2459 568 2525 διὰ
583 2469 640 2546 της
663 2471 723 2526 τῶν
738 2464 875 2547 κρειττό-
919 2465 1015 2528 verit.
1031 2467 1141 2547 Hujus
1157 2467 1247 2529 enim
1263 2466 1358 2528 bonae
1370 2471 1499 2530 naturae
1511 2470 1670 2547 praestan·

126 2583 189 2626 νων
204 2561 416 2648 ὑποσχέσεως,
432 2561 455 2628 ἃ
470 2564 509 2649 δή
533 2571 598 2641 τοῖς
614 2567 689 2650 πρὸς
705 2567 802 2630 αὑτοῦ
824 2589 876 2652 γε·
918 2569 1059 2632 tissimae
1082 2574 1133 2634 est
1154 2570 1322 2634 facerent
1342 2571 1413 2634 sint
1434 2588 1474 2633 ea
1488 2588 1565 2651 quae
1587 2571 1669 2634 olim

128 2666 270 2752 νομένοις
285 2666 513 2753 ἐπηγγείλατο·
537 2668 575 2732 οὐ
593 2670 655 2754 γάρ
667 2673 703 2734 τό
718 2671 798 2734 είναι
820 2673 874 2756 μύ-
920 2690 986 2736 non
1002 2679 1107 2736 erant.
1121 2677 1295 2754 Praeterea,
1308 2674 1350 2737 ob
1363 2676 1541 2739 meliorum
1553 2693 1668 2738 rerum

126 2792 181 2835 νον
195 2771 354 2858 παρέσχεν
378 2773 493 2853 αὐτοῖς,
517 2771 601 2836 ἀλλά
616 2775 676 2844 ,καί
698 2783 760 2842 τῶν
774 2796 874 2858 κρειτ-
919 2779 1092 2859 promissa,
1109 2796 1149 2842 ea
1171 2781 1342 2859 pollicitus
1366 2784 1417 2843 est
1439 2780 1603 2843 creaturis
1626 2779 1668 2841 ab

124 2875 221 2943 τόνων
238 2876 418 2940 ἀπολαύειν.
434 2875 542 2954 Οὕτως
558 2877 655 2942 αὐτοῦ
675 2878 794 2963 ἀγαθόν
808 2881 876 2944 ἐπι·
918 2883 991 2962 ipso
1003 2882 1163 2946 conditis:
1177 2884 1385 2964 nequeenim
1397 2882 1668 2946 solumesse'illis

123 2979 281 3046 δεικνύναι
305 2981 569 3066 προαιρούμενος·
596 2982 647 3046 διά
673 2984 785 3049 τούτου
811 2987 873 3070 γάρ
917 2989 1092 3066 concessit,
1115 2987 1174 3051 sed
1190 2993 1222 3050 et
1238 2989 1305 3051 frui
1325 2988 1422 3051 bonis
1438 2987 1666 3068 amplioribus.

123 3085 178 3147 καί
194 3084 242 3149 ότι
256 3083 338 3149 ἐστίν
355 3085 522 3170 τὸάγαθὸν
537 3085 692 3172 φαίνεται,
706 3090 778 3165 τοὺς
794 3089 873 3174 χρή·
918 3094 970 3153 Ita
985 3110 1061 3156 cum
1078 3092 1222 3169 elegerit
1236 3091 1421 3154 bonitatem
1435 3108 1532 3154 suam
1545 3089 1667 3172 pande-

124 3187 237 3266 ζοντας
251 3189 344 3273 ἔχων.
362 3187 446 3273 Πρὸς
458 3190 494 3255 δὲ
506 3190 635 3272 τούτοις,
649 3195 676 3257 εἰ
693 3197 735 3280 μή
753 3194 872 3279 κόσμου
918 3215 964 3276 re,
981 3213 1022 3258 en
1040 3195 1103 3258 hoc
1120 3212 1218 3274 porro
1234 3198 1345 3276 palam
1362 3201 1413 3258 est
1428 3211 1506 3258 eum
1522 3211 1595 3258 esse
1611 3193 1667 3257 bo·

122 3291 417 3378 perscrutatricem
443 3290 461 3356 ὑ
487 3293 577 3378 Θεὸς,
606 3299 664 3380 τήν
691 3297 795 3383 ἀρχὴν
825 3299 873 3362 δτι
917 3316 1010 3378 num,
1038 3316 1144 3378 quum
1167 3297 1290 3361 babeat
1312 3299 1372 3380 qui
1399 3300 1471 3378 ipso
1498 3297 1663 3374 indigent.

123 3398 190 3461 έστί
203 3395 295 3478 Θεὸς,
313 3398 473 3482 ἄγνωστος
494 3401 545 3484 ήν,
560 3399 621 3464 οὐκ
640 3402 737 3468 όντων
752 3411 812 3468 τῶν
827 3425 872 3487 γι-
917 3406 1092 3481 Praeterea,
1109 3403 1176 3466 nisi
1198 3404 1289 3468 Deus
1305 3401 1425 3464 mundi
1440 3407 1553 3464 ortum
1570 3399 1665 3464 iecis-

124 3501 273 3599 νώσκειν.
289 3501 485 3589 δυναμένων·
522 3504 592 3569 ὅθεν
621 3505 676 3569 καί
700 3514 812 3590 γνῶσιν
846 3501 871 3590 ¹)
916 3511 977 3584 set,
992 3505 1035 3570 ab
1056 3508 1154 3570 initio
1177 3523 1255 3568 eum
1274 3523 1347 3570 esse
1370 3506 1488 3584 Deum,
1505 3506 1663 3582 ignotum

122 3607 237 3672 ἑαυτοῦ
261 3610 338 3672 τισίν
360 3607 510 3694 προάγειν
533 3606 732 3693 βουλόμενος,
755 3611 810 3674 καί
825 3611 872 3674 ότι
916 3614 997 3690 erat,
1014 3609 1248 3673 deficientibus
1272 3610 1330 3690 qui
1355 3625 1452 3673 nosse
1473 3626 1551 3672 oum
1574 3609 1664 3672 vale·
1790 3654 1798 3666 .

121 3711 206 3774 ἐστίν
228 3709 326 3788 δεῖξαι
355 3709 470 3792 θέλων,
500 3711 762 3796 ἐδημιούργησεν,
790 3713 822 3777 ἐν
846 3717 870 3800 ᾧ
914 3720 1000 3777 rent.
1019 3715 1112 3778 Unde
1128 3731 1235 3794 quum
1252 3713 1470 3776 velletinsui
1487 3712 1663 3793 ipsiusne

120 3816 258 3900 γνωστόν
273 3825 435 3902 παρασχεί
455 3815 578 3883 ἑαυτόν.
603 3816 647 3882 Τό
664 3819 720 3903 μὲν
739 3820 793 3882 οὑν
808 3817 872 3883 λοι-
913 3819 1023 3882 titiam
1048 3820 1228 3882 nonnullos
1252 3815 1428 3895 adducere,
1449 3833 1488 3878 ac
1510 3817 1662 3895 placeret

120 3923 180 3986 πόν
195 3929 251 3984 τού
267 3920 387 4006 κόσμου
410 3921 557 4006 σύστημα
572 3922 624 3986 διά
639 3925 692 3987 τόν
708 3922 870 4007 άνύρωπον
913 3922 1088 3986 ostendere
1103 3941 1138 3986 se
1155 3924 1364 4000 existentem,
1385 3922 1522 3999 creavit,
1538 3939 1605 4001 quo
1621 3941 1656 3984 a·

121 4023 284 4109 γεγονέναι
300 4023 389 4110 φημί,
406 4027 482 4109 πρός
504 4024 677 4110 ὑπηρεσίαν
697 4035 758 4092 τῶν
773 4026 869 4112 άνοιγ-
913 4035 971 4091 ctu
987 4045 1022 4090 se
1045 4025 1262 4090 manifestum
1280 4025 1368 4090 tecit.
1385 4026 1499 4101 Quoad
1515 4042 1597 4104 ergo
1609 4044 1658 4090 re-

121 4127 220 4193 καίων
235 4129 330 4214 αύτῷ,
347 4130 430 4206 ὅπως
453 4129 636 4214 δοξάζητδν
655 4129 822 4214 δεσπότην,
838 4131 869 4193 d·
913 4132 1042 4212 liquam
1070 4129 1188 4193 mundi
1215 4130 1348 4208 molem,
1376 4147 1450 4193 eam
1480 4131 1555 4192 dieo
1585 4147 1658 4211 pro-

121 4253 188 4309 πως
203 4233 239 4296 τό
253 4231 372 4320 ἀγαθόν
385 4235 428 4310 είς
440 4253 526 4310 τινας
537 4234 692 4320 ένεργήση
709 4245 764 4300 τού
776 4234 868 4303 Θεοῦ.
913 4241 988 4317 pter
1012 4235 1182 4298 hominem
1206 4234 1414 4314 fabricatam,
1439 4233 1599 4296 utendam
1625 4236 1659 4296 in

122 4335 207 4420 Ἐγὼ
222 4336 257 4400 δὲ
273 4339 327 4400 καί
349 4339 420 4421 πρὶν
436 4337 625 4424 δημιουργόν
647 4337 791 4424 γενέσθαι
814 4343 869 4404 τόν
914 4338 986 4419 ejus
1005 4337 1273 4416 necessitatibus,
1293 4343 1332 4401 ut
1354 4338 1495 4400 Domino
1515 4339 1661 4416 gloriam

121 4440 203 4506 Θεόν
233 4451 288 4505 τοῦ
317 4440 438 4526 κόσμου
469 4441 570 4518 τοῦδε,
597 4441 646 4526 ἐρ’
667 4444 712 4520 οίς
738 4443 868 4528 ἔμελλεν
913 4445 1040 4523 reddat,
1064 4443 1229 4524 quomodo
1253 4443 1312 4505 Dei
1337 4441 1470 4506 bonitas
1489 4443 1662 4506 nonnullis

119 4553 221 4610 ποιεῖν
236 4543 414 4628 τέρπεσθαι,
431 4543 525 4630 λέγω·
541 4545 686 4631 οὐδὲγάρ
702 4548 802 4632 ήργει,
819 4549 869 4611 ού
912 4548 1016 4610 fuerit
1045 4545 1215 4610 munifica.
1247 4548 1322 4623 Ego
1352 4549 1466 4608 autem
1494 4544 1567 4608 dico
1590 4543 1662 4624 J'arn

123 4645 158 4711 δέ
172 4667 249 4711 ποτε
266 4655 308 4733 τῷ
323 4646 463 4732 λογισμῷ
479 4647 733 4733 ἀνατυπούμενος
748 4651 781 4716 ἐν
797 4650 868 4716 ἑαυ-
912 4653 1019 4715 Deum
1035 4657 1218 4714 creatorem
1231 4649 1345 4730 fuisse,
1363 4653 1440 4711 ante
1456 4649 1548 4712 bunc
1563 4667 1661 4712 mun-

122 4759 176 4836 τῷ,
193 4749 351 4836 μηδέποτε
366 4753 424 4837 τήν
439 4749 617 4836 ἐπιστήμην
632 4754 794 4838 άχρηστον
809 4775 868 4818 πα·
911 4757 1002 4835 dum,
1019 4756 1108 4818 unde
1120 4753 1279 4817 delectari
1295 4751 1444 4816 debebat.
1460 4752 1559 4815 Haud
1570 4753 1660 4815 enim

119 4865 216 4941 ρείναι
232 4853 317 4942 λέγω
332 4864 387 4920 τοῦ
404 4856 498 4941 ἔργου
514 4853 659 4942 αὐτηςῖ),
676 4856 793 4923 άνωθεν
809 4861 867 4944 τήν
911 4861 1090 4938 otiabatur,
1103 4875 1213 4940 neque
1229 4874 1336 4939 quum
1349 4860 1462 4919 mente
1473 4873 1535 4920 sua
1548 4856 1661 4920 ideam

122 5129 124 5134 ·
153 5102 179 5168 l)
197 5099 267 5151 Είσίν
285 5102 353 5151 ante
364 5099 458 5165 γνῶσιν
477 5095 607 5152 abundat
628 5095 658 5152 in
671 5096 733 5152 cod.
746 5129 780 5137 -
793 5097 863 5154 Mox
945 5099 973 5168 t)
985 5097 1023 5150 Τό
1040 5099 1118 5165 έργον
1134 5099 1217 5162 αύτης
1235 5097 1335 5148 ἀνωθεν
1352 5099 1387 5162 τῇ
1404 5095 1511 5163 δυνάμει
1529 5097 1657 5161 φέροντος

115 5189 260 5252 παρασχεῖν
273 5183 311 5238 id.
848 5259 853 5268 ι
908 5184 969 5241 cod.
984 5201 1067 5256 quem
1079 5199 1138 5239 non
1151 5180 1271 5238 extrioo.
