4044 6104
948 445 1159 514 ORIGENES

889 656 1060 736 Ριαίιιειιο
1085 651 1203 734 XXI.

325 890 357 935 v.
381 871 412 935 3.
436 863 475 932 Ὀ
498 863 579 944 Θεὸς
601 885 671 951 μου,
693 863 888 950 κεκράξομαι
908 861 1031 952 ἡμέρας
1119 883 1151 929 ν.
1163 868 1291 931 θῦσαι
1301 881 1400 945 umas,
1415 861 1609 931 clamabat
1617 867 1647 930 u
1650 860 1818 947 ρενάίεαι,

280 977 358 1060 πρὸς
380 974 427 1056 σὲ,
450 973 506 1036 καί
527 971 586 1038 οὐκ
612 969 803 1053 εἰσακοῦση·
825 970 880 1034 καί
907 971 1030 1052 νυκτὸς,
1074 973 1106 1036 ct
1119 987 1184 1034 παπ
1198 969 1371 1049 exaudiam
1393 974 1426 1035 et
1439 974 1536 1049 nocte,
1557 973 1664 1034 οίιιοπ
1682 967 1725 1034 ad
1745 968 1829 1034 iusi·

283 1080 339 1146 καὸ
353 1077 413 1143 οὐκ
428 1075 473 1155 εἰς
488 1076 597 1142 άνοιαν
611 1070 692 1161 εμοί.
717 1075 814 1142 Vatic.
832 1078 906 1156 636,
925 1077 953 1138 1.
1067 1076 1228 1157 pientiam
1243 1073 1335 1139 miti.

325 1179 405 1248 Μεθ’
414 1181 609 1265 ὑποσπγμης
623 1180 685 1265 γὸιρ
707 1175 944 1264 ἀναγνωστέον·
966 1176 1033 1243 Καὶ
1120 1182 1205 1244 cum
1235 1179 1346 1243 medio
1373 1180 1465 1242 enim
1489 1181 1614 1260 puncto
1640 1177 1827 1256 legendum

282 1288 394 1363 νυκτὸς
408 1284 443 1350 δὲ
458 1282 663 1368 κεκράξομαι,
676 1281 734 1348 οῦκ
744 1279 854 1359 ἀνοίας
870 1304 929 1367 μου
944 1281 1030 1368 λογι-
1075 1289 1142 1350 est:
1154 1275 1287 1350 attwcte
1298 1285 1402 1347 etiam
1417 1283 1581 1364 clamabo,
1601 1299 1666 1346 neu
1679 1281 1765 1346 mihi
1776 1298 1827 1345 re-

281 1389 428 1476 ζομένης,
451 1388 504 1454 δτε
529 1389 571 1453 τὸι
592 1385 824 1473 περιεστηκὸτα
845 1387 930 1453 ἐστίν
956 1408 1031 1452 στιν·
1074 1389 1225 1472 putanda
1239 1388 1447 1470 iusipientia,
1461 1387 1597 1470 quando
1612 1386 1749 1469 quidem
1760 1386 1826 1449 eir·

282 1495 403 1579 θρωπά,
427 1501 492 1558 τῶν
517 1489 644 1557 πολλῶν
672 1491 707 1556 ἐν
731 1501 800 1570 ταῐς
829 1491 1031 1577 περιστάσεσι
1074 1491 1271 1572 uumjunctu
1286 1497 1407 1556 moestu
1431 1496 1525 1572 sunt,
1545 1509 1652 1572 quum
1668 1489 1768 1552 multi
1791 1489 1829 1552 iu

283 1594 523 1682 σιιοτιξομίνων,
551 1593 593 1673 ὣς
618 1597 674 1660 καί
700 1596 777 1661 αὸτὸ
806 1603 900 1660 τοῦτο
928 1593 961 1661 τί
986 1597 1036 1662 δεῖ
1076 1601 1367 1663 eventuumuoote
1376 1597 1424 1660 itu
1432 1595 1579 1676 jaceant,
1588 1601 1627 1660 ut
1637 1595 1700 1659 boe
1713 1595 1825 1676 ipsum

283 1701 443 1788 κράζοντα
458 1702 537 1786 πρὸς
551 1699 633 1768 Θεὸν
647 1699 762 1786 λέγειν,
777 1700 912 1786 ἀγνοεῖν.
925 1699 1034 1768 Ἐπίσ·
1077 1702 1167 1784 quod
1181 1701 1358 1766 clamando
1372 1701 1414 1765 ad
1426 1703 1534 1764 Deum
1546 1700 1657 1764 dioere
1669 1698 1825 1778 debeant,

282 1825 381 1890 ταμαι
394 1806 457 1891 γὸιρ
472 1804 535 1890 ἐγὼ
550 1803 632 1881 τίνος
646 1803 754 1870 ἕνεκεν
769 1804 790 1870 ἃ
805 1806 876 1888 περί
891 1804 948 1891 tut
963 1825 1035 1872 νυνι·
1076 1807 1246 1884 ignorent.
1261 1805 1347 1868 Novi
1369 1805 1461 1868 enim
1483 1820 1550 1882 ego
1572 1821 1640 1886 qua
1657 1802 1699 1866 de
1721 1820 1824 1866 causa

283 1912 388 1995 τερινίη
404 1907 600 1986 κατάστασίς
613 1910 690 1975 ἐστι.
1080 1907 1184 1989 hujus
1199 1909 1278 1972 vitae
1294 1908 1339 1972 sit
1355 1907 1566 1972 tenebricosa
1580 1906 1738 1971 conditio.

319 2115 369 2171 Ps.
382 2129 448 2186 xxi,
459 2132 488 2171 v.
500 2114 526 2168 4.
538 2113 607 2170 Vnt
621 2113 664 2168 16.
677 2111 793 2169 Ρπεποο
803 2113 880 2170 hano
891 2113 1036 2184 lacinium,
1081 2111 1205 2185 attingit
1220 2110 1318 2168 editus
1330 2111 1567 2168 oommeuturiun.

284 2207 392 2258 autera
410 2216 476 2272 quae
488 2215 558 2256 mox
581 2204 750 2272 sequuntur,
769 2199 870 2272 spmiu
889 2198 1036 2257 videntur.
1114 2201 1160 2255 De
1169 2200 1282 2273 psalmo
1292 2215 1362 2260 xxn
1370 2199 1446 2255 nibil
1455 2198 1640 2273 proferimus,
1651 2197 1829 2256 εσάαιοωοεε

283 2289 462 2356 Βεθεοτὸιιφ
484 2285 563 2359 apud
581 2283 749 2356 Eusebium,
771 2289 835 2340 tum
854 2285 983 2342 maximo
1000 2283 1037 2342 de
1080 2284 1161 2342 subit
1172 2283 1301 2340 Eusebio
1313 2283 1561 2342 ascribiinVutiu
1572 2284 1614 2356 13,
1624 2284 1747 2357 Origeui
1757 2302 1830 2342 vero

286 2377 427 2443 ὸμοοοοίφ,
437 2378 501 2428 tum
511 2372 547 2430 de
557 2370 706 2428 invectiva
714 2371 746 2426 in
754 2371 890 2443 Αιθαιιοε,
902 2373 969 2444 quis
977 2390 1038 2430 non
1080 2373 1112 2428 in
1123 2372 1220 2446 Vatia.
1233 2371 1267 2427 14
1277 2375 1375 2427 totum
1384 2371 1529 2428 scholium
1538 2389 1557 2427 α
1565 2371 1709 2427 Mani-iuis
1718 2371 1831 2428 editum

284 2458 454 2517 dubitabit?
472 2457 540 2515 Erit
551 2464 651 2514 tumen
663 2458 711 2514 oui
722 2458 875 2514 notabitur
890 2477 995 2516 verm
1004 2461 1037 2516 fl·
1081 2459 1113 2514 in
1124 2457 1243 2514 selectis
1261 2456 1449 2529 Oiigeuiuniu
1461 2457 1500 2515 αθ
1516 2477 1545 2516 v.
1556 2459 1589 2516 4:
1600 2461 1765 2514 Ἐντεῦθενὸ
1783 2461 1830 2514 λὸ-

284 2563 353 2604 ποια
370 2550 386 2601 ὸ
404 2547 472 2612 λαὸς
490 2548 635 2612 ὸιὸτοαος.
655 2543 851 2615 Quaecumque
869 2545 946 2600 mule
965 2545 1038 2602 oliur
1080 2563 1130 2617 γος
1142 2551 1199 2602 otu.
1216 2545 1268 2602 Nil
1284 2544 1353 2601 fort.
1365 2543 1559 2616 inferendum,
1575 2545 1634 2601 nisi
1645 2543 1725 2616 quod
1740 2544 1831 2602 Emo-

285 2632 376 2702 ciuut,
394 2631 490 2705 spisso
513 2635 586 2705 typo
603 2628 806 2687 mutavimus.
825 2628 944 2686 Videsis
965 2630 1038 2686 Gen.
1081 2630 1149 2688 bius
1166 2631 1230 2687 siue
1241 2631 1396 2702 varietate,
1408 2636 1443 2688 ut
1454 2629 1537 2702 alius,
1547 2631 1706 2702 origenem
1715 2647 1831 2703 σεσαρω-

286 2715 919 2789 xxv‚25.Gulat.1v,tLuo.xn11,turs.
933 2718 1038 2788 xv,10.
1082 2715 1132 2774 rit.
1151 2748 1184 2758 -
1203 2717 1354 2773 Pmterou
1370 2717 1533 2774 notandum
1549 2717 1670 2774 Eusebii
1687 2716 1831 2774 scholium

284 2806 380 2862 Eccle.
399 2807 424 2862 1.
442 2805 469 2861 4.
487 2805 536 2862 Pu
552 2821 669 2874 txxxv,
681 2805 707 2860 9.
725 2803 871 2860 Goeterum
882 2803 1039 2876 plerosque
1082 2803 1114 2860 in
1130 2820 1158 2859 ν.
1171 2804 1188 2858 6
1205 2802 1243 2859 αδ
1261 2801 1364 2859 eodem
1376 2804 1472 2861 Vatia.
1490 2805 1526 2861 16
1540 2803 1677 2862 inscribi:
1694 2807 1832 2876 Θεοδαρη-

286 2890 457 2962 versiculos,
469 2889 502 2946 iu
521 2889 634 2948 sobolis
650 2888 805 2960 sequentia
815 2887 967 2960 adductos,
979 2907 1038 2948 nou
1060 2937 1069 2956 ,
1082 2908 1138 2958 τοο,
1151 2894 1250 2960 δμοίως
1260 2893 1394 2946 Εῦσεδιοιι.

817 3100 987 3202 Αεονίρία
1003 3101 1160 3180 Emito
1177 3099 1317 3180 εοίιοίία.

334 3336 365 3380 ν.
383 3315 413 3379 4.
429 3313 543 3382 Mitis
563 3314 601 3380 ἀνι
611 3315 686 3399 stuc
706 3313 857 3381 additur:
881 3313 983 3380 Τοῦτο
1005 3314 1041 3380 δὲ
1086 3323 1147 3380 τῶν
1163 3312 1322 3380 Ἰουδαίων
1337 3313 1389 3378 διὸι
1403 3313 1521 3381 τούτων
1536 3311 1691 3402 σημαίνει,
1703 3317 1759 3382 καί
1772 3318 1832 3403 τὴν

293 3405 330 3470 οὐ
344 3404 430 3469 πατὸι
444 3402 609 3488 σύγκρισιν
623 3401 763 3487 νοηπίον,
776 3402 860 3468 καθά
876 3401 967 3481 οῦτὸς
979 3425 1040 3489 φη-
1085 3402 1224 3469 διάνοιαν
1239 3403 1291 3468 διά
1305 3406 1411 3489 χειρὸς
1426 3405 1636 3490 κυνὸςιιαὶρο
1660 3402 1756 3490 φαίας
1776 3408 1832 3470 καί

293 3514 342 3558 σιν
355 3493 374 3559 ὸ
388 3489 552 3576 Ἀριανὸς·
574 3491 609 3556 ἓν
622 3493 684 3577 γάρ
699 3491 830 3578 θέλημα
844 3491 969 3576 Πατρὸς
984 3493 1040 3558 καί
1084 3491 1226 3577 κεράτων
1242 3491 1473 3578 μονοκεριθτων.
1497 3493 1561 3558 Σοῦ
1579 3493 1615 3559 δὲ
1692 3495 1831 3574 θοῦντος,

291 3581 374 3663 Υίοῦ,
390 3579 476 3649 ἀλλά
489 3581 575 3646 κατά
590 3582 626 3644 τὸ
641 3578 843 3665 ἀνθρώπινον.
868 3583 936 3648 Vae.
955 3585 1006 3648 1³.
1085 3580 1204 3666 τριτίος
1226 3581 1375 3664 ἀναστάς,
1392 3577 1529 3666 ματαίαν
1550 3581 1703 3663 ἀποδείξω
1718 3585 1779 3669 την
1801 3583 1831 3649 ί·

335 3691 367 3736 ν.
387 3673 437 3736 10.
454 3669 550 3754 Τάχα
572 3671 627 3734 τὸν
648 3668 787 3753 Χριστὸν
809 3668 905 3755 μὸνον
926 3669 965 3734 ἐκ
983 3679 1041 3756 τῆς
1085 3668 1248 3756 πιῦουλην.
1274 3671 1341 3738 vat.
1361 3673 1458 3751 1,16.

291 3756 453 3828 Θεοτὸκου
468 3756 641 3838 εξίσπασεν
656 3758 673 3821 δ
689 3756 779 3842 Θεὸς,
791 3767 853 3824 τῷν
868 3757 975 3824 ἀλλων
986 3757 1040 3825 ἀν·
1129 3779 1161 3824 ν.
1178 3762 1230 3824 23.
1246 3757 1445 3845 Διηγησομαι
1468 3761 1505 3824 τὸ
1520 3759 1619 3846 ὸνομά
1641 3778 1700 3824 σου
1718 3769 1781 3838 τοῐς
1796 3758 1832 3824 ἀ·

291 3847 423 3932 θριίιπων
433 3848 494 3912 οὸιι
504 3844 720 3932 ἐσπασμίνων,
733 3846 803 3911 ἀλλ’
814 3846 1039 3933 ἐξερχομένων.
1085 3847 1210 3932 δελροίς
1227 3857 1296 3934 μοῦ.
1311 3886 1351 3896 -
1367 3843 1528 3927 Ἐδίδαξεν
1542 3850 1605 3934 γὸιρ
1615 3845 1701 3935 ἡμᾶς
1712 3853 1766 3914 τὸν
1777 3848 1832 3934 ρῦ-

293 3935 427 4020 Ἐξηλθε
446 3937 518 4021 γὸιρ,
534 3937 639 4020 φησίν,
655 3931 758 4001 Ἡσαῦ
780 3934 855 4000 ὡσεί
876 3934 966 4020 δορά.
990 3936 1042 4002 Ἐι
1085 3958 1134 4000 σει
1148 3935 1229 4002 Θεὸν
1243 3938 1299 4002 καί
1313 3936 1478 4021 ὸμοοῦσιον
1492 3937 1591 4003 αὐτοῦ
1601 3936 1740 4023 Πατίρα,
1753 3940 1775 4024 ἦ
1786 3937 1834 4002 δτι

294 4025 387 4109 πειδη
409 4023 481 4089 κατ’
492 4020 639 4090 εὸδοκίαν
660 4033 717 4088 τοῦ
740 4023 866 4110 Πατρὸς
888 4024 1042 4111 ἐνηνθριίι-
1088 4025 1141 4091 διά
1154 4033 1212 4108 της
1229 4021 1402 4110 ἐκκλησίας
1424 4027 1497 4105 τοὺς
1512 4025 1708 4104 ἀποστόλους
1723 4024 1836 4113 σημαί-

293 4109 1045 4285 ῗξάισθίθξάθίθιαθήθίθςτθὸθλίίὸθῗὸξθθὲιίάίοτιά
1089 4115 1339 4288 νειθλίξγῒηιώἐστιν
1368 4201 1568 4288 εῦχαριστίας
1597 4202 1751 4290 ὁμολογία
1773 4211 1836 4270 τῦν

294 4291 377 4376 εξης.
403 4294 501 4360 Vatic.
521 4292 571 4356 16.
1088 4310 1178 4356 τινων
1193 4292 1231 4357 ἐκ
1246 4291 1329 4360 Θεοῦ
1340 4289 1569 4378 γενησομίνων.
1591 4291 1683 4381 Εῦχὴ
1700 4296 1835 4379 ἀπαγγε-

338 4401 369 4445 ν.
389 4382 439 4445 16.
455 4376 496 4444 ‘H
518 4376 649 4464 γλῶσσά
674 4399 733 4464 μου
756 4378 951 4466 κεκόλληται
972 4380 1042 4446 κτλ.
1087 4379 1141 4446 λία
1163 4382 1250 4464 παρά
1271 4390 1311 4466 τῷ
1331 4377 1401 4464 θεία
1421 4380 1611 4466 ὸνομάζεται
1632 4391 1751 4468 γραφη.
1775 4379 1835 4448 06-

295 4466 448 4556 Σημαίνει
471 4467 506 4532 δὲ
527 4469 587 4553 τὴν
608 4465 827 4554 ἀπισῦμδασαν
853 4479 897 4555 τῷ
918 4470 1044 4556 Χριστῷ
1087 4467 1199 4553 κοῦνὴ
1217 4476 1274 4554 τῆς
1297 4469 1441 4554 ῦπακοης
1459 4469 1656 4556 ἐκπληρωσις
1677 4468 1832 4558 γενομένη

292 4559 328 4623 ὲν
353 4565 397 4644 τῷ
426 4564 552 4642 σταυρῷ
578 4555 683 4642 δίψαν,
710 4558 763 4621 ὅτε
792 4557 848 4622 καί
878 4557 1044 4644 αίτησαντι
1088 4559 1175 4642 παρὸ
1190 4567 1246 4622 τοῦ
1268 4557 1343 4623 riou
1364 4566 1408 4642 τῷ
1423 4557 1533 4643 Πατρῑ,
1556 4561 1718 4627 καὶτοῦτο
1742 4559 1834 4648 μέχρι

292 4655 383 4730 πιεῖν,
399 4645 469 4724 ὸξος
492 4643 714 4731 προσήνεγκαν
729 4646 813 4732 αὸτῷ
836 4649 915 4732 μετά
928 4647 1041 4734 χολης.
1087 4646 1231 4712 θανάτου
1247 4645 1382 4731 σαρκὸςς
1398 4645 1546 4724 ὡσαύτως
1561 4645 1687 4735 νοηθείη
1704 4651 1744 4714 ἀν
1759 4647 1835 4713 ἀπο-

293 4733 363 4800 Οὑιι
376 4736 420 4812 είς
434 4734 577 4800 θάνατον
591 4735 636 4818 δὲ,
658 4733 730 4799 ἀλλ’
741 4733 785 4812 είς
801 4744 879 4820 χοῦν
898 4736 1041 4803 θανάτου
1089 4734 1233 4821 δοθείσης
1248 4744 1305 4821 της
1319 4734 1416 4823 εθχης
1431 4734 1505 4820 παρ’
1516 4737 1620 4803 αὐτῶν
1636 4747 1681 4824 τῷ
1695 4737 1767 4824 Θεῷ
1782 4737 1837 4802 ιιαί

292 4822 483 4909 κατηνηχθη
499 4823 517 4887 ὀ
531 4822 677 4908 Χριστὸς·
693 4824 751 4889 οὐκ
766 4820 1040 4911 ἒγκαταλείρθηὴ
1086 4823 1197 4909 Πατρί,
1224 4823 1348 4910 δηλαδη
1367 4834 1430 4890 τῷν
1451 4821 1597 4892 δικαίων·
1620 4825 1752 4893 ἐνώπιον
1773 4827 1834 4911 γάρ

293 4913 381 4998 ψυχη
398 4913 496 4978 αῦτοῦ
511 4911 624 4992 είςτὸν
646 4912 737 4998 ᾅδην,
753 4911 826 4978 οὐδὲ
848 4911 869 4997 ἡ
886 4914 965 4999 σάρξ
986 4913 1042 4982 αὖ·
1086 4915 1146 4978 τῶν
1160 4911 1292 4997 ἀσεδῷν,
1309 4912 1400 4978 οὐδὸν
1415 4912 1496 4990 ὅλως
1509 4923 1593 5000 χρῷ·
1606 4914 1687 4981 πολὺ
1703 4915 1738 4981 δὲ
1757 4913 1834 5002 μάλ-
1903 4935 1906 4950 ¹

294 5011 349 5066 τοῦ
364 5002 428 5066 είδε
443 5000 624 5086 διαφθοράν.
1085 5001 1141 5067 λον
1162 5003 1203 5066 τά
1224 5001 1301 5067 θεῖα
1322 5001 1575 5087 διαπράττεσθαι,
1598 5005 1651 5069 ίνα
1670 5006 1714 5090 μὴ
1738 5002 1833 5090 πρὸα·

335 5109 368 5155 ν.
384 5093 437 5154 22.
454 5089 562 5156 Σῷσθν
578 5089 831 5176 μεέκστόματος
845 5090 1038 5170 λίοντοςιιαί
1081 5111 1190 5175 ιιομμα
1212 5100 1256 5175 τῷ
1277 5090 1483 5175 κατορθοῦντι
1501 5090 1740 5179 διαστρέφοντες
1765 5101 1833 5159 τοῦ·

294 5175 357 5242 ἀπὸ
370 5177 513 5261 κεράτων
527 5177 760 5264 μονοκεριίιτων.
777 5211 818 5230 -·
836 5179 904 5265 Την
919 5179 1036 5247 κακίαν
1081 5200 1134 5245 τον
1148 5180 1203 5244 καί
1217 5177 1446 5263 ἀποτρέποντες
1461 5177 1616 5265 γίνωνται.
1631 5183 1714 5250 [bid.
