4008 6094
862 410 905 472 IN
929 359 1114 476 estimo&

818 689 990 766 Psalmue
1015 686 1131 766 LIII
1130 749 1138 765 .

257 934 290 983 v.
306 917 337 982 3.
352 913 390 984 ‘O
413 914 503 1002 Θεὸς,
526 917 559 986 ἐν
574 927 617 1006 τῷ
634 910 763 1007 ῦνίμαὲί
785 942 842 987 σου
858 922 959 988 σῶσόν
1053 942 1085 986 v.
1113 924 1144 986 3.
1166 923 1267 1001 neus,
1292 921 1329 986 in
1350 923 1475 987 νοονυίαο
1492 926 1547 988 too
1565 923 1691 990 εοίουνυ
1708 943 1758 990 me

213 1036 263 1108 με.
287 1024 354 1089 Vct.
372 1025 452 1088 ibid.
997 1027 1072 1111 soc.

256 1125 298 1216 Εί
321 1124 343 1212 ἡ
370 1125 512 1212 σωτηρία
540 1137 597 1215 της
630 1127 762 1216 λογικῆς
792 1131 913 1216 φύσεως
936 1129 958 1216 ἡ
1047 1133 1082 1196 61
1113 1129 1289 1195 rationalis
1319 1134 1452 1194 noturae
1481 1131 1576 1195 selus
1605 1133 1757 1210 cognitio

212 1227 325 1314 γνῶσίς
344 1231 426 1298 ἐστιν
441 1230 463 1316 ή
478 1242 534 1299 τοῦ
553 1232 647 1316 Θεοῦ,
663 1235 680 1300 ὁ
696 1234 731 1300 δὲ
746 1233 843 1302 Δαυίδ
866 1235 900 1302 ἐν
915 1245 959 1322 τῷ
1004 1236 1066 1300 Dei
1080 1237 1135 1316 sit,
1154 1236 1269 1299 David
1284 1251 1364 1298 vero
1380 1233 1480 1314 dicat,
1496 1236 1533 1298 in
1544 1237 1681 1300 nomine
1695 1238 1756 1302 Dei

214 1333 346 1421 ὀνόματι
365 1345 421 1402 τοῦ
436 1333 519 1404 Θεοῦ
538 1336 620 1403 θέλει
636 1338 782 1426 σωθήναι,
803 1342 839 1406 τὸ
861 1341 962 1427 ὄνομα
1005 1341 1093 1404 velle
1111 1357 1147 1403 se
1170 1339 1304 1402 salvum
1327 1337 1412 1418 fieri,
1436 1355 1566 1402 nomen
1589 1355 1673 1418 ergo
1694 1341 1757 1404 Dei
1796 1423 1799 1432 Ι

212 1448 270 1503 τοῦ
285 1438 367 1507 Θεοῦ
386 1441 441 1508 οὖν
452 1443 511 1528 τήν
530 1451 643 1528 γνῶσιν
658 1440 813 1530 σημαίνει,
830 1445 888 1530 τήν
903 1453 960 1511 τοῦ
1005 1461 1097 1506 nunc
1126 1441 1302 1521 significet
1323 1459 1399 1506 eam
1422 1443 1658 1520 cognitionem
1680 1460 1757 1525 ηοω

213 1541 309 1610 Θεοῦ.
1005 1546 1048 1609 ed
1064 1547 1173 1610 Deum
1189 1546 1322 1609 attinet.

258 1668 289 1712 v.
316 1650 345 1713 7.
366 1646 422 1714 Ἐν
443 1658 483 1736 τῇ
506 1649 640 1738 ἀληθεία
660 1674 718 1719 σου
741 1650 961 1738 ίξολόθρευσον
1049 1668 1081 1712 v.
1098 1650 1129 1712 7.
1145 1650 1189 1714 Ινε
1202 1649 1338 1714 veiente
1351 1652 1410 1713 ῦιια
1424 1647 1572 1730 disperde
1585 1648 1672 1714 illos.

212 1752 337 1832 αἰειοιίς.

258 1855 296 1924 Ὁ
311 1857 447 1944 Χριστος
462 1881 566 1946 φησιν.
581 1859 667 1948 Ἐγώ
682 1861 745 1948 εἰμι
759 1860 902 1947 ἀλήθεια.
1055 1857 1210 1922 Christus
1227 1857 1293 1920 ait:
1312 1856 1416 1936 «Ego
1432 1875 1508 1922 sum
1524 1858 1690 1922 veritas.»

257 1980 289 2028 v.
306 1963 336 2028 θ.
352 1957 424 2030 Ὅτι
439 1962 476 2030 ἐκ
491 1963 597 2050 πάσης
611 1961 745 2051 θλίψεως
759 1965 878 2053 ἑψψύοω
895 1985 944 2053 με.
1048 1981 1081 2026 v.
1097 1966 1126 2026 9.
1146 1962 1353 2038 Quomomec
1368 1963 1455 2027 omni
1471 1961 1681 2028 mentatione
1694 1964 1757 2028 eri-

998 2067 1111 2152 puisti
1132 2082 1191 2130 me.

256 2167 312 2249 Ὧς
328 2171 371 2257 μή
388 2171 427 2238 ἐκ
441 2171 546 2260 πάσης
569 2171 704 2260 θλίψεως
719 2173 870 2262 θυομένου
893 2175 957 2240 ἀπὸ
1050 2174 1121 2236 Ηοο
1148 2169 1284 2252 dicitur,
1307 2189 1347 2234 oc
1369 2171 1400 2234 si
1427 2170 1578 2235 nondum
1601 2189 1643 2235 ex
1665 2173 1758 2236 omni

211 2283 270 2339 τοῦ
285 2274 379 2358 Θεοῦ,
394 2274 530 2343 τεθεῐται
544 2287 637 2343 τοῦτο
652 2279 691 2343 ἐκ
705 2278 812 2366 πάσης
827 2276 896 2345 κτλ.
1006 2293 1160 2340 erumna
1174 2292 1195 2337 e
1210 2275 1279 2338 Deo
1294 2279 1431 2356 ereptus
1447 2272 1577 2340 inisset.

258 2485 431 2552 liminius.
447 2505 479 2551 v.
493 2487 523 2551 7.
536 2487 581 2552 nt
594 2504 670 2568 quae
681 2488 727 2551 sit
737 2487 874 2565 veritos,
889 2502 958 2549 non
1006 2485 1111 2562 «Ego
1131 2500 1209 2546 eum
1222 2483 1305 2562 vito,
1320 2483 1387 2565 via,
1403 2483 1571 2547 veritae»

213 2573 435 2659 ambigimus,
456 2593 576 2657 nempe
600 2576 658 2640 ille
681 2577 753 2658 ipse
774 2576 834 2656 qui
858 2575 954 2639 dixit:

249 2726 298 2784 Pe.
311 2743 376 2800 nnt,
385 2746 413 2786 v.
426 2730 452 2802 θ,
465 2731 490 2802 7,
503 2733 528 2788 9.
542 2732 610 2788 Vct
622 2732 647 2787 5.
660 2730 747 2790 Joen„
761 2748 826 2803 xiv,
837 2731 863 2786 6.

822 2947 1004 3074 ΡυυίυιυεΙ
1017 2942 1082 3022 LI
1083 2946 1126 3023 V.

254 3211 287 3256 v.
301 3191 331 3272 3,
345 3193 375 3257 4.
385 3189 531 3280 Προσχες
544 3214 605 3278 μοι,
617 3195 672 3260 καί
683 3191 869 3261 είοάκουσόν
882 3213 958 3281 μου·
1045 3211 1077 3258 ν.
1093 3196 1124 3258 5.
1141 3193 1275 3260 Mende
1297 3193 1395 3277 miti,
1414 3200 1445 3262 et
1463 3195 1581 3262 οῦῦνιιίί
1601 3213 1667 3262 nte:
1690 3215 1759 3264 too»

212 3293 374 3380 ἐλυπήθην
389 3297 423 3362 ἐν
436 3307 475 3383 τῇ
492 3297 666 3384 ἀδολεσχίᾳ
685 3319 755 3385 μου,
770 3299 825 3362 καὶ
846 3297 958 3383 ὲταρά-
1001 3300 1156 3364 tristatos
1170 3317 1244 3365 εαυε
1254 3301 1292 3366 io
1308 3302 1544 3368 exercitatione
1554 3318 1634 3383 υιεο,
1649 3308 1760 3369 eteoc-

212 3397 296 3485 χθην
311 3399 375 3465 ἀπὸ
397 3411 503 3488 φωνης
526 3401 640 3488 ἐχθροῦ
663 3403 718 3467 καί
740 3401 802 3466 ἀπὸ
825 3399 960 3488 θλίψεως
1000 3401 1151 3468 teretem
1164 3397 1274 3469 scm‘o
1289 3421 1361 3471 ooce
1380 3406 1511 3471 ίιαυιάοε·
1532 3411 1601 3472 etc
1622 3405 1758 3473 ennete

211 3503 412 3589 ἀμαρτωλοῦ.
437 3509 504 3574 Vct.
522 3508 596 3590 657,
616 3509 644 3572 l.
1002 3507 1087 3572 tione
1095 3509 1284 3587 peccatam.

256 3605 448 3694 Ἀδολεσχία
462 3609 597 3676 ἐνταῦθα
612 3607 757 3696 σημαίνει
776 3613 834 3697 τήν
849 3611 959 3698 εὐχήν,
1045 3611 1257 3676 Eeeree'tate'o
1273 3613 1310 3675 in
1324 3612 1388 3676 hoc
1410 3614 1483 3677 loco
1506 3611 1692 3678 orationem
1714 3617 1758 3680 si·

211 3709 254 3790 it
266 3711 321 3776 καί
333 3712 367 3778 ἐν
379 3723 417 3800 τη
433 3713 539 3799 πρώτη
552 3723 612 3780 τῶν
626 3715 800 3801 βασιλειῶν,
812 3725 870 3800 της
881 3713 958 3784 Ἀν-
1001 3712 1155 3793 gnificat,
1180 3717 1268 3778 utin
1283 3717 1392 3796 primo
1404 3717 1490 3781 libro
1502 3719 1646 3798 Regum,
1658 3723 1758 3784 Anna

210 3835 268 3900 νης
282 3814 448 3902 λεγούσης·
463 3817 524 3884 Ἐκ
537 3818 677 3904 πλήθους
692 3818 881 3907 ἀδολεσχίας
897 3841 957 3907 μου
1002 3817 1152 3881 dicente:
1178 3818 1262 3881 «Ex
1272 3819 1493 3884 multitudine
1505 3823 1756 3888 exercitationis

211 3917 370 3985 ἀκτέτακα
388 3923 447 3999 ἕως
462 3933 527 3988 νῦν·
542 3925 689 4009 περὶγὰρ
704 3931 761 4008 της
777 3934 958 4012 προσευχῆς
1003 3937 1087 3984 meae
1109 3922 1249 4028 extabui
1264 3939 1373 4004 usque
1389 3940 1522 3988 nnnc.»
1541 3927 1612 3989 Hoc
1631 3929 1756 4009 quippe

211 4023 309 4109 αῦτής
331 4034 423 4089 τοῦτο
445 4024 540 4114 λέγει.
558 4065 599 4074 -
615 4025 728 4093 Πάντα
750 4029 811 4093 ὅσα
824 4028 958 4114 πράετο-
1003 4025 1047 4088 de
1074 4041 1139 4089 suo
1161 4027 1316 4090 oratione
1343 4026 1435 4091 dicit.
1461 4062 1500 4074 -
1524 4030 1646 4093 Omnia
1668 4049 1758 4113 quee-

209 4148 266 4214 μεν
288 4130 377 4214 παρά
391 4132 445 4196 τὸν
467 4131 558 4217 ὀρθὸν
573 4131 668 4217 λόγον
684 4134 706 4218 ή
722 4135 776 4198 τὸν
798 4131 903 4220 νόμον,
920 4135 955 4200 ἀ-
1002 4147 1148 4211 cumque
1183 4147 1245 4195 nos
1268 4131 1405 4211 egimus
1419 4138 1542 4214 praeter
1563 4140 1690 4198 rectem
1706 4154 1758 4199 rc·

207 4229 360 4319 δολεσχίοι
374 4233 449 4317 ἐστι,
464 4236 520 4301 καί
539 4235 599 4301 ὅσοι
620 4235 691 4322 είκή
713 4236 881 4325 λαλοῦμεν.
896 4235 957 4306 At·
1002 4236 1129 4299 tionem
1160 4239 1224 4298 eut
1238 4236 1324 4300 citro
1339 4237 1463 4316 legem,
1483 4238 1679 4302 exercitatio
1695 4243 1757 4318 est,

208 4357 257 4422 γει
282 4337 337 4401 οῦν
364 4339 472 4422 οὕτως,
503 4338 608 4426 ὥσπερ
634 4343 812 4426 καταγνοὺς
843 4340 957 4408 ἑαυτοῦ
1001 4341 1092 4404 sicut
1114 4344 1148 4403 et
1173 4357 1403 4422 quoecumque
1426 4345 1552 4405 temere
1572 4342 1755 4423 loquimur.

207 4447 332 4525 πρῶτον
347 4441 398 4508 ἐπὶ
412 4450 456 4528 τῷ
470 4442 674 4530 τεταράχθαι,
690 4445 745 4508 καί
755 4446 815 4531 τήν
829 4443 958 4532 εἰρήνην
1001 4444 1058 4507 Sic
1073 4443 1184 4522 igitur
1211 4443 1270 4523 nit,
1288 4446 1464 4524 tamquam
1486 4462 1523 4508 se
1546 4445 1658 4525 ipsum
1680 4461 1758 4510 oon·

210 4547 253 4632 μή
269 4545 514 4632 κατεσχηκίναι,
531 4545 603 4612 ἀλλ’
614 4547 770 4614 ἀπολέσαι
785 4551 843 4635 τήν
855 4548 957 4635 χολή·
1002 4546 1178 4628 domnons,
1213 4547 1367 4629 primum
1398 4547 1488 4628 quod
1514 4546 1618 4611 merit
1643 4549 1757 4612 turbe-

205 4668 265 4734 νην
280 4658 337 4734 της
353 4651 468 4738 ψυχης,
484 4651 535 4718 ἐπὶ
549 4662 589 4739 τῇ
605 4663 694 4740 φωνή
706 4661 761 4719 τοῦ
773 4653 888 4740 ἐχθροῦ
902 4654 958 4720 καί
1002 4654 1069 4731 tus,
1086 4669 1149 4715 nec
1181 4667 1300 4733 paoem
1317 4652 1508 4732 retinuerit,
1528 4649 1588 4716 sed
1605 4654 1759 4718 omiserit

207 4751 418 4840 ἀποθλίψεως
438 4754 762 4844 ἀμαρτωλοῦ.Ἀγων
783 4756 881 4837 πολύς
905 4756 958 4845 μοί
1001 4756 1124 4819 onimae
1154 4754 1443 4837 tmnquilliteten,
1471 4761 1608 4838 propter
1636 4775 1753 4824 vocem

241 4915 524 4990 Pe.n1v,v.8.Vot.
542 4919 957 4992 2,3,o.1³roeiver013130um
1001 4920 1129 4986 ῦολοσχίοι
1140 4913 1274 4972 nonnihil
1298 4913 1437 4988 ambigna
1453 4933 1512 4974 vox
1532 4934 1592 4975 non
1605 4917 1697 4978 semel
1715 4918 1753 4976 0-

206 4998 320 5056 lacunis
332 5005 363 5057 et
374 5002 452 5058 serie
466 5004 646 5076 perturbate
655 5004 700 5062 cf.
714 5006 729 5061 l
742 5005 817 5078 Reg.
830 5006 855 5077 1,
866 5007 908 5064 16.
922 5039 956 5050 -
1000 5005 1132 5076 rigenem
1144 5002 1324 5060 sollicitavit.

208 5085 295 5160 Vulg.
309 5088 339 5144 ία
351 5090 524 5148 υνυίίίίυιίθνε
537 5090 638 5148 detorto
649 5097 679 5147 et
690 5092 815 5148 moerore'e
831 5093 893 5148 υιεί.
911 5095 955 5150 ’Δ-
1035 5111 1063 5150 v.
1075 5092 1101 5148 4.
1115 5091 1181 5148 Vnt
1194 5091 1220 5162 2,
1233 5090 1258 5162 θ,
1271 5090 1296 5145 6.
1311 5117 1344 5132 -
1356 5094 1463 5149 ποιῶσιν
1474 5089 1541 5151 vat
1555 5093 1581 5148 6.
