4036 6090
883 424 926 486 IN
950 425 1136 489 PSALMOS
1741 434 1782 498 83

233 549 505 638 ἀλλοτριάσαντες,
523 555 576 632 οὓς
590 558 645 624 καί
668 555 702 622 ἐν
717 565 754 642 τῇ
778 555 911 642 οὐρανίῳ
925 559 980 623 πό·
1024 580 1090 642 que
1107 569 1140 626 et
1162 564 1369 628 mundanam
1392 569 1701 648 concupiscentiam
1724 588 1775 634 re-

233 650 282 716 λει
303 653 484 732 κατοικίζει.
502 695 543 705 -
563 652 686 742 Ὥσπερ
708 661 780 736 τοὺς
802 659 979 746 πεπεδημέ-
1024 666 1213 747 pudiantes,
1240 685 1324 748 quos
1348 669 1426 750 ipsc¹
1449 687 1547 750 porro
1578 672 1705 736 incolas
1737 675 1772 735 in

234 777 305 834 νους
325 757 430 843 ἐξάγει
445 761 479 825 ἐν
495 760 630 847 ἀνδρείᾳ,
648 765 745 840 υύτως
759 764 815 827 καί
829 759 901 840 τὀὐς
916 762 980 828 άδί-
1024 771 1151 832 coelesti
1180 771 1316 833 civitate
1339 773 1489 834 collocat.
1521 774 1616 838 Sicut
1638 777 1770 838 vinctos

233 879 308 936 κους
326 861 431 946 ἐξάγει
453 861 487 929 ἐν
502 863 694 949 δικαιοσύνη,
717 867 772 929 καί
791 868 862 954 τούς
884 868 980 951 &ppo
1024 871 1138 935 educit
1159 873 1193 934 in
1210 872 1452 954 fortitudinem,
1469 877 1567 939 itaet
1589 879 1725 958 iniquos
1742 897 1774 942 e-

233 983 290 1041 νας
312 964 346 1029 ἐν
369 965 528 1050 φρονήσει.
547 966 737 1054 -Ὁμοίως
760 977 803 1053 τῷ
827 969 980 1055 εἰρημένῳ
1017 973 1117 1044 ducit
1139 977 1174 1038 in
1192 974 1373 1056 justitiam,
1398 980 1431 1039 et
1445 980 1568 1042 stultos
1592 981 1626 1042 in
1642 981 1773 1060 sapien·

231 1075 296 1144 τοῖς
311 1066 345 1131 ἐν
367 1069 510 1155 δεσμοῖς·
525 1069 697 1154 Ἐξέλθατε,
718 1073 773 1136 καί
793 1081 858 1150 τοῖς
880 1073 913 1138 ἐν
936 1083 979 1158 τῷ
1023 1078 1116 1140 tiam.
1134 1115 1174 1123 —
1191 1079 1306 1142 Simile
1322 1080 1477 1159 estquod
1494 1081 1619 1144 dicitur
1636 1083 1774 1145 vinctis:

235 1171 979 1261 σκότει·ἈνακαλύίρθηταΔεσμυύςδέκαίσκό-
1027 1199 1043 1237 «
1051 1180 1160 1260 Exite,
1183 1185 1218 1244 et
1242 1182 1411 1245 stantibus
1428 1184 1644 1248 intenebris:
1669 1189 1773 1248 Reve·
1799 1203 1803 1212 ²

233 1293 286 1352 τος
301 1276 435 1360 τὴντῶν
449 1276 603 1362 δαιμόνων
619 1278 767 1364 λατρείαν
782 1278 877 1365 λέγει.
1026 1283 1144 1345 lemini
1157 1303 1185 1345 ιι.
1202 1285 1346 1347 Vincula
1357 1291 1471 1348 autem
1485 1293 1518 1350 et
1529 1288 1685 1352 tenebras
1697 1288 1780 1351 dicit

1026 1385 1217 1448 daemonum
1232 1390 1374 1450 cultum.

278 1503 309 1546 v.
327 1485 357 1548 8.
374 1482 411 1549 Ὁ
425 1484 514 1568 Θεὸς,
537 1488 571 1552 ἐν
587 1496 630 1573 τῷ
653 1487 877 1573 ἐκπορεύεσθαί
893 1511 928 1554 σε
952 1491 981 1554 ἐ-
1069 1509 1101 1553 ν.
1114 1492 1144 1553 8.
1161 1493 1259 1570 Deae,
1273 1489 1551 1574 almepredcrerls
1565 1493 1602 1558 ιἰι
1616 1499 1781 1574 υυιιιμυοιιι
1893 1539 1894 1542 ,

236 1585 351 1652 νόιπιυν
373 1599 429 1653 τοῦ
451 1590 532 1655 λαοῦ
555 1613 622 1674 σου,
638 1591 671 1656 ἐν
695 1601 738 1676 τῷ
752 1592 922 1680 διαβαίνειν
945 1615 982 1658 σε
1022 1593 1139 1674 popae·
1165 1595 1224 1673 lai,
1255 1612 1326 1660 calm
1341 1598 1565 1676 pertransires
1584 1599 1621 1660 ia
1642 1598 1776 1676 deserto,

235 1694 290 1756 τὸν
305 1693 433 1779 ἔρημον.
449 1693 630 1780 Διάψαλμα.
643 1694 688 1781 Γῆ
705 1695 841 1782 ἐσείσθη,
854 1699 909 1762 καί
923 1699 985 1783 γάρ
1031 1695 1237 1780 [diapsalma]
1248 1763 1251 1769 ,
1261 1701 1349 1762 terra
1374 1691 1460 1762 mola
1484 1703 1542 1778 est,
1569 1703 1687 1766 clanim
1709 1702 1766 1767 cal
1775 1705 1781 1716 '

236 1793 265 1858 ol
280 1795 406 1879 οὐρανοί
421 1797 555 1877 ἐσταξαν
571 1799 634 1864 άπὸ
649 1799 817 1883 προσώπου
834 1811 890 1865 τοῦ
902 1801 985 1869 Θεοῦ
1029 1799 1276 1865 distillaverunt
1289 1819 1310 1866 a
1315 1791 1411 1883 facia
1425 1803 1489 1866 Dei
1503 1804 1609 1868 δίκαι’.

236 1909 291 1964 τοῦ
307 1899 396 1964 Σινά.

282 2001 833 2094 Ὡσαύτως,ὸΘεὸς,πρυερχυμένυυ
850 2029 905 2073 σου
922 2012 982 2093 πρὸ
1072 2007 1234 2070 Similiter
1271 2025 1349 2070 curn
1386 2012 1445 2088 tu,
1477 2011 1589 2089 Deua,
1624 2011 1776 2090 procedis

237 2116 292 2171 τοῦ
315 2106 395 2171 λαοῦ
419 2129 485 2191 σου,
503 2107 662 2195 βαίνοντας
684 2111 736 2177 διὸι
755 2112 916 2197 ἀδικήτου,
940 2123 982 2200 γη
1029 2114 1108 2172 onte
1139 2113 1303 2192 populum
1330 2115 1439 2190 tuum,
1471 2113 1631 2190 gradiens
1661 2117 1778 2176 contra

236 2209 372 2296 ἐσείσθη,
389 2213 519 2296 οὐρανὸς
537 2213 573 2277 δέ
587 2214 727 2298 ἔσταξεν,
745 2216 877 2301 μέλλων,
895 2220 982 2302 φησί,
1027 2213 1204 2293 injustum,
1221 2219 1311 2276 terra
1326 2216 1477 2294 tremuit,
1493 2217 1617 2279 coelum
1636 2215 1776 2279 distilla-

237 2313 403 2381 διαόαίνειν
418 2317 461 2392 εἰς
477 2319 536 2402 τὴν
552 2319 669 2404 ἔρημον
692 2319 825 2406 ἐκείνην,
846 2324 902 2387 καί
917 2320 982 2386 ἀοί-
1029 2319 1089 2380 vit.
1104 2321 1336 2396 Ingressuros,
1349 2320 1407 2397 ait,
1417 2319 1452 2382 in
1462 2319 1525 2382 hoo
1536 2320 1779 2399 desertum,in·

237 2438 345 2503 κητον,
369 2421 423 2484 καί
454 2419 584 2506 μηδέπω
607 2422 779 2508 δεξαμένην
806 2419 870 2489 τοῦ
884 2428 985 2510 φωτὸς
1029 2423 1186 2484 colurum·
1212 2439 1340 2502 expers,
1368 2439 1477 2504 neque
1505 2419 1615 2486 ullum
1639 2425 1780 2487 luminis

237 2525 295 2614 τὴν
315 2523 436 2604 ἀκτῖνα,
456 2524 687 2612 έκλόνησαγὴν
700 2529 756 2613 μέν
773 2529 828 2591 καί
848 2527 982 2593 συνέσει·
1029 2525 1163 2588 radium
1197 2525 1372 2606 recipiens,
1401 2529 1525 2588 terram
1555 2528 1718 2606 succussi,
1743 2532 1777 2588 et
1894 2527 1896 2532 ’

237 2647 308 2691 σεν·
325 2627 491 2711 οὐρανόθεν
507 2629 542 2692 δέ
558 2632 613 2706 τὸις
629 2637 685 2713 της
701 2631 830 2717 χάριτος
842 2633 984 2718 ψεκάδος
1027 2629 1241 2692 contremuit.
1258 2629 1397 2692 Coelitus
1410 2646 1489 2692 vero
1506 2629 1684 2692 distillavit
1698 2647 1776 2708 gra-

111 2721 116 2738 '
236 2727 427 2809 ὐπέσταξεν·
441 2731 553 2816 γέγονε
568 2733 603 2798 δὲ
625 2736 661 2798 τὸ
678 2735 734 2820 μέν
749 2734 800 2799 ἐπί
815 2746 870 2801 τοῦ
893 2760 985 2802 σταυ-
1028 2734 1084 2796 tiae
1117 2733 1243 2796 stillas:
1277 2731 1398 2795 horum
1432 2737 1547 2795 autern
1581 2735 1676 2814 prius
1710 2735 1774 2797 sub

237 2844 303 2918 ροῦ,
320 2833 390 2900 τότε
405 2837 467 2919 γάρ
483 2835 503 2920 ἡ
528 2845 569 2922 γη
585 2837 721 2921 ἐσείσθη,
745 2838 831 2903 τότε
854 2840 889 2904 δὲ
905 2843 985 2926 μετά
1028 2853 1127 2900 cruce
1143 2835 1270 2898 iactum
1286 2840 1346 2916 est,
1362 2837 1444 2899 tunc
1468 2839 1558 2900 enirn
1577 2843 1666 2900 terra
1686 2843 1778 2901 mota

236 2941 295 3024 τἠν
318 2940 361 3015 εἰς
384 2941 437 3003 τὸν
464 2941 595 3024 οὐρανὸν
618 2940 790 3006 ἐπάνοδον·
812 2954 987 3026 τηνικαῦτα
1030 2941 1776 3021 est3posteriusveropostreditumincoelum.

236 3045 298 3128 γὸρ
321 3041 528 3128 ἐπεφοίτησεν
552 3043 573 3129 ἡ
597 3055 652 3109 τοῦ
678 3045 854 3131 πνεύματος
880 3048 983 3134 χάρις,
1030 3047 1116 3108 Tum
1140 3042 1231 3105 enim
1258 3045 1404 3125 Spiritus
1435 3046 1548 3122 gratia
1570 3048 1777 3127 supervenit,

239 3147 304 3212 υίόν
319 3169 406 3224 τινας
421 3147 534 3231 δρόσου
547 3148 688 3232 ψεκάδας
709 3149 905 3236 μιμούμενος,
922 3162 986 3231 τοῖς
1029 3151 1193 3227 tanquam
1209 3148 1340 3228 aliquot
1351 3149 1436 3211 roris
1448 3149 1556 3212 stillas
1569 3150 1712 3230 imitata,
1725 3170 1780 3214 su-

238 3250 444 3328 άποστόλοις·
458 3251 528 3315 είτα
550 3250 743 3336 σαφέστερον
758 3251 929 3331 Ἰουδαίους
944 3254 987 3319 δι-
1031 3269 1091 3332 pcr
1120 3251 1304 3331 apostolos3
1336 3250 1456 3313 exinde
1487 3252 1613 3315 clarius
1643 3256 1664 3316 J
1668 3253 1779 3316 udaeos

241 3354 368 3420 δάσκιον
384 3355 436 3418 τὸν
449 3354 554 3419 πάντα
568 3367 668 3420 ταῦτα
683 3357 813 3441 δρῶντα,
826 3357 988 3444 ἐπήγαγεν
1032 3355 1172 3418 edocens
1188 3355 1229 3418 de
1251 3358 1389 3417 auctore
1408 3355 1531 3417 harum
1554 3358 1706 3420 omnium
1730 3375 1780 3421 re-

239 3459 302 3524 ἀπὸ
325 3456 493 3542 προσώπου
514 3467 569 3522 τοῦ
592 3458 685 3542 Θεοῦ,
710 3470 766 3524 τοῦ
790 3459 824 3525 ἐν
843 3470 887 3547 τῷ
910 3463 988 3547 Σινᾷ
1032 3449 1119 3538 rum,
1132 3457 1250 3521 eduxit
1265 3457 1451 3521 eosafacie
1462 3459 1534 3537 Dei,
1543 3460 1602 3540 qui
1614 3460 1649 3521 in
1662 3466 1776 3524 monte

240 3561 402 3649 φανέντος.
1031 3565 1112 3627 Sina
1126 3564 1294 3644 apparuit.

283 3688 315 3730 v.
335 3668 385 3731 10.
402 3663 531 3751 Βροχὴν
546 3665 690 3730 ἑκούσιον
700 3666 842 3762 άμυρεῐς,
852 3668 877 3754 ὸ
893 3667 983 3750 Θεὸς,
1074 3685 1106 3730 v.
1125 3669 1175 3729 10.
1189 3665 1343 3728 Flauiam
1354 3667 1572 3730 voluntariam
1583 3666 1774 3750 aeprepalis,

244 3779 283 3856 τῇ
299 3768 496 3854 κληρονομίᾳ
515 3791 582 3833 σου.
1030 3773 1130 3848 Deae,
1147 3768 1330 3866 haereditali
1347 3772 1431 3832 tuac.

285 3875 329 3940 Τὸ
349 3872 553 3958 εὐαγγελικὸν
576 3871 723 3958 κήρυγμά
746 3893 824 3958 φησι
847 3872 987 3959 βρυχήν·
1075 3872 1351 3936 Praedicationem
1368 3873 1538 3950 evangelii
1555 3875 1706 3954 pluviam
1730 3875 1778 3938 di-

239 3974 410 4060 καταθιίτω
426 3973 467 4051 ὡς
483 3975 570 4052 ὑετὸς
590 3975 641 4040 ἐπί
656 3975 771 4042 πόκον·
794 3977 938 4043 ἑκούσιον
953 3978 988 4043 δέ
1032 3976 1089 4039 cit.
1103 3974 1316 4039 «Descendat
1329 3975 1419 4038 sicut
1440 3977 1557 4056 pluvia
1575 3977 1611 4038 in
1632 3979 1752 4040 vellus.
1762 3999 1778 4036 ιι

238 4086 315 4167 πρὸς
338 4079 576 4163 άντιὸιαστυλὴν
603 4088 660 4165 τῆς
686 4088 816 4166 νομικῆς
831 4081 987 4165 λατρείας·
1041 4079 1263 4145 Voluntariam
1277 4096 1367 4158 vero,
1384 4081 1420 4142 in
1436 4081 1645 4160 oppositione
1658 4081 1781 4158 legalis

237 4185 356 4261 ἐκεῖνος
375 4185 436 4268 γὸιρ
455 4183 514 4248 οὐκ
534 4183 575 4268 ην
598 4184 703 4261 αὐτοῖς
728 4183 879 4268 ἑκούσιος,
903 4187 988 4249 κατὸι
1031 4183 1222 4261 ministerii,
1238 4182 1328 4262 quod
1347 4184 1368 4244 J
1372 4182 1475 4245 udaeis
1496 4185 1690 4246 voluntaria
1713 4202 1780 4247 non
1871 4211 1872 4214 ¹

237 4291 291 4357 τό·
308 4289 362 4367 Τίς
377 4287 536 4374 ἐκξήτησε
551 4299 651 4354 ταῦτα
661 4288 700 4353 ἐκ
712 4298 772 4354 τῶν
787 4299 901 4375 χειρῶν
917 4311 987 4375 μους
1031 4288 1108 4367 fuit,
1119 4286 1220 4367 juxta
1236 4287 1337 4350 illud:
1355 4288 1436 4362 Quis
1457 4287 1522 4349 ista
1537 4288 1718 4368 requisivit
1738 4306 1780 4351 ex

1033 4391 1191 4455 manibus
1207 4389 1315 4451 meis?

280 4519 312 4564 v.
330 4501 381 4564 18.
397 4498 442 4563 Τὸ
457 4499 545 4583 ἅρμα
560 4508 615 4563 τοῦ
631 4497 715 4566 Θεοῦ
737 4499 969 4584 μυριοπλάσιυν.
1075 4515 1107 4558 v.
1121 4496 1171 4559 18.
1187 4493 1313 4559 Carras
1323 4493 1386 4555 Dal
1396 4489 1500 4556 dacem
1512 4490 1658 4555 millibus
1669 4493 1778 4556 malti-

504 4647 508 4658 .
1028 4601 1120 4681 ple.

263 4704 388 4794 ,Ἄρμα
403 4717 458 4771 τοῦ
473 4704 566 4788 Θεοῦ,
591 4707 690 4792 ψυχαί
712 4705 982 4789 καθαρα1,αίς-ἐ·
1071 4707 1197 4768 currus
1205 4700 1276 4778 Dei,
1285 4700 1406 4762 animae
1418 4715 1521 4778 purae,
1531 4699 1566 4761 in
1575 4716 1659 4778 quas
1668 4718 1775 4780 purus

236 4812 317 4897 πέδη
333 4815 351 4876 ὸ
367 4811 505 4895 καθαρὸς
520 4810 610 4892 Θεὸς,
627 4811 907 4896 ᾢύποξεύγνυνται
922 4821 983 4878 των
1027 4805 1179 4872 ascendit
1197 4804 1298 4881 Deus,
1321 4819 1441 4864 currus
1464 4802 1520 4863 cui
1541 4801 1774 4881 subjugantur

235 4916 426 4984 εὐθυνόντων
441 4915 474 4979 αἱ
489 4914 638 5001 χιλιάδες.
768 4943 771 4950 ⁴
908 4933 910 4940 '
1028 4914 1144 4976 decem
1159 4907 1268 4970 millia
1283 4910 1371 4970 recte
1387 4907 1610 4968 currentium.

269 5146 297 5186 v.
320 5128 346 5184 8.
360 5125 426 5184 Vat.
439 5127 463 5181 6.
477 5123 520 5183 of.
534 5125 677 5181 Athenas.
691 5122 808 5180 Gorder.
821 5141 854 5195 11,
867 5125 927 5180 343.
1070 5135 1097 5175 v.
1112 5117 1153 5186 10,
1168 5115 1209 5170 18.
1224 5111 1289 5170 Vnt.
1303 5113 1328 5182 6,
1343 5113 1384 5167 12.
1397 5112 1446 5167 Pa.
1462 5128 1546 5190 ικιιι,
1560 5113 1585 5168 6.
