4008 6094
275 407 316 469 78
938 408 1147 472 ORIGENES

270 547 366 613 ἐθνῶν
382 548 526 613 ἁπάντων
551 550 607 634 τὴν
629 547 794 632 σωτηρίαν.
812 546 1015 633 Θεασάμενος
1060 553 1158 627 ctam,
1176 552 1210 612 ct
1231 565 1346 612 omnes
1361 552 1481 627 gentes
1503 547 1545 610 ad
1561 563 1635 610 earn
1658 550 1805 609 vocatas.

272 651 469 737 όπροφήτης
492 660 556 728 τοῖς
570 661 625 716 τοῦ
647 651 822 737 πνεύματος
845 649 1015 736 ὀφθαλμοῖς
1063 657 1202 716 intuens
1229 652 1391 732 propheta
1421 669 1498 714 cum
1532 652 1671 731 spiritus
1703 650 1809 712 oculis

274 757 332 841 την
345 755 498 842 ἐσομένην
510 765 602 820 πᾶσιν
615 754 786 840 ἀνθρώποις
799 753 955 839 σωτηρίαν
967 755 1018 820 διὰ
1062 756 1212 819 futuram
1229 755 1385 818 omnibns
1401 754 1596 816 hominibus
1610 755 1756 816 salutem
1775 754 1810 815 in

273 869 331 944 τῆς
353 860 438 938 θείας
459 859 651 944 ἐπιφανείας,
679 859 810 924 ἱκετεύει
831 860 949 944 ταύτην
971 859 1019 924 ότι
1062 859 1178 922 divina
1196 859 1395 940 Epiphania,
1410 851 1808 938 eamdempostulatsupss

273 964 408 1052 τάχιστα
424 964 672 1050 παρασχεθηναι,
689 955 740 1028 ἵνα
763 966 820 1050 τὴν
842 965 881 1031 ἐκ
903 963 1019 1048 ταύτης
1062 963 1139 1043 plex
1157 967 1309 1043 utquam
1323 961 1576 1040 citohabeatur,
1590 960 1679 1023 uude
1693 977 1808 1023 omues

273 1067 432 1154 φυομένην
459 1065 604 1153 εὐλογίαν
633 1067 836 1154 τρυγήσωμεν
866 1069 1021 1146 ἅπαντες·
1064 1065 1331 1129 benedictionem
1348 1083 1440 1127 exea
1454 1063 1729 1127 succrescendam
1742 1079 1810 1126 me·

273 1171 341 1236 είτα
363 1171 415 1236 διὰ
437 1174 489 1235 τύν
513 1169 707 1256 ἐπαγόμενον
730 1170 848 1254 ταύτην
870 1170 955 1256 ἡμᾶς
977 1170 1020 1234 δι-
1063 1172 1185 1231 tamus.
1203 1171 1309 1243 Quam
1325 1185 1423 1249 porro
1438 1185 1498 1248 per
1519 1167 1697 1248 sequentia
1711 1166 1808 1229 nobis

272 1274 383 1340 δάσαει
398 1275 601 1360 σαφέστερον.
620 1275 837 1359 Ἐπιφανείται
852 1273 887 1338 δέ
902 1276 937 1338 τὸ
948 1273 1023 1357 πρό·
1067 1273 1178 1350 magis
1194 1273 1369 1354 perspicue
1385 1272 1490 1336 docet.
1506 1272 1740 1336 Manifestatur
1754 1289 1813 1334 au-

277 1401 384 1444 σωπον
401 1390 456 1445 τοῦ
472 1379 595 1444 πάντων
618 1379 818 1463 δημιουργοῦ,
834 1380 869 1442 τό
883 1377 1024 1463 πληροῦν
1069 1382 1137 1438 tem
1161 1393 1303 1456 persona
1327 1377 1492 1440 creatoris
1514 1393 1628 1439 rerum
1650 1377 1812 1454 omnium,

273 1484 358 1569 ἡμᾶς
380 1482 524 1570 εὐλογίας
546 1485 600 1546 καί
623 1483 799 1578 οίκτμρμῶν,
823 1481 1023 1567 ἐπιφανέντος
1068 1481 1127 1561 qui
1143 1479 1272 1542 affatim
1287 1479 1384 1544 nubis
1401 1480 1593 1561 impertitur
1611 1479 1813 1543 benedictio-

274 1589 349 1675 ἡμῖν
365 1599 419 1654 τοῦ
446 1596 649 1675 χαρακτῆρος
672 1595 730 1670 τῆς
752 1586 953 1664 ὑποστάσεως
968 1588 1045 1652 αὐ.
1068 1604 1144 1648 nem
1161 1590 1195 1648 et
1218 1587 1461 1664 miserationes,
1484 1602 1562 1647 cum
1584 1583 1681 1647 nobis
1704 1587 1812 1646 osten·

277 1704 332 1757 τοῦ
341 1694 395 1757 καί
403 1691 629 1780 ἐμφανίσαντος
642 1690 753 1757 ἑαυτόν
766 1701 830 1768 τοῖς
842 1691 946 1775 ἀξίοις,
956 1692 1023 1756 ἐπεὶ
1067 1691 1117 1753 dit
1131 1690 1278 1768 figuram
1294 1707 1364 1753 suae
1375 1689 1583 1766 substantia,
1599 1704 1702 1768 seque
1718 1702 1810 1749 reve-

280 1798 342 1882 γόιρ
365 1795 458 1860 εὐιύν
479 1795 545 1860 ἐστι
567 1806 622 1860 τοῦ
645 1794 727 1862 Θεοῦ
750 1805 805 1860 τοῦ
828 1795 964 1880 ἀοράτου
986 1798 1022 1861 ὐν
1066 1796 1150 1857 lavit
1161 1795 1194 1856 id
1207 1794 1424 1871 merentibus,
1433 1791 1567 1874 quando
1579 1790 1717 1872 quidem
1730 1791 1811 1851 ima·

164 1979 166 1984 ,
276 1899 293 1964 ό
319 1899 472 1984 καθορῶν,
493 1898 551 1984 όρᾷ
573 1902 627 1964 τόν
650 1897 788 1983 Πατέρα.
810 1895 848 1964 Ὁ
871 1899 928 1985 ἐμὲ
948 1903 1020 1986 γὰρ,
1066 1903 1178 1978 guest
1199 1899 1380 1963 invisibilis
1402 1898 1480 1976 Dei3
1497 1914 1597 1977 quem
1621 1897 1680 1976 qui
1702 1894 1804 1973 videt,

277 2006 382 2089 φησίν,
400 2003 558 2087 ἑωρακὼς,
574 2006 629 2067 καί
643 2005 696 2068 τὸν
709 2001 837 2087 Πατέρα
851 2025 909 2088 μου
925 2003 1022 2089 έύνρα-
1067 2007 1199 2066 Patrem
1215 2003 1316 2064 videt.
1343 2002 1437 2077 «Qui
1458 2001 1548 2063 enim
1564 2017 1617 2062 me
1640 1998 1734 2077 vidit,
1750 1999 1808 2077 ait,

276 2129 342 2172 κεν.
363 2107 444 2174 Τότε
464 2110 536 2184 τοὺς
551 2105 813 2192 εὐεργετημένους
831 2106 956 2194 εὐλογεῖ
969 2110 1023 2172 καί
1067 2111 1168 2172 etiam
1177 2110 1308 2170 Patrem
1318 2124 1431 2169 meum
1443 2106 1563 2168 vidit.»
1575 2104 1722 2168 Tandem
1735 2121 1810 2166 mu-

277 2213 432 2298 οίατείρει,
466 2221 560 2277 πᾶσιν
587 2211 732 2298 εὐλογίαν
754 2214 967 2297 πνευματικὴν
988 2213 1022 2277 ἐν
1067 2213 1241 2277 nificentia
1269 2229 1333 2274 sua
1370 2209 1599 2289 gaudentibus
1633 2207 1812 2286 benedicit,

278 2327 342 2396 τοῖς
358 2318 551 2404 ἐπουρανίοις
566 2319 649 2404 έχων
663 2315 796 2402 Ἰησοῦς.
941 2337 946 2345 ·
1068 2334 1253 2398 eorumque
1275 2317 1454 2379 miseretur
1475 2317 1594 2392 Jesus,
1623 2315 1683 2394 qui
1706 2314 1811 2376 omui-

1066 2422 1131 2485 bus
1156 2421 1367 2502 spiritualem
1393 2417 1660 2483 benedictionem
1687 2418 1721 2480 in
1749 2435 1814 2480 οια-

1066 2525 1208 2590 lestibus
1224 2528 1386 2588 reservat.

863 2772 1031 2850 Psalmus
1055 2770 1231 2850 LXVII.

318 3048 349 3091 v.
367 3029 397 3091 3.
414 3022 469 3103 Ὡς
491 3023 631 3090 ἐκλείπει
653 3026 780 3107 καπνός,
804 3022 1018 3088 ἐκλιπέτωσαν
1106 3043 1137 3087 v.
1155 3028 1184 3090 3.
1201 3027 1412 3110 Sicatdrstcit
1424 3026 1555 3109 sumus,
1574 3028 1741 3111 desidiae&
1764 3028 1809 3091 si»

276 3129 317 3207 ὡς
333 3128 464 3213 τήκεται
478 3131 576 3213 κηρός
588 3127 650 3191 ἀπὸ
663 3127 830 3212 προσώπου
845 3129 950 3211 πυρὸς,
968 3127 1019 3190 οὐ·
1064 3131 1119 3193 aar
1129 3129 1213 3213 fluit
1234 3147 1308 3194 cera
1329 3148 1350 3194 a
1366 3131 1461 3212 sacia
1486 3131 1584 3213 iguis,
1610 3133 1659 3197 sic
1673 3135 1813 3213 pereunt

275 3254 336 3309 τως
352 3232 519 3297 ἀπόλοιντο
533 3232 562 3296 οἱ
577 3232 757 3318 ἁμαρτωλοί
773 3231 836 3297 ἀπὸ
852 3229 1021 3315 προσώπου
1058 3239 1241 3314 peccatores
1255 3252 1276 3299 a
1289 3234 1383 3317 sarie
1397 3236 1468 3300 Dei.

275 3346 330 3400 τοῦ
347 3334 441 3402 Θεοῦ.

319 3435 442 3525 Ὥσπερ
457 3442 576 3517 καπνὸς
595 3440 866 3525 παρακολούθημα
881 3440 948 3504 ἐστι
963 3461 1020 3504 πυ·
1111 3442 1206 3503 Sicut
1221 3441 1334 3504 sumus
1351 3443 1443 3520 ignis
1463 3449 1564 3524 atque
1580 3443 1720 3505 luminis
1735 3458 1811 3504 con·

276 3546 327 3627 ρύς
343 3545 397 3607 καί
419 3545 529 3629 φωτός,
547 3547 627 3608 οὐτω
651 3543 900 3610 cavernulam!
923 3544 1022 3630 όιμαρ-
1066 3547 1243 3624 sequentia
1269 3549 1329 3626 est,
1353 3547 1401 3608 ita
1427 3551 1618 3627 peccatores
1640 3544 1810 3625 justorum

275 3647 377 3731 τωλοὶ,
395 3650 431 3712 οὐ
454 3651 538 3713 κατὰ
556 3649 792 3735 προηγούμενον
814 3649 908 3733 λόγον
922 3661 1021 3715 τοιοῦ-
1066 3649 1204 3729 sequela
1233 3655 1322 3727 sunt,
1345 3649 1435 3712 haud
1465 3648 1565 3728 juxta
1598 3649 1807 3728 praemissum

274 3750 498 3837 τοιγενόμενοι.
511 3747 548 3816 Ὁ
560 3754 623 3837 γὰρ
634 3753 869 3839 προηγούμενος
881 3752 974 3837 λόγος
985 3756 1022 3840 η·
1065 3769 1263 3816 sermonem.
1276 3755 1452 3816 Praemissa
1468 3753 1559 3816 enim
1574 3752 1676 3814 verba
1692 3751 1811 3812 volunt

248 3841 258 3862 ‘
275 3855 346 3921 θελε
358 3858 412 3920 καί
433 3858 545 3934 αὐτοὺς
560 3858 640 3920 εἶναι
655 3866 730 3942 φῶς,
753 3860 837 3922 κατὰ
859 3857 905 3922 τό·
920 3854 1022 3943 Ὑμεῖς
1063 3855 1173 3935 justos
1188 3875 1321 3937 quoque
1342 3875 1414 3920 esse
1430 3858 1555 3934 lumen,
1571 3854 1758 3918 secundnm
1775 3855 1813 3916 il·

275 3961 347 4024 ἐστε
359 3962 394 4025 τό
407 3969 471 4045 φῶς
483 3971 537 4026 τοῦ
549 3959 899 4047 κόσμουκαὶέύούλετο
910 3964 1024 4038 αὐτούς
1067 3960 1141 4024 lud:
1175 3963 1270 4024 «Vos
1298 3962 1378 4024 estis
1407 3962 1466 4024 lux
1495 3959 1654 4022 mundi.»
1686 3959 1814 4021 Volunt

277 4065 358 4129 εἶναι
375 4075 445 4149 πῦρ,
464 4067 549 4129 κατὰ
561 4064 612 4130 τό·
634 4063 672 4130 ‘0
684 4075 780 4131 ποιῶν
798 4069 870 4144 τούς
888 4066 1024 4151 λειτουρ-
1068 4067 1170 4129 etiam
1187 4082 1242 4128 eos
1258 4083 1330 4128 esse
1347 4067 1473 4144 ignem,
1485 4064 1586 4144 juxta
1602 4062 1703 4125 illud:
1723 4063 1813 4136 «Qui

274 4172 350 4255 γοὺς
372 4171 478 4254 αὐτοῦ,
498 4171 594 4254 πυρός
613 4169 726 4256 φλόγα.
751 4170 840 4236 Ἐπεί
860 4172 895 4235 δέ
910 4171 1023 4260 πεφεύ-
1067 4170 1147 4233 facit
1174 4169 1345 4232 ministros
1372 4185 1450 4232 suos
1473 4167 1644 4230 flammam
1672 4168 1810 4246 ignis.»

309 4351 641 4410 Ps.nxr11.1ncidimus
657 4351 689 4406 in
701 4351 853 4422 antiquum
871 4351 944 4407 illud
955 4369 1022 4407 can-
1065 4346 1150 4419 quasi
1163 4345 1259 4418 erupit
1276 4363 1374 4401 coram
1391 4345 1544 4400 ruentibus
1563 4345 1813 4417 simulacrisque

275 4437 366 4492 ticum
378 4436 456 4507 quod
467 4437 555 4508 louge
564 4436 688 4493 Davidis
698 4442 729 4492 et
737 4455 841 4508 regum
851 4443 881 4493 ot
889 4437 1022 4509 judicum
1065 4441 1165 4489 tamen
1174 4431 1252 4504 apud
1267 4432 1397 4488 seniores
1406 4431 1622 4486 Alexandrinos
1634 4431 1745 4487 intacta
1754 4449 1813 4487 non

275 4528 407 4594 tempora
418 4529 544 4595 superat,
558 4540 624 4576 cum
636 4522 667 4577 in
678 4521 804 4595 ipseper
817 4522 964 4582 desertum
973 4541 1021 4597 pe·
1064 4519 1213 4576 remansit.
1226 4519 1316 4573 Plura
1334 4517 1411 4574 enim
1423 4534 1504 4574 more
1522 4534 1574 4572 suo
1594 4517 1739 4573 Eusebius
1751 4535 1813 4572 cor-

274 4609 473 4681 regrinatione
481 4615 544 4665 tum
554 4609 679 4681 primum
688 4608 853 4664 insonuisse
861 4615 1021 4682 reputetur.
1065 4607 1140 4662 rosit
1158 4613 1188 4662 et
1205 4605 1354 4660 incondite
1372 4603 1489 4675 effudit;
1508 4604 1646 4676 pauciora
1659 4604 1812 4677 Didymus,

276 4695 378 4751 Multis
387 4699 489 4767 utpote
499 4693 629 4750 tenebris
639 4694 767 4749 obsitum
780 4694 921 4766 Origenes
933 4696 1021 4767 proli·
1065 4693 1124 4750 alia
1137 4691 1307 4748 Theodorus
1325 4691 1500 4747 Heracleote
1512 4697 1580 4764 post
1597 4691 1757 4746 Eusebium
1769 4707 1814 4745 re·

274 4799 313 4839 xo
327 4799 393 4838 eum
404 4779 613 4837 commentario
625 4779 794 4850 illustravit,
807 4781 890 4852 cujus
902 4797 979 4838 nova
991 4785 1022 4836 ct
1064 4784 1212 4853 ceperunt.
1226 4778 1310 4834 Circa
1323 4777 1411 4833 finem
1423 4777 1549 4848 diligens
1561 4777 1655 4832 lector
1668 4776 1815 4848 expendat

275 4870 360 4942 plura
371 4866 538 4938 fragmenta
550 4865 668 4922 tandem
682 4867 791 4923 aruisse
801 4867 926 4939 juvabit.
1065 4883 1130 4937 quae
1142 4866 1258 4922 elevare
1270 4864 1407 4921 videntur
1425 4865 1582 4936 impactum
1595 4863 1716 4934 Origeni
1736 4879 1814 4917 erro·

310 4972 338 5010 v.
351 4955 377 5010 3.
390 4953 456 5010 Vat.
476 4953 518 5008 15.
532 4952 576 5008 uf.
594 4953 700 5008 March.
718 4972 746 5024 v,
765 4955 807 5009 ld
826 4953 876 5010 Ps.
891 4970 954 5024 cru,
967 4954 1020 5009 4.1
1066 4970 1127 5008 rem
1140 4950 1176 5006 de
1189 4949 1341 5023 parcendis
1355 4949 1535 5006 damonibus
1548 4953 1579 5004 et
1590 4947 1753 5019 mitigando
1771 4947 1813 5002 in-

277 5041 362 5098 Joan.
376 5041 401 5108 1,
414 5039 439 5094 5.
452 5037 542 5094 Hebr.
556 5056 611 5110 xu,
631 5041 672 5096 19.
685 5039 734 5095 Ps.
753 5057 829 5110 ινιτ,
847 5043 871 5097 9.
885 5041 954 5095 Luc.
968 5057 1022 5108 xrr,
1066 5039 1158 5108 lerna,
1172 5055 1257 5108 quem
1275 5036 1391 5108 quidem
1409 5035 1513 5092 nullibi
1527 5035 1558 5090 in
1574 5035 1622 5089 bis
1639 5040 1815 5091 commenta-

276 5129 320 5183 49.
339 5125 462 5182 Interim
479 5131 600 5181 strenua
620 5126 721 5182 concio
740 5127 776 5182 ab
794 5144 844 5184 ors
861 5131 1023 5199 martyrum
1067 5127 1120 5182 riis
1132 5124 1320 5198 repperimus.
