4036 6090
302 412 364 473 118
980 419 1190 482 ORIGENES

297 572 387 617 νατο.
407 551 547 637 Τοιαύτη
570 553 605 617 δέ
620 554 711 640 καλή
732 565 788 621 τοῦ
809 555 977 641 τρέφοντος
991 558 1049 641 τήν
1100 575 1166 638 que
1181 558 1291 621 voluit
1306 560 1568 640 temperabatur.
1584 581 1600 620 ι)
1620 562 1746 624 Similis
1768 579 1846 624 vero

300 655 408 742 ψυχήν
431 656 528 743 λόγου
551 657 651 743 φύσις,
667 661 744 744 πρὸς
766 661 823 746 τήν
841 661 970 746 δύναμιν
992 668 1048 741 τοῦ
1099 668 1151 725 est
1167 661 1295 726 indoles
1310 665 1475 728 sermonis
1489 666 1548 744 qui
1566 667 1715 730 animam
1727 667 1845 746 nutrit,

301 759 494 846 τρεφομένου
528 759 789 847 μεταθάλλουσα·
819 763 896 829 Ἐάν
936 763 1047 849 νήπιον
1099 770 1137 827 ut
1163 767 1273 847 quise
1292 765 1392 845 juxta
1414 767 1582 850 cujusque
1605 767 1777 832 nutriendi
1800 769 1846 834 ia·

298 863 438 949 τρέφηό
465 865 570 951 λόγος,
593 866 679 952 γάλα
700 865 837 952 γίνεται·
860 868 917 933 ἐὰν
938 868 1047 954 ψυχήν
1096 871 1259 933 cultatem
1281 873 1518 935 communicat.

301 966 506 1053 ἀσθενοῦσαν,
530 970 682 1056 λάχανον·
706 970 762 1035 ἐὰν
779 969 911 1054 τέλειον,
934 974 1048 1057 στερεά
1136 975 1170 1038 Si
1186 977 1370 1056 parvulum
1386 993 1495 1039 sermo
1507 977 1681 1056 cibaverit,
1704 978 1756 1040 lac
1774 975 1843 1039 effi-

298 1071 412 1157 τροφή.
437 1071 485 1138 Οὐ
506 1073 728 1160 καθεζομένοις
758 1074 793 1139 δέ
822 1073 898 1161 ήμῖν
921 1077 1048 1160 ἔρχεται
1092 1079 1199 1157 citur;
1225 1079 1254 1142 si
1281 1080 1429 1142 animam
1456 1080 1672 1159 imbecillem,
1696 1081 1787 1160 olus3
1813 1082 1843 1144 si

300 1177 337 1239 τό
351 1177 464 1262 μάννα,
488 1176 560 1242 ἀλλ’
571 1176 751 1263 ἐρχομένοις
773 1179 832 1258 ἐξω
854 1187 912 1262 τής
928 1201 1047 1266 παρεμ-
1091 1180 1284 1261 perfectam,
1298 1199 1373 1244 esca
1384 1182 1500 1245 solida.
1511 1183 1614 1246 Nobis
1626 1201 1705 1246 vero
1720 1201 1846 1247 manua

298 1278 405 1366 δολής,
421 1280 504 1365 λέγω
520 1281 560 1366 δή
583 1281 810 1367 τοῦσώματος,
834 1281 868 1347 ἐν
883 1284 908 1368 ᾧ
925 1281 1046 1368 άνεῐρκ-
1089 1281 1157 1348 uon
1176 1285 1371 1348 sedentibus
1383 1287 1490 1366 venit,
1506 1286 1565 1350 sed
1579 1286 1736 1367 profectis
1750 1292 1847 1352 extra

295 1384 384 1469 ταιή
401 1383 639 1470 ψυχήόεῖγάρ
650 1387 709 1471 τήν
721 1386 828 1471 ψυχήν
840 1384 954 1471 μηκέτι
968 1389 1047 1453 εἶναι
1090 1393 1212 1468 castra,
1236 1388 1310 1450 dico
1330 1395 1427 1452 extra
1442 1407 1573 1471 corpus,
1590 1391 1710 1472 inquo
1730 1394 1844 1455 anima

294 1488 329 1554 ἐν
345 1491 448 1572 σαρκὶ,
464 1488 537 1553 ἀλλ’
548 1489 582 1553 ἐν
593 1488 755 1574 πνεύματι.
769 1487 878 1567 Οὐδεὶς
894 1490 928 1554 δέ
941 1501 1046 1576 φορῶν
1091 1495 1221 1554 arctata
1236 1491 1311 1554 fuit.
1331 1495 1470 1556 Necesse
1491 1495 1582 1556 enim
1602 1499 1654 1557 est
1675 1497 1714 1556 ut
1729 1496 1843 1558 anima

294 1595 354 1679 τήν
370 1592 478 1659 εἰκόνα
492 1603 548 1658 τοῦ
571 1603 684 1679 χοϊκοῦ
699 1595 829 1660 δόναται
843 1596 938 1680 ἄρτον
954 1597 1046 1681 οὐρα·
1089 1594 1229 1657 minime
1257 1596 1292 1657 in
1319 1613 1441 1675 carne,
1474 1596 1533 1660 sed
1557 1599 1592 1660 in
1624 1599 1752 1678 Spiritu
1784 1601 1839 1662 sit.

297 1707 353 1762 νοῦ
369 1707 499 1783 φαγεῖν·
515 1697 592 1763 διότι
606 1699 739 1784 ψυχικὸς
760 1699 920 1783 ἄνθρωπος
937 1701 974 1764 οὐ
997 1699 1046 1766 δέ·
1089 1699 1193 1760 Nemo
1208 1703 1324 1761 autem
1346 1698 1458 1762 ferens
1480 1700 1668 1778 imaginem
1689 1700 1836 1765 hominis

297 1801 706 1888 praerectissimam.
720 1801 975 1889 Περὶήςτροφής
992 1807 1047 1870 καὶ
1089 1801 1226 1880 terreni,
1243 1807 1344 1882 aptus
1360 1806 1412 1865 est
1433 1801 1475 1865 ad
1497 1804 1573 1866 coeli
1597 1821 1718 1884 panem
1741 1805 1840 1868 eden-

296 1905 516 1991 σὺέδιδόιχθης
527 1905 685 1991 εὔχεσθαι.
699 1905 776 1970 Ἐὰν
787 1916 862 1992 νοής
873 1911 927 1973 τόν
939 1909 1043 1974 ἐπιοό-
1091 1904 1183 1967 dum.
1209 1905 1336 1968 Idcirco
1358 1907 1516 1970 animalis
1538 1907 1637 1970 homo
1660 1925 1728 1970 non
1750 1911 1840 1990 capit

297 2030 364 2075 σιον
377 2011 481 2095 ἄρτον,
497 2014 551 2077 τόν
563 2012 607 2096 μή
623 2010 836 2096 ἐκχωροῦντα,
848 2014 901 2079 τόν
914 2015 957 2098 μή
970 2013 1045 2078 όπο-
1090 2028 1130 2074 ea
1144 2028 1220 2092 quae
1241 2017 1322 2074 sunt
1336 2013 1481 2092 Spiritus
1494 2033 1527 2075 »ι
1544 2030 1645 2094 quem
1666 2014 1780 2077 cibum
1803 2019 1837 2077 et

296 2113 488 2199 κρινόμενον,
501 2118 555 2180 τὸν
570 2115 791 2200 ἀναδιδόμενον
806 2117 849 2193 εἰς
862 2118 920 2202 τήν
936 2115 1044 2183 οὐσίαν
1088 2118 1129 2178 tu
1143 2115 1282 2178 edoctus
1297 2131 1332 2178 es
1347 2121 1386 2179 ut
1401 2117 1560 2197 postules.
1576 2117 1611 2179 Si
1626 2119 1761 2181 noveris
1780 2135 1836 2198 pa·

151 2241 156 2256 ·
295 2225 352 2300 τής
361 2217 477 2304 ψυχης,
485 2218 561 2284 όταν
572 2217 776 2304 διαλαμθάνω
783 2222 854 2303 περὶ
867 2219 960 2304 Θεοῦ,
976 2224 1047 2306 περὶ
1089 2235 1166 2282 nam
1183 2219 1242 2299 qui
1258 2235 1325 2281 nou
1341 2221 1473 2298 transit,
1497 2221 1556 2300 qui
1573 2237 1639 2283 non
1657 2219 1755 2300 iallit,
1778 2223 1837 2302 qui

296 2329 354 2406 τής
369 2320 517 2405 θεότητος
533 2322 639 2403 αὐτοῦ,
655 2325 725 2406 περὶ
739 2331 796 2406 τής
811 2322 845 2388 ἐν
866 2323 1047 2410 ἀνθρωπίνῳ
1089 2322 1240 2385 daturin
1256 2321 1433 2386 fovendam
1456 2325 1577 2386 animae
1599 2325 1834 2403 substantiam,

297 2424 419 2510 σώματι
434 2427 488 2489 καὶ
508 2425 596 2512 ψυχή
620 2427 715 2491 αὐτοῦ
737 2426 934 2512 ἐνοικήσεως,
952 2431 1046 2514 άρτον
1094 2427 1226 2506 quoties
1243 2441 1307 2504 ego
1322 2425 1449 2489 dissero
1472 2426 1513 2489 dc
1531 2429 1610 2505 Deo,
1633 2427 1674 2490 de
1697 2427 1839 2506 Christ0,

300 2526 445 2612 ἀγγέλων
461 2527 563 2611 ἐσθίω,
586 2532 622 2594 τὸ
639 2528 750 2614 μάννα,
774 2531 851 2615 δπερ
874 2532 971 2616 εὑρὼν
994 2535 1048 2598 καὶ
1090 2529 1131 2591 de
1157 2528 1234 2608 eius
1259 2531 1448 2608 divinitate,
1469 2529 1610 2610 ejusque
1626 2531 1775 2594 incolatu
1802 2532 1837 2594 in

297 2629 468 2716 θαυμάσας
481 2631 707 2718 θαυμαστικῶς
723 2633 814 2718 ἐρεῖς·
833 2632 922 2719 Μάν;
937 2635 967 2701 τό
981 2637 1048 2702 ἐστι
1092 2633 1240 2697 humano
1255 2651 1392 2714 corpora
1407 2638 1441 2696 et
1456 2635 1579 2712 anima,
1595 2650 1716 2713 panem
1735 2649 1839 2711 ange·

298 2744 408 2818 τσῦτσ;
431 2738 485 2801 καὶ
504 2735 672 2820 γενήσεται
686 2748 779 2802 τοῦτο
800 2741 836 2804 τό
858 2738 983 2826 φθέγμα
1004 2751 1048 2830 τῷ
1092 2736 1203 2800 lorum
1232 2739 1408 2815 manduco,
1431 2755 1573 2816 manna;
1600 2753 1667 2817 quo
1697 2737 1836 2800 invento

298 2841 382 2924 ᾰρτῳ
394 2840 503 2924 ὄνομα,
516 2839 667 2924 Edessae,
682 2843 732 2906 ἵνα
743 2840 819 2927 ἡμῖν
830 2841 847 2905 ὁ
860 2840 940 2921 θεὸς
952 2843 1049 2910 tm.
1091 2843 1294 2921 stuporeque
1306 2840 1513 2921 stupefactus
1525 2841 1696 2904 clamabis:
1717 2841 1840 2904 «Mani

230 2933 239 2952 ⁸
300 2945 409 3029 τισμόν
425 2941 596 3028 ἀποστείλῃ
619 2945 663 3020 εἰς
680 2943 875 3029 πλησμονήν,
893 2946 953 3033 οὐχ
969 2947 1049 3012 ὥστε
1093 2942 1179 3017 Quid
1201 2947 1253 3006 est
1274 2943 1360 3007 boc?
1382 2950 1416 3007 et
1438 2944 1496 3007 fiet
1524 2944 1595 3006 haec
1626 2962 1694 3007 vox
1718 2961 1840 3007 nomen

296 3046 444 3132 γεύεσθαι
460 3046 562 3133 μόνον,
587 3047 671 3111 ἀλλα
690 3049 744 3112 καὶ
759 3048 964 3134 πληρωθῆναι
986 3061 1048 3118 τῦν
1091 3048 1231 3128 panis.»
1257 3052 1397 3128 Rogata,
1422 3053 1460 3112 ut
1485 3049 1582 3112 nobis
1610 3050 1701 3112 Deus
1728 3049 1842 3144 mittat

297 3149 400 3234 λόγων
427 3159 484 3236 της
510 3151 603 3236 ζωής,
630 3153 684 3215 καὶ
708 3152 988 3239 ἰσχυροποιηθηναι
1015 3157 1050 3222 ἐν
1103 3150 1265 3214 frumenti
1292 3170 1459 3216 annonam
1487 3153 1522 3215 in
1548 3154 1747 3230 satietatem,
1773 3167 1842 3214 non

300 3255 416 3332 αὐτοῖς.
440 3253 571 3340 Πλήνή
596 3253 818 3341 προηγουμένη
842 3259 943 3343 τροφή
966 3258 1047 3344 αὐτή
1091 3256 1189 3319 modo
1205 3257 1248 3319 ad
1264 3256 1488 3336 gustandum,
1504 3255 1562 3319 scd
1578 3260 1618 3318 ut
1641 3256 1841 3337 impleamur

301 3357 395 3422 ἐστιν.
1102 3359 1315 3422 sermonibus
1338 3360 1426 3438 vitae,
1451 3363 1484 3421 et
1499 3359 1541 3422 ab
1556 3359 1605 3422 eis
1627 3358 1757 3421 robusti
1774 3357 1843 3420 effi·

1093 3464 1238 3528 ciamur.
1251 3464 1386 3528 Etenim
1394 3464 1542 3544 idipsum
1556 3468 1606 3528 cst
1617 3466 1842 3528 memoratum

1094 3567 1380 3649 suprapabulum.

347 3666 524 3746 Ἐσθόοντες
546 3668 581 3735 δέ
603 3691 680 3735 ποτε
708 3673 744 3735 τό
771 3672 874 3757 μάννα
896 3671 1046 3758 Ἑόραῐοι,
1134 3674 1256 3735 Manna
1278 3676 1393 3734 autem
1417 3671 1560 3734 Hebraei
1583 3669 1838 3750 manducantes,

302 3771 432 3858 ἔλεγον·
448 3772 547 3838 Οὐδέν
562 3774 645 3860 πλὴν
661 3777 705 3852 εἰς
722 3779 757 3840 τὸ
770 3777 872 3862 μάννα
887 3778 916 3842 οἱ
931 3779 1047 3863 όφθοιλ-
1092 3775 1263 3838 dicebant:
1290 3774 1411 3837 «Nihil
1435 3774 1528 3836 aliud
1553 3775 1641 3837 oculi
1661 3775 1767 3838 nostri
1790 3776 1840 3838 ni·

302 3878 354 3960 pol
368 3875 476 3962 ήμῦν·
491 3876 692 3964 ἐμνήσθημεν
706 3881 768 3964 γὰρ
784 3879 859 3944 όταν
873 3879 1046 3966 ἐκαθέσθη-
1090 3879 1119 3941 si
1138 3897 1217 3941 man
1234 3878 1429 3958 respiciunt.
1450 3877 1684 3958 Recordemur,
1706 3879 1840 3959 quando

300 4001 356 4064 μεν
367 3981 419 4045 ἐπὶ
430 3990 492 4048 τῶν
502 3980 643 4066 λεόήτων
653 3991 714 4048 τῶν
730 3993 830 4066 κρεῶν
841 3984 875 4049 ἐν
885 3982 1045 4070 Αἰγύπτῳ.
1096 3983 1295 4048 sedebamus
1302 3981 1343 4044 ad
1351 3983 1434 4045 ollas
1442 3983 1595 4045 carnium
1609 3983 1644 4045 in
1652 3985 1836 4064 AEgyptol»

297 4072 362 4148 Kal
383 4083 475 4169 ήμεῖς
496 4083 703 4170 ταλανόζομεν
726 4085 884 4169 ἐκείνους,
908 4087 950 4166 ὡς
975 4088 1045 4155 τότε
1089 4083 1156 4148 Nos
1172 4091 1286 4148 autem
1301 4103 1357 4148 cos
1373 4085 1512 4148 miseros
1527 4101 1713 4164 censemus,
1726 4092 1765 4149 ut
1779 4086 1838 4166 qui

297 4187 534 4273 ἡμαρτηκότας,
558 4189 617 4274 οὐχ
639 4191 772 4273 δρῶντες
790 4191 837 4255 ότι
853 4193 907 4264 καὶ
922 4193 955 4258 ἐν
971 4193 1047 4278 ήμτν
1090 4194 1172 4252 tunc
1188 4190 1417 4270 deliquerunt,
1432 4206 1494 4250 nec
1517 4191 1630 4252 tamen
1643 4190 1707 4269 ipsi
1731 4190 1838 4252 consi·

297 4303 398 4356 ταῦτα
408 4296 448 4358 τα
461 4291 676 4378 ἁμαρτήματα
687 4292 821 4378 γίνεται·
837 4295 905 4360 ἀντὶ
915 4298 978 4381 γὰρ
990 4307 1047 4383 της
1092 4293 1248 4358 derantes
1263 4293 1367 4356 etiam
1382 4291 1473 4372 apud
1495 4309 1556 4355 nos
1578 4292 1650 4356 haec
1672 4291 1746 4356 fieri
1764 4311 1839 4374 pec·

164 4453 165 4456 ,
297 4405 510 4482 πνευματικής
529 4405 648 4482 τροφής
667 4399 707 4462 τά
721 4397 838 4481 πράσα,
855 4401 895 4463 τόι
910 4400 1046 4487 δυσώδη,
1090 4399 1276 4462 τοιοῦτοι
1295 4413 1355 4477 pro
1377 4396 1547 4476 spirituali
1569 4397 1644 4460 cibo
1666 4397 1839 4460 comedere

296 4503 352 4566 aci
367 4504 406 4566 τα
421 4501 554 4588 κρόμυα,
578 4503 618 4567 τόι
633 4500 815 4587 βλάπτοντα
837 4507 908 4582 τοὺς
929 4505 1045 4590 δφθαλ·
1089 4501 1358 4580 concupiscimus
1383 4516 1498 4580 porros
1530 4501 1776 4580 graveolentes,
1804 4504 1839 4564 et

298 4608 374 4689 μοὺς
389 4615 446 4690 τής
461 4607 577 4692 ψυχῆς,
594 4607 649 4670 καὶ
663 4607 705 4670 τόι
719 4605 902 4692 πληροῦντα
918 4608 1044 4695 δυσώδη
1091 4623 1200 4685 caepas
1216 4605 1330 4667 oculos
1345 4604 1467 4666 anima
1483 4603 1695 4684 hebetantes,
1718 4609 1752 4668 et
1774 4605 1841 4668 alia

295 4709 519 4796 ἁμαρτήματα,
536 4708 674 4794 σκόροδα
689 4709 900 4797 ἐπιθυμοῦμεν
921 4721 1044 4796 φαγεῖν,
1093 4727 1168 4791 quae
1184 4709 1287 4771 ietido
1302 4707 1402 4772 odore
1414 4708 1719 4789 implentpeccata,
1732 4727 1771 4772 ac
1785 4723 1841 4770 vo-

294 4816 349 4878 καὶ
360 4814 576 4900 ἐμφορηθῆναι
587 4813 709 4899 ήδονῦν
721 4813 900 4902 δυσοδμίας.
909 4813 974 4879 Καὶ
985 4817 1043 4901 τήν
1095 4815 1263 4894 luptatum
1294 4813 1397 4876 fetore
1424 4810 1574 4875 intercisi
1604 4815 1779 4891 telumue,
1806 4816 1840 4875 et

295 4917 426 4982 ἔκλυτον
442 4929 497 4983 τοῦ
512 4917 633 5003 κόσμου
645 4921 699 4983 καὶ
713 4927 775 4984 των
787 4925 972 5003 σωματικῶν
988 4916 1044 5002 φύ-
1097 4917 1258 4982 caducam
1281 4916 1399 4979 mundi
1421 4917 1638 4997 corporisque
1654 4934 1767 4980 rerum
1783 4935 1840 4979 na·

296 5041 343 5085 σιν
359 5021 536 5103 ποθοῦντες,
552 5021 697 5088 πεπόνων
711 5021 929 5108 ἐπιθυμοῦμεν,
941 5021 996 5085 καὶ
1008 5022 1043 5085 τό
1095 5027 1206 5084 turam
1237 5024 1413 5098 sectantes,
1443 5037 1590 5100 pepones
1628 5037 1783 5096 avemus;
1806 5021 1840 5080 et

269 5145 272 5152 ’
297 5121 518 5211 ἀναδιδόμενον
534 5127 577 5203 εἰς
591 5128 650 5212 τήν
661 5134 719 5210 τής
735 5127 840 5211 ψυχής
852 5121 960 5190 οὐσίαν
975 5122 1044 5190 ἀνε-
1092 5124 1308 5207 repudiantes
1324 5125 1357 5186 id
1373 5123 1462 5205 quod
1481 5123 1678 5210 conceditur
1700 5123 1737 5192 in
1758 5119 1835 5184 sub
