4020 6098
305 411 370 474 270
972 406 1182 471 ORIGENES

305 546 362 614 ἐάν
388 544 536 613 όπίπλεον
557 544 723 634 ἁμαρτάνῃ
746 567 808 628 τις,
830 547 886 610 καὶ
908 542 971 610 άπὸ
993 553 1050 630 τῆς
1093 545 1150 610 cit:
1165 562 1270 626 quare
1282 550 1321 610 tu
1333 549 1464 626 cogitas
1476 545 1608 627 jndicio
1620 551 1711 614 meai
1723 553 1768 614 ut
1780 551 1841 615 ior·

303 649 437 736 καρδίας
454 659 657 734 περιαιρεῖται
672 651 689 715 ό
704 659 762 735 τῆς
776 647 926 734 ἀληθείας
945 647 1050 734 λόγος,
1093 653 1182 712 tasse
1200 651 1230 712 si
1252 652 1329 730 quis
1352 651 1492 730 gravius
1509 657 1635 732 peccat,
1652 655 1756 718 etiam
1779 656 1839 718 tol·

303 753 512 840 θολουμένρς,
542 755 598 818 καί
627 753 720 819 οἱονεί
748 750 965 838 τυφλουμὲνης
994 762 1051 838 της
1093 745 1176 817 litur
1190 753 1332 817 verbum
1355 755 1508 819 veritatis
1531 773 1551 818 a
1573 756 1684 837 corde,
1708 763 1840 821 contur-

215 907 219 914 .
305 857 438 944 καρδίας
452 861 528 944 πρὸς
543 860 580 923 τό
595 861 638 945 μὴ
662 857 794 944 θεωρεῖν
812 859 871 944 τὴν
890 855 1050 941 ἀλήθειαν.
1092 857 1171 920 bato
1182 857 1311 920 scilicet
1326 858 1424 921 corde
1439 865 1473 923 et
1489 860 1585 940 quasi
1601 867 1776 942 cccoecato,
1801 869 1837 926 ut

1093 961 1239 1041 amplius
1255 964 1401 1041 nequeat
1412 978 1549 1026 cernere
1565 966 1754 1028 veritatem.

349 1084 381 1130 v.
405 1066 457 1130 46.
481 1062 546 1130 Καὶ
567 1064 701 1130 ἐλάλουν
723 1065 758 1130 ἐν
779 1072 844 1141 τοῖς
871 1061 1051 1149 μαρτυρίοις
1137 1084 1168 1128 ν.
1185 1064 1237 1128 46.
1253 1065 1298 1129 ut
1322 1065 1471 1148 loquebar
1491 1067 1528 1132 ic
1553 1069 1836 1136 restrictiores

305 1189 363 1234 σου
377 1166 517 1234 ἐναντίον
533 1167 695 1254 βασιλέων,
711 1168 766 1232 καὶ
780 1169 840 1232 aba
854 1167 1049 1254 ᾐσχυνόμην.
1092 1168 1130 1233 ia
1144 1175 1308 1250 τυιιτροοιιι
1321 1186 1443 1252 repom,
1462 1175 1566 1236 etaoa
1580 1171 1806 1254 confoedatum

348 1271 528 1358 Χαριόντως
550 1271 696 1358 ἁρμόσειε
721 1281 814 1336 τοῦτο
840 1281 883 1357 τῷ
907 1271 1048 1357 μάρτυρι,
1137 1276 1208 1337 Hoc
1233 1273 1382 1354 jucunde
1408 1277 1567 1339 convenit
1595 1279 1748 1360 martyri,
1777 1280 1834 1360 qui

306 1386 351 1464 τῷ
365 1379 416 1443 ἐπὶ
437 1375 595 1463 ἡγεμόνας
610 1378 664 1442 καί
687 1375 825 1462 βασιλεῖς
840 1375 985 1463 ἀγομένῳ
1000 1376 1053 1441 διὰ
1094 1378 1408 1458 propterOhristum
1420 1377 1557 1442 ducitur
1568 1397 1682 1445 coram
1694 1383 1840 1464 preasidi-

306 1482 453 1570 Χριστόν.
476 1477 641 1567 ‘Apprime
664 1484 807 1559 καὶτοῖς
836 1479 993 1567 ἀνοίγουσι
1015 1483 1051 1545 τό
1092 1481 1157 1544 bus
1173 1487 1207 1544 et
1228 1482 1496 1563 imperatoribus.
1520 1484 1586 1548 Eos
1602 1502 1737 1568 quoque
1757 1487 1839 1551 illud

305 1586 408 1673 στόμα
423 1585 474 1650 ea
488 1593 549 1652 τῶν
565 1585 733 1672 βασιλικῶν
749 1587 806 1663 τὰς
822 1587 927 1672 ψυχάς
943 1583 1051 1671 ἁγίων.
1093 1584 1198 1664 decet,
1214 1586 1273 1666 qui
1288 1602 1325 1649 os
1340 1587 1498 1667 aperiunt
1511 1604 1626 1652 coram
1643 1593 1782 1671 eunctis,
1794 1609 1842 1655 re·

312 1727 315 1734 ⁴
1094 1691 1317 1770 gissanimas
1332 1691 1541 1768 gerentibus.

349 1795 414 1862 Καὶ
430 1793 496 1882 μετ’
507 1793 609 1880 ὀλίγα.
625 1794 787 1880 Αἰσχύνης
801 1795 862 1879 γάρ
878 1791 951 1872 άξια
966 1790 1053 1879 λέγει
1137 1794 1263 1874 sipost
1269 1809 1386 1874 pauco.
1403 1795 1516 1873 Digna
1525 1813 1608 1860 sane
1623 1797 1751 1877 pudore
1766 1817 1839 1880 pro·

235 1931 238 1938 ·
305 1900 383 1986 όμὴ
398 1897 649 1986 προσλαμόάνων
665 1897 752 1983 ῥῆμα
766 1898 811 1975 είς
832 1899 868 1962 τό
892 1895 1053 1984 εὐαγγελί-
1094 1899 1167 1978 fert,
1183 1898 1243 1979 qui
1265 1914 1333 1961 non
1354 1899 1539 1962 assumite
1561 1900 1687 1963 Deoin
1709 1903 1837 1966 virtute

305 2004 420 2070 οαοθαι
433 2002 496 2066 άπὸ
519 2000 602 2068 Θεοῦ
624 2001 753 2087 δυνάμει
767 2001 880 2086 πολλῇ.
896 1999 966 2067 Οὐκ
986 2001 1054 2066 otc·
1094 2001 1357 2066 multaverbum
1371 2001 1414 2064 ad
1429 2001 1739 2080 evangelizandum.
1762 2007 1836 2070 Non

304 2107 404 2192 χόνης
419 2107 464 2189 δὲ,
481 2105 564 2170 άλλόι
586 2104 679 2189 δόξης
695 2104 767 2184 άξια
785 2103 882 2189 λέγει,
900 2105 916 2169 ό
931 2114 972 2190 τῇ
987 2104 1052 2169 δια-
1094 2106 1220 2188 μυόοτε
1244 2108 1370 2184 autem,
1397 2105 1456 2168 sed
1471 2106 1573 2183 digna
1588 2104 1705 2168 decore
1728 2107 1838 2187 loqui-

305 2208 389 2275 θέοει
403 2219 457 2274 τοῦ
473 2206 636 2292 προφήτου
650 2206 751 2292 λόγων
765 2207 812 2273 τό·
830 2208 895 2273 Καὶ
919 2207 1054 2274 ἐλάλουν
1093 2217 1160 2291 tur,
1188 2211 1247 2292 qui
1269 2210 1312 2273 ad
1337 2215 1486 2274 mentem
1509 2208 1674 2291 prophetae
1699 2212 1764 2275 ait:
1787 2213 1835 2277 ut

304 2313 374 2380 τιτλ
390 2312 647 2398 Μεγαλοπριπως
669 2311 732 2376 άπὸ
754 2320 865 2396 γενεάς
881 2312 998 2397 ζοόοης
1019 2313 1053 2378 ὁ·
1095 2315 1246 2397 loquebar
1268 2320 1330 2378 etc.
1347 2315 1484 2392 lugenti
1506 2331 1584 2378 cum
1603 2315 1714 2378 auimo
1739 2332 1836 2380 orsus

306 2425 410 2502 παντᾷ
425 2415 715 2503 μεταχειριζόμενος
738 2415 840 2497 ἕξεως,
862 2415 971 2503 ἐπειδὴ
989 2414 1053 2502 μεί-
1096 2438 1117 2483 a
1139 2419 1361 2500 generatione
1377 2417 1516 2498 fervida,
1531 2418 1668 2483 obvium
1694 2421 1840 2484 occurrit

306 2521 370 2600 ζων
384 2524 500 2599 παντὸς
522 2519 684 2608 βασιλέως,
709 2519 829 2606 μᾶλλον
849 2520 884 2584 δὲ
907 2518 1053 2608 βασιλιὺς
1096 2525 1166 2588 vim
1192 2541 1353 2588 exerens:
1380 2521 1488 2603 major
1514 2525 1605 2586 anim
1629 2541 1843 2606 quocumque

305 2622 460 2712 βασιλέων
479 2624 497 2689 ό
518 2623 623 2689 λαλῶν
645 2623 679 2689 ἐν
700 2621 776 2709 ἡμῖν
798 2623 892 2708 ἐστιν,
914 2623 990 2691 όταν
1012 2626 1054 2692 τά
1099 2646 1191 2708 rege,
1209 2629 1311 2691 immo
1327 2645 1388 2691 rex
1402 2643 1525 2706 regum
1541 2631 1602 2707 est,
1618 2629 1678 2708 qui
1693 2629 1846 2711 loquitur

307 2739 363 2794 τοῦ
379 2726 462 2794 Θεοῦ
476 2727 633 2813 λαλῶμεν.
1098 2734 1134 2798 in
1149 2732 1257 2814 nobis,
1273 2730 1408 2813 quando
1423 2731 1525 2794 verba
1540 2732 1601 2796 Dei
1617 2733 1800 2815 loquimur.

349 2855 382 2899 v.
399 2835 451 2916 47,
465 2835 517 2897 48.
530 2830 596 2897 Καὶ
605 2828 761 2917 ἐμελέτων
776 2830 812 2898 tr
827 2839 896 2910 ταῖς
911 2830 1053 2911 tautae
1137 2855 1170 2900 v.
1185 2837 1239 2916 47,
1264 2837 1317 2899 48.
1344 2836 1389 2899 ut
1415 2833 1593 2900 meditabar
1616 2836 1656 2901 ιἰι
1675 2837 1841 2904 mttdaiis

307 2957 375 3017 σου,
397 2937 447 3014 αῖς
477 2934 634 3021 ἠγάπησα
660 2934 792 3020 ορόδρα.
818 2933 884 3000 Καὶ
905 2935 971 3020 ἠρα
995 2936 1053 3014 τάς
1095 2942 1172 3021 tuis,
1191 2957 1260 3023 poa
1274 2939 1376 3006 iiieci
1395 2941 1505 3006 οιιύιίτ.
1528 2941 1573 3006 Et
1599 2939 1705 3005 leocoi
1728 2957 1848 3008 moues

305 3039 416 3127 xstpag
431 3059 500 3126 poa,
515 3039 571 3103 καὶ
585 3036 780 3124 '‘immi’'
793 3039 827 3103 ἒν
841 3046 906 3116 τοῖς
927 3037 1052 3104 δικαιῶ·
1096 3061 1184 3110 oues
1201 3043 1244 3108 od
1257 3043 1411 3109 ιαπιιᾱοῖο
1426 3049 1485 3110 tao
1497 3061 1567 3128 ραο
1581 3043 1692 3125 ddici,
1710 3050 1743 3112 et
1760 3063 1850 3112 ecer-

212 3227 215 3234 .
308 3142 385 3230 aas!
400 3165 465 3208 σου·
1094 3147 1186 3216 aeae
1199 3147 1544 3232 ιιρωιμωιιοιιιω
1557 3149 1633 3211 aa.

348 3311 738 3377 Anonos.iuo.46.Grate
747 3309 905 3374 convenit
913 3309 978 3373 ista
986 3327 1051 3373 vox
1138 3299 1330 3376 nnrnosrns
1345 3312 1383 3376 ia
1397 3329 1426 3375 o.
1444 3311 1495 3386 47,
1510 3305 1560 3365 48.
1577 3296 1655 3363 Ideo
1669 3300 1764 3381 prius
1783 3323 1846 3386 po-

306 3403 459 3484 martyri,
472 3401 532 3481 qni
547 3403 685 3462 vocatus
697 3399 738 3461 ad
750 3399 980 3478 sacrilegium,
997 3390 1052 3461 e'x-
1095 3401 1178 3464 suit:
1205 3401 1250 3465 Bi
1265 3400 1440 3465 oreditobor
1454 3397 1514 3456 eto.
1541 3393 1574 3452 et
1615 3387 1771 3468 subjecit:
1796 3395 1842 3457 Et

306 3488 617 3574 probrantibnssibi
626 3487 763 3566 regibus
777 3486 978 3551 crucifixum
995 3489 1016 3551 J
1019 3476 1050 3550 e·
1096 3489 1201 3553 leoooi
1216 3494 1278 3552 etc.
1294 3491 1372 3552 Post
1386 3479 1635 3548 meditationem
1647 3479 1771 3542 etenim
1782 3480 1840 3544 bo-

305 3596 392 3660 sum,
405 3595 473 3642 non
489 3577 715 3658 erubescebat,
728 3577 787 3639 sed
804 3576 915 3652 magis
927 3578 1052 3654 gloria·
1098 3595 1182 3640 num
1198 3582 1250 3641 est
1264 3579 1376 3640 levare
1391 3574 1485 3633 actus
1497 3572 1628 3632 nostros
1640 3567 1682 3629 ad
1698 3585 1843 3650 praecep-

305 3664 861 3744 batnrincruceChristi,etillam
874 3664 1052 3728 mundisn·
1094 3670 1129 3730 ta
1154 3668 1226 3745 Dei,
1242 3671 1343 3745 atque
1365 3659 1398 3722 id
1419 3657 1527 3720 iacere
1561 3673 1639 3720 cum
1663 3656 1838 3738 charitate,

306 3758 413 3819 lutem
456 3772 529 3820 esse
561 3753 764 3819 testimoniis
797 3752 990 3817 coelestibus
1017 3771 1051 3816 a·
1093 3772 1172 3818 cum
1190 3753 1324 3834 gaudio,
1352 3753 1475 3810 utnon
1497 3763 1539 3810 ex
1558 3744 1756 3809 necessitate
1790 3747 1837 3809 sit

305 3843 467 3908 struebat.
1091 3843 1218 3907 bonnm
1237 3844 1399 3915 nostrum,
1425 3852 1493 3898 non
1522 3852 1600 3898 cum
1625 3849 1766 3896 moerore
1788 3839 1839 3897 at-

351 3929 647 3996 Hrmnrusibidet
658 3930 795 4011 quidem
808 3929 932 4010 duplex
945 3929 1051 4008 signi·
1093 3950 1158 4016 que
1174 3927 1342 4004 moestitia,
1353 3924 1412 3988 sed
1424 3925 1685 3988 voluntarium...
1696 3921 1760 3997 Qui
1777 3939 1839 3985 au-

306 4021 429 4101 ficatio,
438 4021 518 4102 quia
526 4019 711 4082 secundum
723 4017 891 4082 dominica
907 4035 1051 4102 pracep-
1092 4027 1161 4084 tem
1176 4016 1357 4080 meditatur
1371 4018 1405 4077 et
1424 4013 1548 4092 diligit,
1576 4014 1609 4074 et
1634 4015 1730 4073 actus
1745 4026 1838 4074 -suos

305 4107 643 4190 taoporteatanobis
656 4107 1052 4186 Christumcoramregi·
1092 4111 1191 4186 levat,
1218 4108 1257 4167 ut
1286 4101 1389 4165 iaciat
1414 4120 1490 4186 quae
1515 4101 1670 4182 placeant
1696 4100 1775 4177 Dec,
1808 4099 1838 4162 is

304 4199 369 4262 bus
396 4201 430 4260 et
457 4195 680 4277 potestatibus
706 4194 912 4276 predicari...
938 4197 1051 4259 Potest
1092 4194 1191 4259 debet
1204 4209 1270 4256 non
1296 4191 1485 4270 negligere,
1516 4205 1577 4251 nec
1607 4192 1837 4250 transcurrere

306 4290 341 4350 et
354 4302 463 4351 sermo
475 4285 517 4348 nd
529 4301 585 4348 eos
601 4283 729 4364 referri,
741 4284 782 4347 de
794 4283 918 4364 quibus
930 4288 964 4346 et
974 4301 1051 4365 apo·
1092 4280 1250 4348 mandata
1265 4279 1390 4359 divina,
1406 4280 1465 4344 sed
1479 4277 1627 4341 exerceri
1643 4277 1679 4338 in
1695 4276 1758 4355 his,
1780 4277 1841 4338 im-

305 4377 412 4440 stolus
428 4375 496 4437 ait:
516 4375 622 4438 «Jam
638 4374 711 4437 sine
728 4371 823 4435 nobis
849 4373 1047 4452 regnatis»
1091 4371 1216 4435 morari
1253 4370 1449 4451 plurimum,
1479 4363 1742 4446 iustificationes
1777 4365 1838 4428 Dei

305 4469 479 4545 tamquam
496 4463 531 4525 in
547 4467 728 4543 conspectu
755 4465 958 4539 sanctornm,
990 4460 1050 4542 qui
1092 4458 1208 4524 crebro
1241 4459 1417 4524 revolvens
1453 4455 1607 4520 sollicitae
1635 4454 1757 4517 mentis
1790 4451 1838 4514 ai·

306 4551 1051 4634 utiquefrequenterregesterraesuntnun·
1096 4549 1197 4612 fectu.

305 4641 430 4724 cupati.
493 4709 496 4716 ,

337 4789 367 4830 v.
379 4771 423 4826 46.
438 4771 502 4827 Vat
516 4770 541 4839 5,
551 4771 576 4840 9,
587 4769 629 4823 11.
641 4767 762 4826 Utinam
772 4768 872 4841 opifex
881 4771 1051 4824 catenarum
1092 4763 1280 4838 martyribus,
1292 4761 1460 4819 concionem
1477 4759 1598 4816 habens.
1618 4755 1732 4814 Suadeo
1750 4760 1785 4812 nt
1803 4752 1840 4810 ab

304 4858 336 4915 in
353 4863 485 4931 tempora
503 4855 592 4929 pacis,
612 4855 779 4928 importuna
795 4871 853 4911 non
872 4854 999 4912 secuerit
1015 4870 1052 4910 aa
1092 4851 1208 4908 Hilario
1220 4857 1251 4906 et
1262 4848 1419 4906 Ambrosio
1432 4863 1590 4920 suppressa
1601 4843 1802 4916 suppleantur.

304 4959 369 5016 qna
379 4941 552 5016 spectabant
563 4940 600 4997 ad
612 4947 765 5013 martyres.
784 4941 888 4998 Prodit
904 4939 982 4997 enim
994 4939 1052 4998 eibi
1127 4955 1156 4994 ν.
1168 4938 1212 5007 et,
1224 4937 1268 4992 48.
1281 4936 1348 4993 Vnt.
1360 4936 1387 5006 4,
1399 4935 1425 5004 ό,
1437 4935 1464 4990 9.
1485 4934 1527 5002 11,
1547 4933 1589 5000 tu,
1603 4930 1644 5000 16,
1663 4945 1786 5001 qnorum
1807 4943 1842 4982 n·

305 5029 338 5084 in
348 5043 437 5086 mann
449 5043 514 5084 esse
527 5025 823 5100 telumproiixioram.
836 5025 894 5082 Sed
903 5043 992 5084 snare
1005 5032 1052 5084 eat
1093 5041 1150 5081 nus
1161 5029 1213 5080 ant
1224 5023 1300 5080 altar
1316 5022 1422 5078 misere
1440 5019 1539 5076 omnia
1555 5015 1686 5085 laniavit,
1699 5021 1734 5073 nt
1750 5013 1840 5073 etiam

305 5113 383 5188 quod
395 5111 557 5170 catechista
572 5111 625 5183 ait,
636 5129 735 5170 coram
752 5112 871 5184 sanctis,
883 5117 914 5169 et
924 5110 1052 5170 fortasse
1094 5113 1214 5170 exstant
1223 5108 1256 5166 in
1266 5107 1389 5180 vulgato
1397 5103 1570 5165 Athanasio.
1583 5103 1620 5162 ui.
1632 5103 1692 5161 BB.
