4020 6098
811 397 855 462 IN
878 395 1064 462 PSALMOS
1650 406 1712 468 189

166 537 383 625 προτρέπεται.
407 536 500 604 Είποι
514 537 553 604 ἐν
568 559 614 617 τις
634 534 843 624 σημαίνεσθαι
865 535 918 602 διά
960 539 1065 620 liquis
1088 538 1199 604 dicere
1214 539 1307 604 hisce
1330 539 1478 616 motibus
1500 546 1645 628 exprimi
1661 553 1709 612 to-

166 643 285 710 τούτων
299 643 354 708 καί
368 642 426 727 τὴν
440 639 627 708 συντέλειανΙ
636 651 692 707 τού
707 643 825 719 παντὸς
838 639 915 727 βίου.
962 645 1032 707 tius
1046 642 1126 707 vitae
1141 642 1326 707 novissima
1341 643 1421 707 iata.

210 769 242 815 ν.
251 750 282 814 θ.
291 747 433 832 Ποταμοί
444 743 635 831 κροτήσουσι
646 746 728 834 χειρί
739 743 917 812 ἐπιτοαυτά.
1006 763 1039 809 v.
1063 747 1093 809 8.
1116 741 1271 812 Flumina
1285 747 1446 830 plaudent
1466 767 1566 818 manu
1588 755 1626 822 itt
1647 755 1713 822 idi-

955 863 1070 931 psum.
1150 873 1153 878 Δ

211 953 367 1023 Βούλεται
388 957 450 1042 γὰρ
473 956 558 1020 κατά
581 952 674 1040 μέρος
690 953 749 1038 τὴν
771 949 871 1017 κτίσιν
886 951 920 1015 ά·
1008 954 1092 1018 Vult
1110 955 1201 1017 enim
1217 955 1420 1035 singulatim
1444 976 1578 1033 omnem
1601 962 1715 1028 dicere

167 1079 274 1127 πασαν
296 1060 404 1144 εἰπεῖν,
428 1058 471 1138 ὡς
496 1058 549 1124 διὰ
570 1057 722 1124 πλειόνων
743 1054 919 1141 προσώπων
964 1061 1165 1139 creaturam,
1190 1077 1230 1122 ac
1256 1061 1286 1124 si
1313 1063 1469 1144 pluribus
1496 1081 1539 1128 ex
1560 1069 1714 1148 personis

171 1163 388 1249 πληθυνθῆναι
402 1166 455 1231 τδν
471 1165 577 1249 ύμνον.
962 1161 1112 1244 hymnus
1127 1163 1384 1244 multiplicetur.

212 1289 244 1333 ν.
257 1270 288 1334 θ.
300 1263 372 1334 Ὀτι
387 1268 461 1353 ἣκει
474 1276 578 1351 κρῖναι
589 1266 647 1351 τὴν
658 1273 730 1352 γην,
747 1272 848 1350 κρινεῖ
859 1263 918 1350 την
1005 1269 1092 1366 νηί).
1119 1267 1275 1342 Quoniam
1295 1269 1384 1333 acuit
1398 1269 1551 1350 judicare
1572 1278 1710 1356 terram,

169 1369 358 1458 οἰκουμένην
371 1371 406 1438 ἐν
428 1369 610 1455 δικαιοσύνη
630 1369 687 1436 καί
708 1369 805 1446 λαοὺς
819 1367 854 1434 ἐν
868 1369 918 1432 εύ-
954 1367 1118 1449 judicabit
1137 1370 1242 1436 oriem
1262 1371 1301 1436 ἐκ
1314 1371 1454 1454 justitio
1474 1379 1507 1440 ct
1520 1377 1657 1459 populor
1675 1378 1714 1444 ιἰι

170 1474 288 1560 θύτητι.
962 1473 1119 1555 aqum
1333 1531 1337 1541 .

212 1576 285 1648 Ὀτι
298 1581 426 1665 ἔρχεται
440 1580 487 1672 δέ,
502 1578 571 1644 ἀντί
584 1588 641 1645 τού
653 1579 700 1644 δτι
710 1575 921 1664 ἐπανέρχεται
1011 1579 1167 1654 Quoniam
1180 1579 1278 1658 accit,
1297 1579 1455 1644 videlicet
1477 1583 1639 1662 quoniam
1662 1602 1714 1649 re·

168 1681 301 1769 νικήσας
316 1685 371 1750 καί
385 1683 517 1761 δικάσας
528 1693 568 1769 τῇ
578 1693 621 1769 γη
636 1691 698 1750 τῶν
710 1681 919 1770 βαδυλυνίων·
964 1683 1120 1762 vertitur,
1135 1687 1313 1763 postquam
1329 1688 1455 1746 terram
1470 1686 1712 1769 Babylonicum

169 1773 225 1854 κολ
239 1790 276 1853 ού
291 1787 476 1873 θαυμαστὸν
489 1789 517 1854 εἰ
532 1786 707 1854 Βαύυλῶνα
722 1789 853 1872 ἔκρινεν·
865 1785 920 1850 αθ-
963 1785 1191 1850 debellaverit.
1206 1787 1274 1849 Nec
1301 1787 1436 1867 mirum,
1459 1789 1488 1852 si
1508 1790 1715 1873 Babylonem

169 1896 223 1971 τδς
241 1892 304 1979 γάρ
326 1892 410 1958 ἐστιν
425 1892 443 1956 δ
458 1901 497 1977 τη
516 1889 682 1978 οἰκουμένη
698 1890 846 1973 δικάζων,
862 1889 917 1955 καί
961 1889 1182 1970 judicaverit:
1199 1890 1271 1970 ipse
1287 1891 1377 1954 enim
1391 1896 1442 1956 cst
1457 1894 1515 1974 qui
1531 1895 1646 1959 orbem
1657 1895 1715 1976 iu-

171 2007 250 2064 πᾶσι
263 1995 388 2062 δίκαιοιν
403 1994 570 2082 ἀπονέμων
584 1998 642 2083 την
656 1994 768 2080 κρίσιν.
966 1995 1067 2074 dicat,
1088 1997 1122 2058 et
1141 1994 1298 2058 omnibus
1316 1992 1450 2073 justum
1465 1996 1639 2062 distribuit
1657 1998 1712 2079 jn-

967 2097 1104 2162 dicium.

208 2221 236 2263 r.
249 2205 275 2276 θ,
287 2205 314 2262 9.
327 2206 394 2262 Vct.
406 2205 433 2260 4.

753 2382 923 2462 Ρυοίικυο
946 2377 1149 2462 ΧΟίῙΙΙΙ.

216 2616 248 2661 ν.
266 2598 297 2660 2.
313 2594 430 2680 Κύριος
445 2595 479 2662 ἐν
493 2594 575 2661 Σιὼν
598 2593 707 2682 μέγας,
723 2595 777 2659 καί
799 2591 922 2678 ὑψηλάς
1009 2610 1041 2656 v.
1060 2595 1088 2656 1.
1104 2592 1262 2658 Dominus
1276 2593 1314 2658 in
1328 2593 1409 2658 Sion
1423 2610 1560 2678 mopocs
1570 2601 1602 2664 et
1615 2598 1715 2666 ecccl-

172 2700 257 2765 ἐστιν
271 2701 322 2766 ἐπὶ
337 2699 459 2778 πάντας
472 2702 545 2779 τοὺς
561 2700 667 2778 λαούς.
692 2703 761 2768 Vct.
775 2699 849 2780 687,
866 2700 897 2764 2.
965 2715 1024 2765 ναν
1037 2713 1136 2780 νυμον·
1149 2691 1408 2780 οκιασσρομιιίοο.

216 2801 282 2870 Καί
296 2811 357 2870 τῶν
367 2801 528 2872 Ἰουδαίων
544 2803 788 2886 ἐπανελθόντων,
800 2803 855 2868 καί
867 2804 921 2870 τὸν
1009 2802 1053 2866 Et
1068 2820 1175 2883 quum
1193 2805 1215 2866 J
1218 2803 1303 2866 udal
1319 2803 1460 2868 reduces
1475 2804 1630 2868 divinum
1646 2822 1718 2868 ere·

170 2905 260 2972 θείον
275 2904 468 2992 δειμαμὲνων
479 2909 564 2992 ναδν,
576 2917 632 2973 τού
645 2907 728 2975 Θεοῦ
744 2907 872 2992 δύναμις
885 2908 921 2974 ά·
964 2905 1094 2968 xiasent
1104 2906 1446 2987 templum‚omnibus
1457 2910 1569 2988 patuit
1579 2910 1643 2974 Dei
1657 2927 1717 2990 po-

171 3031 266 3076 ποισιν
277 3008 723 3097 ἀπεδείχθηδιαρερύντωςδέ
735 3011 753 3075 ὁ
764 3014 817 3077 τδν
829 3033 922 3078 σταυ-
965 3009 1083 3072 tentia.
1100 3011 1217 3090 Longe
1233 3016 1348 3075 autem
1363 3009 1597 3094 praestantiore
1619 3014 1719 3077 modo

172 3112 417 3200 postponatur,
429 3123 487 3199 της
500 3113 686 3201 οἰκουμένης
701 3114 829 3200 ἁπάσης
846 3114 922 3179 ἀπε-
969 3113 1081 3176 crucis
1104 3114 1191 3176 lator
1214 3119 1369 3180 ostensus
1390 3122 1441 3181 est
1463 3118 1653 3182 dominator
1673 3123 1723 3183 to-

172 3217 282 3305 δείχθη
291 3218 457 3303 δεσπότης,
465 3227 526 3284 τιῖιν
533 3218 718 3284 ἀποστόλων
725 3221 761 3284 τθ
768 3216 923 3303 σωτήριον
966 3217 1037 3280 tius
1052 3217 1153 3297 orbis,
1170 3216 1251 3281 dum
1267 3221 1411 3300 apostoli
1430 3223 1580 3286 salutare
1596 3240 1720 3306 praeco-

172 3321 323 3408 κηρυγμα
338 3321 616 3408 προσενεγκάντων
632 3325 696 3400 τοῖς
716 3321 827 3387 ἔθνεσι.
844 3321 925 3388 Σιὼν
969 3319 1066 3385 nium
1083 3321 1171 3384 inter
1187 3327 1306 3400 gentes
1322 3324 1616 3391 circumferebant.
1639 3329 1720 3392 Sion

176 3426 212 3493 δέ
227 3425 326 3510 ἐστιὴ
339 3424 497 3511 ἐκκλησία
509 3425 542 3491 ἐν
553 3426 574 3509 ᾖ
586 3424 753 3506 δοξάζεται
763 3425 818 3490 καί
829 3424 925 3510 ύψού-
970 3427 1085 3486 autem
1102 3429 1154 3488 eat
1168 3427 1330 3506 Ecclesia,
1347 3429 1383 3491 iu
1399 3446 1467 3508 qua
1482 3429 1636 3494 Christus
1648 3432 1721 3509 glo-

135 3599 138 3604 ,
170 3552 222 3598 τοι
244 3529 391 3617 Χριστός.
408 3567 450 3580 -
466 3523 512 3594 Ἢ
534 3529 603 3595 ἐπεί
625 3528 707 3596 Σιιύν
729 3529 814 3594 ἐστιν
836 3528 926 3612 δση-
969 3527 1056 3590 riam
1076 3529 1179 3593 habet
1197 3534 1299 3611 atque
1316 3533 1494 3596 exaltatur.
1510 3569 1548 3580 —
1561 3536 1624 3598 Vel
1640 3552 1722 3616 quo·

172 3632 274 3721 μαίνει
289 3630 527 3718 σκοπευτήριον,
542 3635 640 3711 ούτως
657 3633 691 3698 δὲ
707 3631 857 3718 ὀνομάζει
869 3633 925 3698 καὶ
969 3630 1063 3694 niam
1079 3632 1159 3696 Sion
1177 3633 1352 3712 significat
1368 3639 1516 3716 specula
1530 3638 1652 3717 locum,
1671 3640 1721 3702 ita

170 3739 317 3825 ηγροιρὴ
333 3741 369 3803 τδ
384 3737 534 3816 θεοσεύές
548 3737 724 3823 πολίτευμα
738 3745 800 3801 τῶν
816 3738 856 3801 τά
872 3737 926 3801 ού-
971 3753 1052 3799 vero
1068 3739 1289 3832 cognominat
1304 3740 1478 3820 Scriptura
1495 3741 1669 3805 civitatem
1683 3741 1722 3806 fi-

172 3843 265 3930 ράνια
280 3843 491 3925 σκοπούντων,
503 3853 595 3908 τοῦτο
610 3842 704 3928 δηλοῖ
716 3851 771 3907 οῦν
786 3844 841 3907 τὸν
852 3841 922 3924 τρύ·
971 3839 1080 3904 delcm
1099 3857 1215 3904 eorum
1239 3843 1299 3924 qui
1319 3844 1470 3908 coelestia
1488 3847 1722 3928 speculantur,

171 3969 241 4016 πον.
265 3947 360 4034 Παρὰ
381 3948 502 4026 τούτοις
516 3949 572 4013 οὖν
593 3945 691 4033 μέγας
707 3946 773 4012 ἐστί
794 3944 922 4030 Κύριος.
971 3943 1034 4007 hoc
1049 3960 1132 4024 ergo
1147 3946 1284 4010 vivendi
1300 3963 1411 4026 genus
1432 3948 1622 4029 exhibetur,
1638 3955 1676 4014 et
1689 3969 1723 4014 a·

173 4051 213 4118 Εί
227 4052 263 4117 δέ
278 4053 333 4118 καί
356 4050 438 4118 Σιύιν
460 4051 544 4118 ἐστιν
566 4049 750 4136 ἐπουράνιος
765 4047 924 4135 Ἱερουσαι
969 4047 1040 4129 pud
1062 4048 1138 4113 illos
1153 4067 1301 4129 magnus
1317 4052 1481 4116 Dominus
1497 4057 1558 4118 est.
1582 4053 1722 4130 Quodsi

172 4155 238 4243 λημ
257 4158 343 4221 κατά
364 4159 419 4221 τὸν
441 4155 628 4238 ἀπόστολον,
652 4154 750 4234 είποις
772 4155 811 4220 ἂν
826 4154 860 4221 ἐν
884 4163 923 4240 τη
967 4156 1131 4232 praterea
1153 4155 1233 4218 Sion
1260 4160 1312 4219 est
1338 4157 1485 4222 coeleatis
1507 4158 1722 4224 Hierusalem

171 4258 345 4345 ἐπουρανίῳ
361 4259 443 4326 Σιὼν
460 4258 559 4346 μέγαν
574 4260 654 4326 είναι
668 4261 722 4325 τὸν
737 4257 864 4344 Κύρων.
965 4255 1068 4337 juxta
1083 4260 1283 4341 apostolum,
1299 4261 1407 4342 possis
1427 4261 1549 4342 dicere,
1564 4263 1600 4326 in
1623 4265 1721 4327 coele-

968 4362 1013 4426 sti
1036 4363 1116 4427 Sion
1140 4381 1307 4444 magnum
1333 4363 1488 4430 futurum
1512 4383 1584 4432 esse
1607 4367 1721 4432 Domi·

970 4483 1064 4529 num.
1637 4485 1639 4490 ’

216 4595 248 4654 v,
265 4575 296 4638 6.
312 4571 450 4657 Μωύσης
465 4573 521 4638 καὶ
531 4570 660 4657 Ἀαρὼν
669 4571 703 4638 ἐν
714 4581 779 4651 τοῖς
790 4571 924 4657 ίερεύσιν
1011 4589 1045 4634 v.
1065 4573 1096 4634 6.
1119 4573 1247 4653 Mures
1262 4575 1294 4638 et
1313 4571 1425 4638 Aaron
1444 4573 1482 4637 io
1503 4572 1720 4642 socratitas

173 4679 279 4761 αὐτοῦ,
295 4679 350 4742 καί
366 4675 523 4763 Σαμουὴλ
538 4678 571 4742 ἐν
587 4684 651 4754 τοῖς
666 4675 924 4762 ἐπικαλουμένοις
969 4674 1050 4756 ejice,
1082 4677 1114 4740 σί
1142 4673 1276 4740 Samuel
1303 4677 1390 4741 inter
1411 4692 1463 4743 eor
1491 4679 1550 4760 ραι·
1571 4679 1721 4746 iaceant

174 4783 209 4846 τδ
224 4783 325 4866 δνομα
346 4783 462 4846 αὐτοῦ·
485 4779 699 4846 ἐπεκαλοῦντο
721 4785 776 4848 τὸν
797 4780 924 4868 Κύριον,
969 4795 1083 4842 leotrico
1097 4777 1182 4859 σίνος
1196 4779 1584 4865 imoratcaroomiarmi,
1600 4789 1632 4850 ct
1652 4786 1722 4866 ipsa

175 4887 229 4950 καί
245 4886 338 4961 αὐτὸς
354 4883 539 4969 ἐπήκουσεν.
970 4881 1158 4946 croadiebot
1167 4899 1228 4946 coe.

207 5019 258 5074 Pa.
270 5033 378 5088 xcvur,
390 5035 418 5076 v.
428 5019 454 5074 2.
465 5018 531 5073 Vct.
542 5019 567 5074 4.
578 5017 667 5075 Hebr.
682 5035 737 5088 ιιι,
747 5019 791 5074 22.
802 5017 925 5076 Initium
1003 5034 1031 5072 ν.
1045 5017 1070 5070 6.
1084 5015 1151 5071 Vat.
1166 5015 1207 5069 16.

174 5104 375 5160 Theodorelus
388 5104 547 5176 rescripsit.
