4044 6104
302 444 366 511 3¹70
979 449 1188 516 ORIGENES

301 587 330 652 οἱ
347 589 427 673 μετὰ
441 590 499 675 τὴν
522 597 579 672 τῆς
599 587 749 674 ἀληθείας
770 597 883 674 γνῶσιν
897 590 980 653 κατά
995 591 1049 653 τὸν
1096 597 1185 654 sunt.
1205 591 1273 654 diii
1296 595 1486 672 peccatores
1507 594 1600 670 sunt,
1624 589 1683 672 qui
1708 593 1841 670 recepta

303 691 370 777 βίον
386 693 652 779 πλημμελοῦντες.
666 693 770 778 Τρίτοι
781 693 847 758 δ’ἀν
860 694 921 757 τίεν
932 692 1049 757 τούτων
1093 695 1245 759 veritatis
1261 695 1391 774 notitia,
1407 696 1552 759 vivendo
1564 697 1713 777 peccant.
1731 693 1841 757 Tertii

303 793 438 882 χείρους,
447 796 551 882 λοιμοί
562 817 641 876 τινες
652 795 845 878 διδάσκαλοι,
859 797 1049 881 μὴτῇστρων
1092 799 1220 862 ordinis
1242 796 1372 880 pejores
1398 799 1577 880 prioribus,
1605 797 1742 879 quidam
1769 797 1839 859 sint

301 901 489 986 ἀρκούμενοι
512 901 677 987 διατροφῇ,
695 901 779 966 ἀλλά
792 903 847 965 καὶ
870 899 994 984 ἐτέρους
1009 899 1047 964 δι’
1092 902 1242 984 pestiferi
1261 903 1428 981 magistri,
1446 903 1505 983 qui
1522 903 1657 984 propria
1675 917 1742 964 non
1760 918 1837 964 con·

300 1003 422 1091 ἀσεβῶν
437 1004 540 1090 λόγων
551 1005 779 1092 λυμαινόμενοι,
791 1007 813 1090 ἡ
825 1004 904 1090 θρθά
916 1005 971 1089 μὲν
986 1025 1044 1090 κη·
1092 1007 1178 1070 tenti
1190 1007 1415 1087 perversione,
1429 1008 1531 1070 ctiam
1546 1012 1693 1085 caeteros,
1702 1023 1763 1087 per
1778 1008 1838 1069 im-

300 1109 471 1193 ρύττοντες,
484 1109 612 1177 ἐναντία
622 1110 657 1174 δέ
668 1117 733 1188 τοῖς
741 1111 844 1195 ἔργας
851 1109 1048 1194 ἐπιτηδεύσν-
1092 1111 1165 1192 pios
1184 1127 1366 1189 sermones,
1386 1115 1478 1191 peste
1495 1109 1662 1189 inficiunt,
1677 1111 1732 1173 vel
1748 1115 1839 1174 recta

299 1233 361 1290 τες.
380 1213 433 1278 Διὸ
456 1213 485 1278 οἱ
507 1215 542 1280 δέ
565 1215 622 1299 μέν
643 1212 800 1297 καθέδραν
822 1213 939 1300 λοιμῶν
961 1215 1047 1299 ἔχειν
1092 1213 1172 1277 dum
1185 1214 1378 1296 praedicant,
1394 1213 1562 1278 contraria
1581 1214 1616 1276 in
1629 1214 1787 1295 operibus
1804 1231 1837 1276 e·

300 1313 457 1400 λέγονται,
485 1316 514 1382 σί
536 1319 571 1382 δὲ
597 1317 686 1403 μέσοι
708 1318 743 1383 έν
765 1316 828 1402 ὀδῷ
855 1316 1048 1403 ἁμαρτωλῶν
1093 1323 1239 1382 xercent.
1253 1317 1380 1381 Idcirco
1397 1319 1446 1381 illi
1460 1317 1653 1380 cathedram
1665 1317 1838 1397 pestifero·

303 1417 441 1503 ἑστάναι,
457 1420 616 1486 τουτέστιν
639 1419 764 1508 pipard
785 1420 933 1507 πράξεσιν
948 1420 1048 1507 άμαρ
1093 1439 1168 1485 rum
1181 1422 1305 1486 habere
1316 1420 1770 1500 dicuntur3mediiautemin
1783 1421 1839 1484 via

306 1523 427 1604 τάνειν,
450 1523 479 1589 οἱ
494 1526 529 1591 δέ
548 1533 665 1610 πρῶτοι
687 1527 721 1591 έν
736 1524 818 1609 ἀθέῳ
841 1524 981 1611 ἀγνωσία
994 1546 1049 1590 τιο-
1092 1531 1305 1606 peccatorum
1320 1530 1420 1606 stare,
1432 1526 1563 1590 scilicet
1572 1527 1644 1589 vita
1656 1529 1691 1588 et
1706 1525 1839 1588 actibus

308 1626 408 1713 λυθέῳ
423 1651 458 1694 τε
473 1628 715 1714 είδωλολατρείμ
730 1629 848 1716 βουλὴν
864 1628 985 1695 ἀσεύιῑιν
996 1651 1049 1693 ιτε-
1092 1627 1304 1710 delinquere3
1322 1630 1424 1711 primi
1435 1645 1516 1692 vero
1534 1630 1570 1693 in
1586 1630 1781 1708 ignorantia
1804 1646 1839 1692 a·

304 1731 429 1818 ριέχειν.
446 1732 572 1799 Τούτων
588 1733 622 1798 δέ
637 1734 763 1800 πάντων
777 1735 794 1799 ὁ
809 1731 1049 1818 έττιγλλαγμένσς
1092 1732 1172 1796 thea
1183 1736 1218 1796 et
1229 1734 1265 1797 in
1278 1734 1463 1796 multorum
1472 1733 1618 1796 Deorum
1631 1737 1665 1796 et
1672 1733 1837 1795 idolorum

304 1836 468 1922 μακάριος.
1017 1865 1030 1880 ·
1093 1839 1188 1900 cultu
1205 1837 1387 1901 eonsilium
1402 1836 1553 1900 obtinere
1574 1836 1766 1916 impiorum.
1782 1837 1838 1900 Se-

993 1935 998 1946 '
1091 1947 1258 2021 gregatas
1273 1941 1316 2004 ab
1332 1941 1424 2004 hisce
1438 1941 1570 2004 cunctis
1585 1941 1705 2004 beatus
1720 1943 1781 2003 est.

342 2065 374 2110 v.
390 2049 420 2110 2.
438 2045 502 2111 Καί
521 2047 554 2112 έν
569 2057 613 2134 τῷ
628 2047 712 2135 νύμιμ
727 2045 845 2134 Κυρίου
861 2052 897 2113 τὸ
911 2046 1042 2134 θέλημα
1134 2063 1166 2108 ν.
1181 2047 1213 2109 2.
1228 2047 1274 2110 at
1287 2047 1325 2109 iu
1346 2046 1413 2128 ίσμο
1434 2044 1566 2108 Domiti
1584 2044 1733 2108 σοίαιιίασ
1751 2043 1833 2123 ejas,

300 2149 407 2230 αὐτοῦ,
423 2153 478 2214 καὶ
493 2151 526 2216 ἐν
548 2162 591 2236 τῷ
607 2151 691 2239 νύμιμ
706 2155 803 2217 αύτσῠ
823 2149 989 2239 μελετήσει
1010 2152 1047 2238 ἡ·
1091 2153 1123 2214 er
1136 2149 1173 2214 τίι
1201 2166 1255 2233 eac
1269 2149 1341 2230 ejus
1355 2147 1561 2214 mutabitur
1575 2147 1628 2212 cot
1640 2165 1679 2215 ac
1693 2153 1790 2214 mete.

304 2249 402 2335 μέρας
417 2254 471 2317 καί
485 2254 604 2331 νυκτός.

343 2351 426 2420 Οὔτε
440 2359 502 2442 γάρ
525 2357 628 2436 άλλως
651 2358 859 2442 κατορθοῦται
875 2360 972 2447 ἀρετὴ
989 2383 1046 2426 κα·
1135 2359 1242 2424 Aliter
1257 2360 1347 2424 enim
1363 2359 1473 2422 virtus
1489 2375 1556 2420 nou
1569 2358 1702 2436 regitur
1717 2359 1833 2439 procul

302 2467 376 2540 κων,
394 2459 421 2524 εἰ
437 2462 481 2545 μὴ
505 2461 556 2526 διά
579 2459 712 2549 μελέτης
731 2461 827 2529 θείων
849 2474 988 2550 γραφῶν.
1006 2504 1046 2514 -
1091 2467 1235 2544 amalis,
1251 2465 1319 2528 nisi
1334 2461 1528 2527 meditando
1543 2461 1676 2525 divinas
1691 2463 1837 2542 Scriptu-

304 2561 420 2640 Καλῶς
435 2566 472 2629 τὸ
492 2563 632 2652 θέλημα,
649 2567 700 2632 διά
722 2570 794 2646 τοὺς
817 2568 1047 2653 εύιτράττοντοις
1091 2586 1155 2632 ras.
1172 2569 1344 2649 Optimum
1359 2567 1453 2630 dictu
1467 2565 1618 2630 οσίτιιιίασ
1631 2565 1711 2646 dae,
1723 2565 1766 2629 ob
1780 2583 1837 2630 eos

302 2667 336 2746 έξ
356 2667 509 2754 ἀνάγκης,
533 2669 619 2755 poto
641 2669 813 2751 κολάσεως,
838 2671 1047 2759 μακαριζομέ-
1091 2675 1150 2755 qui
1166 2673 1250 2736 bene
1271 2671 1400 2734 faciunt
1423 2687 1465 2732 ex
1488 2670 1697 2748 necessitate,
1715 2669 1836 2732 timore

308 2781 369 2838 νων
382 2783 444 2840 τῶν
458 2774 639 2860 προαιρέσει
649 2778 686 2840 τὸ
700 2775 799 2841 καλὸν
815 2773 1013 2862 αἱρουμένων.
1090 2777 1334 2856 castigationis,
1354 2773 1435 2838 dum
1454 2775 1545 2838 beati
1565 2775 1616 2839 illi
1635 2776 1835 2838 renuncian-

1092 2886 1148 2946 tur
1164 2881 1224 2962 qui
1238 2884 1356 2960 sponte
1372 2878 1498 2940 bonum
1515 2878 1660 2957 eligunt.

348 3000 379 3043 v.
396 2983 427 3046 5.
444 2981 502 3046 Διά
516 2991 608 3046 τοῦτο
619 2983 678 3047 οὐκ
692 2981 923 3067 ἀναστήσονται
934 2982 963 3047 σί
975 2984 1047 3048 ἀσε-
1134 3002 1166 3049 ν.
1182 2987 1213 3048 5.
1228 2981 1303 3048 Ideo
1316 2999 1380 3047 ιιοιι
1393 2985 1564 3064 retorperet
1584 2982 1680 3063 impii
1693 2982 1730 3047 τίι
1745 2981 1837 3062 jadi-

302 3082 366 3161 ύεῑς
381 3083 415 3148 ἐν
436 3083 537 3169 κρίσει
550 3085 623 3150 eoae
645 3085 826 3172 ἁμαρτωλοὶ
840 3088 874 3151 έν
890 3085 987 3174 βουλῇ
1002 3089 1046 3152 δι·
1090 3091 1459 3171 ciomeqeapeccatora
1472 3086 1836 3166 inconcessorum.

303 3185 411 3252 καίων.

295 3291 297 3294 ’
345 3290 431 3357 Ἀντί
446 3292 481 3357 δέ
497 3292 614 3379 βουλῆς
636 3295 725 3380 ὁμέν
740 3295 881 3374 Ἀκύλας
900 3299 954 3362 καὶ
969 3297 1047 3372 Oto
1135 3303 1198 3364 Pro
1216 3298 1348 3364 amicilia
1366 3301 1480 3362 autem
1500 3297 1623 3378 Aquila
1638 3299 1672 3358 et
1686 3293 1837 3358 Theodo-

302 3394 413 3461 δοτίων
428 3401 615 3484 συναγωγὴν
635 3397 889 3486 peponum-o
911 3401 946 3465 δέ
962 3395 1047 3488 Σύμ·
1089 3405 1162 3468 tion
1180 3419 1373 3486 synopopcm
1396 3402 1607 3482 interpretati
1622 3403 1719 3479 sunt,
1741 3401 1836 3479 Sym·

302 3519 415 3585 μαγος,
438 3499 627 3584 συνέλευσιν,
642 3503 751 3567 ὁποῖον
773 3505 827 3568 καί
841 3506 878 3568 τὸ
900 3505 934 3570 έν
950 3506 1046 3592 ἀρχῇ,
1091 3509 1231 3572 machus
1246 3523 1325 3570 vero
1347 3510 1542 3584 comeatum,
1569 3509 1607 3568 ut
1626 3504 1668 3569 ab
1684 3504 1783 3566 initio
1799 3503 1838 3566 ia

299 3604 334 3670 έν
350 3602 447 3690 βουλῇ
463 3602 594 3670 ἀσεύῶν.
610 3605 713 3672 Ἀλλά
728 3607 783 3672 καὶ
804 3607 938 3674 ἐνταῦθά
963 3609 1046 3675 έστιν
1090 3613 1222 3679 οσαοίίέο
1236 3611 1417 3693 impiorum.
1434 3609 1498 3674 Sed
1517 3615 1551 3673 et
1569 3609 1625 3672 hio
1643 3606 1836 3688 adestjodi·

299 3707 410 3792 κρίσις,
425 3711 470 3786 είς
484 3708 525 3793 ἣν
540 3709 569 3774 οἱ
584 3708 708 3788 ἀσεύείς
723 3709 783 3776 ούκ
797 3711 1046 3797 ἀναστήσονται·
1090 3698 1185 3795 αἰτίαν,
1205 3717 1240 3779 in
1257 3732 1324 3796 quo
1339 3715 1434 3795 impii
1451 3731 1515 3778 ooo
1531 3717 1710 3795 reumont.
1726 3714 1787 3776 Est
1805 3730 1838 3775 e·

299 3810 400 3899 ἡγάρ
423 3815 593 3892 ἄπταιστος
615 3823 672 3900 τῆς
692 3815 798 3900 ψυχῆς
820 3817 907 3899 τιαρά
928 3819 1001 3894 τοὺς
1015 3817 1047 3881 b·
1091 3821 1162 3884 nim
1190 3821 1374 3884 innocuum
1403 3818 1525 3881 animae
1547 3816 1716 3897 judicium
1746 3818 1839 3881 circa

300 3915 556 4004 τισύαλλσμένους
578 3919 657 4003 corp
685 3918 823 4003 ἀγαθούς
845 3923 917 3997 τοὺς
939 3920 1044 4006 λογισ-
1091 3925 1259 3988 immissos
1274 3924 1326 3987 illi
1340 3925 1510 4000 cogitatus
1526 3921 1631 3986 bonos
1649 3927 1684 3986 et
1705 3938 1836 4004 pravos,

302 4023 379 4106 μοὺς
394 4025 448 4086 καὶ
465 4024 621 4106 πονηροὺς
638 4019 746 4107 κρίσις,
763 4033 827 4100 τοῖς
845 4025 902 4109 μὲν
917 4024 1046 4110 ἀγαθοῖς
1092 4030 1127 4092 in
1144 4045 1211 4108 quo
1226 4027 1380 4090 debonis
1395 4025 1531 4107 quidem
1548 4026 1746 4104 collaetatur,
1763 4043 1839 4107 pra-

301 4123 528 4211 συγχαίρουσα,
551 4129 624 4204 τοὺς
639 4126 674 4191 δέ
688 4131 844 4213 πονηρούς
864 4128 898 4194 ἐν
913 4131 992 4215 corp
1009 4131 1043 4195 ά-
1091 4149 1150 4195 vos
1165 4135 1279 4194 autern
1295 4148 1362 4193 non
1377 4131 1460 4194 sinit
1478 4131 1513 4192 in
1529 4147 1565 4192 se
1581 4146 1759 4208 resurgere
1774 4137 1836 4193 aut

301 4239 454 4315 ναστῆναι
475 4235 530 4296 καί
559 4241 662 4319 χῶρον
683 4231 790 4300 λαθεῖν
817 4236 854 4300 ού
879 4246 1045 4322 συγχωρεῖ.
1091 4240 1203 4300 locum
1215 4235 1348 4299 habere.
1361 4237 1408 4296 Ac
1419 4235 1556 4297 omnino
1565 4233 1675 4296 simile
1688 4233 1838 4314 estquod

299 4333 364 4400 Καί
378 4335 502 4413 πάντως
523 4339 559 4400 τὸ
580 4337 648 4402 ἴσον
670 4337 736 4402 ἐστὶ
759 4340 794 4402 τὸ
817 4338 981 4424 εἰρημένον
1001 4351 1045 4428 τῷ
1090 4362 1111 4407 a
1135 4347 1252 4406 sancto
1281 4341 1386 4404 Paulo
1401 4335 1536 4403 'dictum
1564 4341 1624 4418 θείς
1658 4339 1754 4400 «Vel
1779 4355 1837 4402 ne·

300 4436 381 4522 ίιγίφ
404 4436 539 4524 Παύλῳ·
554 4435 599 4504 Ἣ
622 4441 680 4505 οὐκ
695 4440 800 4506 σίδατε
823 4443 870 4508 ύτι
892 4443 1046 4530 ἀγγέλους
1089 4445 1184 4509 scitis
1200 4445 1280 4526 quia
1295 4445 1437 4521 angelos
1459 4441 1742 4522 judicabimnst»
1767 4458 1835 4504 non

300 4552 474 4628 κρινοῦμεν,
490 4543 550 4630 οὐχ
565 4544 607 4622 ὡς
622 4547 694 4622 τοὺς
709 4544 864 4631 ἀγγέλους
878 4547 1045 4633 κρίνοντες,
1090 4549 1187 4630 quasi
1205 4549 1406 4627 angelorum
1415 4545 1558 4626 Judioes,
1573 4544 1632 4608 sed
1645 4545 1735 4627 quod
1750 4551 1839 4626 post

332 4724 361 4761 v.
371 4707 397 4760 2.
410 4705 505 4762 Vatia.
518 4709 544 4776 6,
557 4709 619 4765 aive
633 4709 703 4764 1422
1089 4711 1288 4768 membranam
1299 4709 1434 4779 resecuit,
1447 4709 1541 4766 altera
1551 4713 1650 4765 autem
1671 4707 1841 4764 masnada

307 4819 309 4826 ·
332 4811 359 4848 ν.
373 4794 399 4849 ύ.
412 4792 509 4849 Vatini
521 4795 562 4864 14,
574 4795 608 4850 16
619 4813 672 4852 seu
684 4795 822 4854 Ottobon.
835 4800 888 4856 398
900 4806 931 4857 et
940 4801 1046 4875 Regin.
1089 4797 1250 4872 bibliopegi
1262 4795 1406 4870 spernite
1417 4813 1509 4853 noves
1521 4794 1649 4852 allinivit
1664 4794 1841 4850 membraneo

297 4879 340 4934 40.
354 4879 391 4934 σί.
401 4881 426 4935 1.
439 4878 505 4934 (ior.
517 4897 557 4950 vr,
569 4881 596 4936 3.
609 4881 701 4937 Field.
724 4900 756 4952 rr,
765 4884 808 4939 88.
820 4883 855 4940 Ιιι
867 4884 925 4942 iine
943 4886 1047 4942 lacuna
1089 4885 1220 4952 lacinias,
1232 4889 1266 4940 ut
1277 4881 1356 4948 infre
1367 4883 1491 4954 integre
1500 4882 1586 4938 lineae
1595 4881 1840 4956 sepelientium-

298 4966 392 5022 oritur
404 4983 440 5022 ex
452 4966 585 5038 margins
594 4968 701 5024 exciso.
715 4969 870 5042 Multiplex
880 4971 958 5028 enim
971 4973 1046 5047 opti·
1090 4979 1137 5030 tra
1146 4991 1216 5030 vero
1226 4977 1409 5029 evanuerunt
1417 4971 1510 5027 multe
1518 4969 1710 5026 adductorum
1719 4969 1841 5043 scripto-

298 5066 344 5106 mo
369 5051 462 5108 codici
475 5053 581 5110 vulnus
601 5052 759 5127 impactum
779 5057 844 5113 fuit.
866 5058 902 5115 In
922 5065 1046 5133 utraque
1090 5079 1155 5117 ram
1163 5055 1841 5131 sigininmcenommaoediielacnnisidem

300 5153 352 5191 ora
371 5141 433 5192 tum
445 5139 585 5196 exteriori
606 5147 668 5198 tum
681 5141 780 5199 infime
798 5161 901 5202 manus
913 5145 1046 5222 improba
1091 5152 1202 5204 moeste
1214 5145 1409 5212 recolendum,
