4044 6104
839 403 1045 471 susumus
1644 407 1710 472 463

162 537 255 628 μίαις,
271 543 359 627 φησί,
382 549 440 629 τῆς
459 542 539 630 ἐμῆς
563 541 681 628 μητρὸς
702 539 912 629 συνιλήφθην,
955 563 1045 610 nem.
1060 542 1252 609 Nonnesub
1264 543 1328 608 hoo
1342 544 1716 630 respectaattmopers·

160 646 235 711 οὐδὲ
247 644 607 736 αὐτήμεγεννησαμένη
617 645 914 735 μήτρρένάνομίαις·
955 650 1038 716 cotis
1051 649 1171 714 meris
1187 665 1263 715 αισα
1277 651 1442 732 reseptos
1467 656 1563 716 sum?
1588 652 1707 718 Nonne

162 759 232 829 ταῖς
247 749 363 838 ἑαυτῆς
383 748 533 837 ίκίσαφσὲ
557 773 613 839 με;
636 749 706 816 ἀλλ’
716 752 790 838 ἐγὼ,
807 754 913 838 φησίν,
955 771 1031 836 quae
1046 761 1100 816 me
1116 751 1247 835 peperit
1262 757 1381 834 mater,
1403 753 1439 817 in
1461 758 1610 836 peccatis
1632 758 1706 822 suis

162 855 206 932 είς
222 853 348 922 ἀδικίαν
370 855 553 942 ἐγεννήθην.
577 854 753 942 Ὠδυνιὶθφν
774 859 837 943 γὰρ
858 860 914 923 καί
955 858 1104 937 gestavit
1129 859 1206 942 met
1230 857 1295 922 Sed
1322 873 1397 938 ego,
1420 858 1478 938 ait,
1505 859 1540 923 in
1568 860 1703 941 iniusti-

160 957 311 1044 ἀκυήθην,
326 957 451 1046 θνητὴν
472 961 530 1025 καί
543 958 686 1045 φθαρτὴν
707 960 812 1046 σάρκα
826 981 910 1047 περι·
955 964 1039 1034 tiam
1055 966 1156 1028 natus
1182 980 1269 1027 sum.
1286 963 1447 1028 Gestatus
1474 965 1565 1028 enim
1594 965 1647 1028 fui
1673 969 1708 1029 et

160 1060 374 1148 6αλλάμενος·
396 1063 502 1144 πεσὼν
525 1065 568 1140 εἰς
591 1060 716 1129 ἀδικίαν
733 1066 788 1130 καὶ
810 1064 911 1130 ταῦτά
955 1067 1149 1150 productus,
1170 1071 1339 1131 mortuam
1362 1071 1397 1130 ot
1417 1070 1611 1150 corruptum
1637 1085 1711 1132 oar-

163 1188 257 1255 φημι,
272 1164 399 1253 ἐπείπερ
415 1165 566 1252 ἀλήθειαν
579 1168 762 1254 ἠγάπησας.
955 1189 1033 1235 nem
1059 1170 1310 1236 circumferens.
1333 1170 1490 1236 Iuoidens
1513 1173 1549 1236 in
1573 1171 1709 1253 injusti-

819 1307 820 1312 =
955 1277 1049 1357 tiam,
1066 1274 1138 1339 hoec
1153 1276 1235 1355 dixi,
1248 1277 1329 1357 quie
1342 1273 1491 1341 eslcetot
1504 1275 1684 1342 veritatem.

206 1394 238 1440 ν.
257 1376 308 1440 14.
332 1373 469 1453 Ἀπόδος
493 1395 544 1461 μοι
565 1378 626 1462 τὴν
646 1375 834 1461 ἀγαλλίασιν
856 1386 912 1442 τοῦ
998 1397 1031 1445 v.
1060 1381 1111 1443 14.
1130 1377 1237 1446 Redde
1262 1377 1346 1443 miti
1370 1379 1520 1444 letitiam
1544 1379 1708 1445 salomae

165 1477 321 1564 σωτηρίου
332 1499 400 1563 σου,
412 1479 467 1544 καὶ
481 1475 641 1566 Πνείιμσιτι
650 1478 829 1568 ἡγεμονικῷ
839 1479 915 1566 ατίμ-
955 1483 1016 1563 itti,
1034 1488 1066 1550 et
1078 1485 1203 1564 spirito
1214 1481 1400 1565 principali
1414 1483 1568 1566 copim
1583 1499 1642 1547 me.

165 1581 248 1667 ριξόν
265 1603 313 1668 με.

206 1684 298 1753 Αίτεῐ
317 1695 374 1751 τοῦ
391 1694 534 1772 σωτῆρος
556 1689 615 1774 τὴν
636 1687 781 1775 κάθοδον,
797 1679 912 1775 1πάιτφς
998 1689 1378 1771 Postulatredemptoris
1390 1688 1584 1770 adventum,
1593 1691 1630 1756 in
1638 1709 1707 1772 quo
1771 1703 1774 1710 ’

162 1789 261 1855 οὖσαν
291 1790 373 1868 είδος
395 1789 632 1877 ἀγαλλιάσεως,
655 1795 711 1858 καὶ
731 1792 912 1881 ἡγεμονικῷ
954 1794 1083 1876 speeies
1095 1795 1197 1876 plena
1212 1795 1350 1874 loetitiae,
1364 1795 1469 1875 etqui
1481 1796 1604 1875 spiritu
1617 1797 1708 1876 prin·

162 1893 373 1980 στρρίζουσαν
385 1894 552 1981 Πνεύματι.
569 1894 672 1962 Τοῦτο
683 1896 729 1979 δὲ,
740 1900 762 1984 ἡ
774 1899 810 1962 τὸ
822 1899 913 1985 ἀγιον
954 1899 1056 1981 eipeli
1072 1896 1261 1962 confirmat.
1278 1899 1316 1963 id
1330 1914 1420 1977 vero,
1432 1899 1488 1962 vel
1503 1899 1554 1962 est
1568 1904 1707 1963 sanctus

161 1999 217 2063 καί
232 1999 365 2084 ἀρχικὸν
379 1999 520 2094 Πνεῦμα,
532 2002 550 2065 ὃ
561 1998 702 2086 στηρίξει
717 2000 824 2089 ψυχήν
840 2025 910 2090 μου,
955 2009 989 2068 et
1003 2003 1198 2088 principalis
1214 2003 1372 2084 Spiritus,
1389 2002 1449 2083 qui
1464 2003 1614 2066 animam
1629 2021 1709 2067 eon·

161 2104 255 2191 ἢτοῦ
271 2103 444 2190 ἀνθρώπου.
954 2109 1068 2172 firmat
1082 2123 1203 2185 meam,
1218 2107 1274 2170 vel
1289 2123 1386 2170 mens
1401 2105 1559 2170 hominis.

205 2226 238 2271 v.
255 2209 308 2290 20,
324 2211 378 2274 21.
394 2206 579 2294 Ἀγάθυνον,
595 2209 704 2295 Κύριε,
720 2209 754 2277 ἐν
769 2219 809 2296 τῆ
825 2209 913 2277 οὐδο-
997 2231 1029 2276 ν.
1045 2212 1098 2292 20,
1114 2211 1167 2276 21.
1180 2210 1404 2293 Beoipnesoo,
1418 2211 1563 2292 Domine,
1577 2211 1615 2276 ιἰι
1625 2210 1705 2296 boae

162 2309 221 2398 κίρ
233 2333 289 2377 σου
299 2313 360 2398 τὴν
371 2310 463 2393 Σιὼν,
478 2314 534 2377 καὶ
545 2311 783 2399 οίκοδομηθὴτω
796 2314 837 2377 a
851 2311 912 2378 τοί·
953 2315 1118 2381 rotemero
1139 2320 1198 2380 tuto
1219 2315 1309 2395 Stoa,
1333 2319 1366 2379 et
1397 2313 1594 2398 oedfficmw
1617 2316 1708 2380 mori
1789 2385 1791 2388 ,

165 2435 211 2501 χη
223 2410 442 2502 Ἰερουσαλήμ.
460 2415 540 2482 Τότε
551 2416 734 2503 εὐδοκήσας
745 2416 859 2485 θυσίαν
869 2419 913 2484 δι·
953 2419 1172 2487 Hierusalem.
1200 2421 1292 2486 Proto
1308 2419 1484 2501 neptam
1508 2421 1709 2504 socrpteom

160 2520 342 2604 καιοσύνης,
372 2519 536 2606 ἀναφορὰν
561 2524 630 2588 καὶ-
647 2521 911 2611 ὁλοκαυτώματα,
946 2524 1100 2608 ρἀνίὶίάο,
1115 2522 1303 2588 oblationem
1312 2525 1344 2586 σί
1353 2521 1546 2603 holocausto,
1561 2527 1637 2590 troo
1646 2524 1708 2588 im-

161 2622 233 2689 τότιι
255 2621 433 2692 ἀνοίσουσιν
462 2625 515 2691 ἐπὶ
541 2625 577 2690 τὸ
602 2624 830 2713 θυσιαστήριον
855 2647 913 2694 σου
946 2626 1507 2715 memoriaemartino
1542 2675 1550 2692 .

163 2726 312 2814 μόσχους.

207 2829 366 2900 Emeum
389 2830 424 2898 δέ
444 2853 551 2921 φαμεν
572 2836 627 2902 τίν
645 2837 757 2921 καιρὸν
778 2845 836 2924 τῆς
857 2846 914 2904 τοῦ
998 2843 1127 2906 Bonam
1155 2839 1367 2902 voluntatem
1397 2837 1541 2902 dicimus
1571 2841 1708 2919 tempus

165 2946 308 3023 σωτῆρος
331 2935 524 3022 ἐπιφανείας,
546 2937 620 3004 καθ’
633 2940 669 3006 ὃν
693 2939 873 3026 ηὐδόκησεν
894 2941 913 3007 ὁ
954 2943 1121 3010 adventus
1140 2942 1333 3022 salvatoris,
1350 2942 1386 3005 in
1412 2957 1479 3023 quo
1494 2941 1586 3004 Dens
1613 2939 1709 3004 beni-

163 3038 252 3124 Θεὸς,
260 3039 506 3127 καὶΠνειίματος
517 3042 860 3129 ἀνακεφαλαιώσασθαι
872 3047 913 3110 τά
954 3067 1023 3128 gne
1037 3048 1128 3127 iecit,
1151 3052 1185 3111 et
1199 3045 1398 3111 descensum
1421 3045 1567 3126 Spiritus
1589 3046 1633 3110 ed
1655 3045 1707 3109 in-

161 3147 267 3212 πάντσ
281 3147 315 3214 ἐν
338 3145 433 3232 αὐτῷ,
448 3147 527 3232 ὑπὲρ
550 3150 587 3212 οὑ
609 3151 665 3214 καὶ
684 3135 907 3236 χαριστηρίους
953 3151 1139 3216 staur-ands
1149 3152 1264 3215 omnio
1276 3150 1312 3213 in
1324 3149 1407 3230 ipso,
1419 3149 1460 3214 de
1472 3166 1539 3231 quo
1551 3148 1706 3214 melodus

163 3248 336 3335 ὁμελῳδὸς
347 3249 464 3336 ἀνῆγεν
476 3251 569 3337 ᾠδὰς,
586 3250 699 3340 λέγων·
711 3252 913 3340 Εάδόκησας,
954 3255 1099 3337 hymnos
1134 3253 1326 3332 gratiarum
1362 3254 1535 3335 prompsit,
1570 3252 1704 3316 diosus:
1767 3243 1771 3252 “

162 3349 271 3436 Κύριε,
293 3354 352 3438 τὴν
373 3361 435 3438 γῆν
458 3374 525 3436 σου,
549 3355 678 3440 ἀφῆκας
701 3356 758 3434 τάς
780 3356 913 3444 ἀνομίας
957 3356 1210 3435 «Benedixisti‚
1225 3356 1378 3435 Domine,
1390 3360 1516 3419 terram
1530 3360 1636 3434 tuem,
1648 3355 1707 3420 ab·

51 3463 56 3473 ’
161 3465 206 3542 τῷ
220 3455 289 3542 λαῷ
303 3477 370 3539 σου,
386 3456 551 3542 ἒκάλυψας
566 3458 671 3537 πάσας
681 3462 738 3538 τὰς
754 3459 911 3547 ἁμαρτίας
954 3460 1083 3526 stulisti
1113 3458 1312 3540 iniquitates
1342 3461 1467 3540 populo
1493 3463 1564 3540 tuo,
1590 3461 1706 3524 omnio

163 3561 274 3628 αὐτῶν.
289 3560 377 3646 Ἔφη
393 3561 428 3627 δέ
450 3563 489 3628 ἐκ
503 3561 672 3647 προσώπου
694 3573 803 3631 τινῶν·
825 3565 913 3651 Μνή-
954 3565 1120 3649 operuisti
1135 3566 1274 3644 peecata
1289 3579 1417 3626 eorum.
1438 3584 1455 3623 ιι
1473 3565 1530 3626 Ait
1545 3565 1647 3628 etiem
1664 3581 1708 3628 ex

163 3664 368 3752 σθητιήμίῑιν,
384 3665 493 3751 Κύριε,
508 3667 542 3732 ἀν
556 3676 596 3754 τῇ
617 3665 745 3754 εὐδοκία
758 3677 814 3734 τοῦ
829 3670 910 3736 λαοῦ
953 3670 1197 3733 nonnullorum
1222 3683 1382 3749 persona:
1412 3687 1430 3727 α
1452 3669 1619 3731 Memento
1642 3685 1704 3730 no·

163 3789 231 3834 σου.
254 3767 335 3835 Τότε
356 3767 468 3853 τοίνυν,
492 3773 604 3857 φησίν,
632 3773 708 3838 ὅταν
733 3772 911 3859 εὐδοκήσῃς
954 3774 1027 3854 stri,
1039 3772 1192 3850 Domine,
1203 3772 1238 3834 in
1247 3771 1480 3834 benedictione
1493 3773 1609 3853 popuii
1621 3773 1705 3836 tui.»

166 3871 343 3959 ἐπιλάμψαι
355 3877 435 3960 μετὰ
446 3878 573 3959 σαρκὸς,
585 3875 744 3962 ἀγάθυνον
754 3877 912 3964 τὴνΣιιίιν.
954 3883 1050 3944 Τυπο
1072 3895 1164 3958 sane,
1187 3877 1310 3958 inquit,
1326 3877 1461 3957 quando
1480 3877 1542 3941 tibi
1561 3878 1708 3960 oompla-

164 3975 234 4063 Οὐχ
250 3976 343 4064 ἑτέρα
357 3978 393 4044 δὲ
407 3979 526 4066 ταύτης
540 3978 562 4064 ἡ
582 3980 809 4069 Ἰερουσαλήμ.
832 3982 915 4050 Σιὼν
954 3985 1067 4048 oneris
1082 3987 1121 4047 ut
1131 3981 1266 4061 firlgees
1281 3981 1317 4044 iu
1328 3999 1441 4061 earne,
1456 3980 1597 4046 benefac
1612 3982 1702 4046 Sion.

164 4081 226 4165 γάρ
241 4080 342 4167 αὐτὴν
356 4081 515 4167 ὀνομάσας
530 4080 548 4147 ὁ
563 4083 691 4163 Παῦλος
710 4087 766 4150 καὶ
779 4086 914 4171 ἒπουρά
954 4089 1031 4152 Alia
1057 4087 1149 4151 enim
1170 4103 1239 4150 nou
1270 4089 1321 4149 est
1352 4085 1574 4164 Hierusalem,
1599 4104 1705 4168 quam

163 4203 229 4249 νιον
243 4183 334 4262 εὐθὺς
349 4184 502 4254 ἐκάλεσεν
518 4186 737 4275 Ἰερουσαλήμ.
753 4190 869 4277 Τεῖχος
879 4191 915 4257 δὲ
954 4190 1081 4254 Paulus
1110 4190 1189 4253 Sion
1220 4189 1413 4270 appellavit,
1441 4207 1504 4253 neo
1533 4190 1704 4255 dubitavit

165 4289 201 4352 τὸ
214 4287 361 4382 μέγιστον
372 4291 499 4358 καὶτῶν
511 4291 616 4359 ἀλλων
630 4303 842 4379 ταρακτικῶν,
859 4295 915 4360 αὖ·
954 4309 1075 4357 vocare
1087 4295 1259 4357 eoelestem
1274 4293 1497 4356 Hierusalem.
1514 4295 1631 4358 Murus
1644 4311 1705 4356 au·

164 4393 217 4470 τὸς
236 4394 254 4458 δ
270 4397 421 4479 Χριστός·
440 4396 512 4480 περὶ
533 4398 596 4482 γὰρ
609 4396 728 4482 ταύτης
743 4397 844 4485 λέγων
859 4398 915 4465 Ἡ·
954 4403 1024 4484 tem
1046 4399 1215 4461 maximus
1230 4414 1299 4478 prae
1315 4397 1447 4460 oaeteris
1468 4398 1701 4479 munimentis,

165 4497 258 4574 σαίας
273 4497 387 4583 φησίν·
408 4497 491 4565 Ἰδοὺ
507 4500 597 4579 πόλις
611 4503 724 4588 ὀχυρὰ,
738 4504 794 4568 καί
812 4502 915 4589 ooni-
955 4504 1110 4568 Christus
1128 4508 1189 4567 est.
1212 4503 1345 4584 Deque
1365 4502 1501 4564 civitate
1524 4502 1618 4566 oanit
1636 4504 1705 4566 Isa-

166 4621 232 4685 ριον
246 4600 322 4688 ἡμῖν
336 4600 550 4688 θήσειτεῑχος
568 4607 623 4669 καὶ
642 4604 829 4692 περίτειχος.
846 4605 916 4674 Tei·
956 4607 1006 4672 ias
1033 4607 1166 4670 dicens:
1203 4607 1319 4668 «Eone
1342 4604 1463 4669 civitas
1491 4607 1644 4687 munita,
1671 4610 1708 4670 et

165 4724 210 4790 χη
228 4705 285 4791 μὲν
299 4706 364 4790 οὖν,
383 4704 425 4785 ὡς
441 4708 532 4793 ἔφην,
555 4706 684 4794 λογικαί
698 4710 846 4797 δυνάμεις
860 4713 916 4777 καί
955 4713 1105 4775 salutare
1127 4713 1282 4772 nostrum
1305 4714 1409 4789 ponet
1430 4727 1567 4772 murum
1591 4713 1625 4773 et
1646 4728 1705 4773 an·

200 4870 228 4909 v.
242 4851 285 4908 14.
297 4851 394 4910 Vatio.
407 4853 449 4909 14.
955 4854 1062 4928 aliquis
1073 4850 1226 4925 disquirat,
1236 4857 1266 4909 et
1275 4851 1353 4918 inter
1362 4853 1571 4926 Areopagitioe
1580 4854 1712 4928 reperiat

201 4955 230 4996 v.
242 4939 286 4993 20.
307 4938 402 4996 Vatio.
415 4941 458 5011 10,
476 4940 519 4996 ts.
532 4941 581 4997 Ps.
604 4956 726 5011 ωιτν,
742 4943 769 4998 2.
790 4943 915 5013 Quinam
954 4947 1004 5013 τὴν
1015 4942 1202 5010 προσαγωγὴν,
1209 4941 1414 5010 θοογιννήτους,
1426 4943 1636 5010 ἀγαθουργικῶς,
1645 4960 1711 5011 poe·

166 5023 278 5082 fueriut
288 5025 419 5098 virgines
437 5032 489 5083 snt
506 5027 626 5084 ooelibes
645 5029 717 5086 oleri
734 5031 798 5087 Deo
815 5049 915 5089 oonse·
955 5031 1102 5100 ταγυγοὺς,
1112 5031 1243 5095 μυστικῶς
1255 5021 1712 5098 ὃλῡκαῡτθῦμὲνουςρἆῑλοῠμῑνα

165 5113 249 5186 orati,
259 5130 332 5186 quos
341 5111 390 5170 hio
398 5115 562 5184 ὁπολάκτους
567 5121 655 5175 voest
660 5115 814 5190 Eusebius,
825 5119 916 5178 velim
956 5121 1080 5186 παλαῖσαι,
1093 5117 1139 5170 τόν
1151 5116 1362 5184 παναγιὼτατον,
1375 5117 1533 5185 ἀγιασταίσις
1541 5118 1643 5187 πληροῖ
1653 5122 1712 5189 eto,
