4006 6090
266 449 331 514 334
951 447 1162 516 oslounns

210 611 215 618 ·
267 598 402 677 γορικιῖις
424 565 609 676 λεγομέναις
631 587 660 656 οἱ
682 589 885 676 καταχθόνιοι
908 587 1015 676 όαίμο-
1057 595 1148 656 runt.
1164 591 1277 654 Etiam
1294 590 1329 653 in
1355 588 1488 672 abyssis
1510 587 1816 682 allegoricediotis

268 714 337 779 νες,
360 697 438 780 πρὸς
461 697 515 772 οὓς
538 695 574 758 οὔ
603 695 783 780 πεμφθῆναι
804 693 940 760 ἐκάλουν
961 697 1016 762 τὸν
1058 699 1140 759 sunt
1169 694 1350 758 infernales
1381 693 1559 772 demones,
1583 692 1626 756 ad
1652 709 1737 774 qnos
1767 711 1811 754 ne

269 783 406 884 Χριστὸν
421 800 533 876 ἐντοῖς
549 797 743 884 εὐαγγελίοις
758 797 786 864 οἱ
802 797 931 886 ἐπίγειοι
951 797 1016 864 δαί·
1061 801 1287 877 mitterentur,
1318 801 1498 862 terrestres
1525 797 1693 859 daemones
1722 796 1815 858 Chri·

197 937 199 944 ·
269 923 373 990 μονες.
388 899 428 967 Ἣ
450 903 485 966 δὲ
507 899 625 986 τούτων
646 911 708 968 τῦν
730 905 856 990 κόσμων
879 905 1017 970 καὶτῶν
1060 909 1152 968 stum
1165 896 1200 966 in
1213 903 1402 980 evangeliis
1410 900 1687 982 deprecabantur:
1701 899 1759 963 sed
1770 899 1812 962 de

268 1005 425 1091 διαφόρων
439 1006 593 1093 σωμάτων
616 1004 825 1092 ἀκριόεστὲρα
846 1015 959 1093 γνῶσις
981 1008 1017 1073 ἐν
1062 1009 1115 1072 his
1127 1007 1246 1071 mundi
1259 1007 1399 1087 sphaeris
1411 1009 1446 1068 et
1460 1005 1604 1068 diversis
1615 1020 1729 1066 rerum
1744 1019 1815 1066 eor·

268 1112 418 1194 τοῖςπερὶ
434 1108 564 1195 κρίσεως
579 1109 686 1194 λόγοις
702 1110 876 1176 ἀπόκειται.
893 1149 934 1159 -
950 1108 1018 1176 'loa
1063 1113 1203 1194 poribus
1226 1111 1368 1174 seientia
1382 1111 1529 1192 penitior
1544 1108 1756 1172 sermonibus
1772 1107 1813 1170 de

267 1211 412 1292 ἐξουσίαν
428 1214 575 1300 μηδαμοῦ
597 1212 706 1298 Κυρίῳ
725 1212 948 1299 κωλυομένην·
961 1215 1020 1292 τάς
1060 1216 1190 1297 judicio
1222 1218 1423 1279 reservatur.
1450 1247 1489 1258 -—
1517 1213 1601 1276 Vide
1627 1213 1816 1293 potentiam

269 1315 424 1395 άόόσσους
439 1319 501 1403 γάρ
513 1315 654 1401 ἐποίησε,
671 1319 728 1394 τὰς
743 1317 849 1382 ἐπάνω
860 1327 917 1382 τοῦ
927 1319 1020 1402 οὐρα·
1065 1322 1127 1384 Dei
1143 1320 1266 1383 nullibi
1282 1318 1449 1397 oohiberi3
1465 1317 1604 1399 abyssos
1617 1316 1708 1378 enim
1724 1314 1813 1394 feeit,

269 1431 326 1486 νοῦ
340 1423 396 1485 καὶ
410 1421 520 1486 ὑπάτω
535 1432 592 1508 της
606 1431 676 1508 γῆς.
1064 1425 1136 1488 sive
1152 1442 1228 1505 quoe
1248 1426 1339 1487 ultra
1360 1423 1472 1502 ooelos,
1490 1423 1563 1485 sive
1579 1438 1655 1502 quse
1669 1420 1733 1484 sub
1749 1425 1814 1483 ter·

1064 1547 1102 1592 ra
1116 1532 1206 1592 sunt.
1682 1528 1693 1544 ⁴

309 1651 341 1696 v.
361 1634 389 1696 7.
406 1629 553 1717 Ἆνάγων
575 1629 710 1717 νεφέλας
730 1630 765 1710 ἒξ
787 1629 932 1717 ἐσχάτων
959 1639 1017 1716 τῆς
1042 1645 1044 1648 ·
1105 1652 1137 1696 ν.
1157 1625 1219 1709 oue
1232 1631 1362 1697 oddoeit
1379 1628 1689 1696 antesolootromis
1704 1633 1808 1707 terra,

264 1743 336 1818 γῆς,
353 1734 519 1819 άστραπάς
541 1737 585 1812 εἰς
600 1737 691 1801 ὑετὸν
714 1734 873 1821 ἐποίησεν,
896 1735 1017 1821 ἐξάγων
1052 1735 1250 1819 sulpurata
1262 1736 1414 1816 plorem
1426 1733 1534 1816 sooit;
1548 1735 1607 1816 qai
1620 1733 1727 1799 odeat
1738 1749 1812 1796 τακ-

266 1836 398 1923 ἀνέμους
414 1838 452 1903 ἐκ
466 1839 640 1924 θησαυρῶν
656 1841 762 1904 αὐτοῦ.
1062 1846 1111 1906 tos
1124 1840 1162 1904 de
1178 1840 1437 1906 thesaurisatis.

310 1940 349 2006 Oi
371 1953 526 2027 τροπικῶς
549 1953 603 2009 νῦν
625 1942 790 2029 λεγόμενοι
813 1943 924 2031 άνεμοι
945 1945 1018 2027 τοὺς
1106 1946 1170 2008 Per
1185 1944 1335 2023 figuram
1356 1944 1532 2024 ventiqui
1555 1942 1725 2022 dicuutur,
1741 1944 1812 2005 tur·

265 2055 322 2131 τῆς
340 2047 446 2133 ψυχῆς
462 2049 582 2133 στάχυς
595 2049 705 2114 ἐκτῶν
718 2050 865 2116 καλύκων
880 2049 1017 2136 προόάλ-
1061 2050 1157 2113 bines
1180 2052 1270 2129 suut,
1287 2049 1346 2129 qui
1361 2048 1483 2111 animae
1499 2049 1679 2110 excutiunt
1701 2047 1812 2127 spicas

265 2149 382 2232 λουσιν,
398 2151 436 2214 ἵν’
448 2152 477 2214 ol
499 2150 678 2237 σπείροντες
701 2153 735 2218 όν
758 2153 917 2239 δάκρυσιν,
933 2157 967 2220 ἐν
983 2153 1017 2218 ά·
1062 2171 1104 2216 ex
1118 2150 1241 2216 florum
1257 2152 1430 2232 calicibus,
1448 2157 1487 2214 ut
1501 2152 1554 2214 illi
1571 2152 1631 2232 qni
1653 2152 1688 2213 in
1704 2152 1812 2232 laory-

153 2253 158 2276 ⁸
264 2255 432 2339 γαλλιάσει
453 2252 630 2340 θερίσωσιν.
648 2255 788 2335 Ἀλλως.
804 2257 942 2342 Ἀνεμός
965 2259 1017 2322 to·
1061 2258 1126 2322 mis
1142 2257 1321 2334 seminent,
1334 2256 1370 2319 in
1385 2257 1599 2319 exultatione
1617 2259 1757 2318 metant.
1772 2289 1811 2300 —-

266 2379 314 2424 τιν
330 2358 420 2442 φύσις
442 2358 556 2445 λογικὴ
580 2362 633 2426 τὸν
649 2360 713 2424 άπὸ
735 2370 912 2445 πρακτικῆς
934 2363 1017 2447 όψω-
1061 2364 1178 2441 Aliter,
1190 2365 1314 2424 ventus
1326 2365 1377 2423 est
1388 2363 1511 2422 natura
1522 2360 1720 2440 spiritualis,
1733 2376 1809 2439 quae

266 2460 359 2528 Θόντα
375 2473 447 2528 νοῦν
463 2464 514 2528 ἐπὶ
525 2466 584 2549 τὴν
595 2473 652 2550 τῆς
666 2463 812 2550 γνώσεως
825 2463 1017 2551 μεταφέρσυ-
1060 2471 1209 2531 mentem
1226 2483 1268 2528 ex
1290 2466 1362 2528 vita
1377 2469 1516 2527 aetuoso
1539 2463 1654 2527 evehit
1675 2463 1718 2526 ad
1737 2481 1811 2544 per·

266 2587 309 2630 σα
324 2552 518 2652 τελειότητα.
1061 2571 1242 2636 lectionem
1257 2568 1418 2634 scientiae.

309 2691 341 2735 v.
360 2671 469 2736 12-14.
481 2671 546 2738 Καὶ
561 2672 661 2738 ἔδωκε
673 2675 733 2758 τὴν
747 2681 809 2759 γῆν
820 2671 923 2740 αὐτῶν
938 2673 1016 2760 κλη-
1104 2693 1136 2738 v.
1155 2674 1262 2738 12-14.
1278 2673 1325 2736 st
1345 2671 1433 2736 dedit
1447 2675 1569 2737 terram
1591 2688 1700 2736 eoram
1713 2669 1810 2736 όανο-

266 2772 423 2860 ρονομίαν,
439 2774 653 2862 κληρονομίαν
676 2775 808 2862 Ἰσραὴλ
823 2775 891 2861 λαῷ
907 2776 1013 2844 αὐτοῦ.
1059 2779 1202 2860 dilatem,
1232 2776 1448 2842 hereditatem
1473 2777 1583 2842 Israel
1599 2776 1720 2858 popolo
1741 2791 1809 2841 arco.

267 2878 375 2962 Κύριε,
391 2881 427 2943 τὸ
450 2879 550 2965 ὄνομα
573 2901 630 2944 σου
653 2879 697 2958 τίς
712 2884 766 2947 τὸν
789 2879 889 2946 aleva
903 2883 958 2946 καί
975 2884 1013 2946 τὸ
1059 2883 1192 2948 Domine
1213 2899 1325 2946 omnmo
1340 2885 1432 2945 torem
1453 2881 1491 2946 io
1505 2886 1668 2961 αόονυυκι,
1694 2883 1727 2945 et
1747 2896 1810 2944 me-

268 2982 466 3069 μνημόουνόν
481 3004 538 3048 σου
550 2984 594 3060 εἰς
609 2985 721 3069 γενεὰν
735 2985 790 3048 καί
804 2985 926 3070 γενεάν.
941 2981 1014 3050 Ὀτι
1058 2987 1195 3052 moriae
1214 2991 1306 3052 loom
1320 2984 1357 3050 io
1376 2987 1613 3068 promotionem
1628 2989 1660 3049 et
1677 3001 1810 3067 ροτιοαα

267 3095 368 3170 κρινεῖ
379 3084 496 3171 Κύριος
512 3091 566 3153 τὸν
581 3087 659 3153 λαὸν
676 3088 782 3153 αὐτοῦ.
1058 3092 1195 3172 tiorum
1209 3091 1288 3172 pelio
1300 3088 1465 3170 judicabit
1478 3089 1636 3153 Dominae
1651 3089 1809 3170 populare

1059 3215 1165 3263 molem.

300 3443 328 3483 ν.
342 3425 366 3481 7.
381 3425 449 3482 Vat.
461 3427 487 3498 ὅ,
501 3426 542 3481 14.
556 3426 714 3484 Abstinere
730 3445 852 3501 nequeo,
865 3447 902 3487 ne
914 3447 1012 3489 reeen-
1057 3432 1119 3488 nim
1135 3431 1251 3505 sopiam
1268 3447 1321 3504 per
1338 3429 1458 3502 fulgura
1474 3427 1667 3503 praenuntiat:
1688 3432 1718 3484 et
1742 3443 1809 3500 pro-

266 3511 357 3570 tiores
369 3518 545 3586 concrepant
562 3531 770 3586 usquequaque
781 3521 811 3571 et
823 3522 963 3588 turgeant
975 3517 1012 3574 de
1057 3520 1204 3592 digiosum
1214 3517 1335 3575 exhibet
1341 3523 1518 3591 portentum,
1526 3517 1639 3572 soilioet
1646 3514 1809 3571 eontrarias

263 3598 386 3656 inventa
398 3598 520 3654 nubium
530 3604 561 3655 et
570 3600 647 3656 aeria
658 3600 1013 3675 oeoonomia,i1uinloeum
1056 3613 1179 3663 naturas
1191 3603 1363 3678 conjunctas
1376 3609 1406 3660 et
1422 3601 1634 3677 proprietatem
1645 3618 1730 3657 snam
1740 3617 1809 3656 oon·

263 3685 412 3757 insignem
429 3684 577 3760 recipiam,
599 3703 637 3742 ne
662 3685 700 3742 ab
722 3687 849 3758 Origene
874 3689 977 3760 dicem,
995 3709 1014 3746 a
1058 3699 1218 3762 servantes,
1236 3691 1335 3762 ignem
1346 3689 1378 3745 in
1386 3707 1463 3760 aqna
1475 3696 1506 3745 et
1517 3707 1624 3760 aquam
1636 3689 1668 3743 in
1679 3689 1762 3759 igne:
1781 3686 1808 3742 ai

262 3771 418 3828 Theodoro
430 3771 615 3843 Heraoleota,
628 3773 677 3828 oui
695 3779 775 3830 oerte
789 3774 892 3831 obvius
913 3775 972 3831 fuit
984 3783 1015 3832 et
1057 3779 1175 3852 quidem
1192 3779 1224 3834 in
1243 3778 1327 3849 aquis
1345 3776 1498 3848 fulgureus
1516 3774 1595 3846 ignis
1613 3771 1807 3848 (l’elatrioite)

262 3859 410 3932 expilatus
419 3859 534 3930 integer
546 3859 641 3914 nostri
653 3862 880 3916 commutemus
891 3861 923 3916 in
935 3862 1014 3918 huno
1064 3866 1202 3938 decurrit,
1219 3883 1314 3937 neque
1327 3864 1394 3919 illas
1407 3861 1551 3933 ealefacit,
1569 3879 1663 3934 neque
1675 3862 1739 3934 ipse
1756 3875 1808 3916 ex·

262 3946 421 4018 psalmum:
443 3948 480 3998 Τὸ
499 3949 528 3998 tt
549 3949 774 4020 θαυμαστότερον,
793 3951 834 4002 ῦτι
855 3953 1014 4019 κατωοτρὴς
1057 3954 1212 4026 tinguitur.
1224 3991 1238 4022 „
1253 3953 1325 4020 Qus
1336 3968 1396 4007 non
1408 3955 1525 4006 tentum
1536 3965 1641 4020 graeoe,
1655 3947 1708 4004 sed
1716 3946 1809 4003 latine

263 4035 330 4086 σῦοα
342 4037 394 4086 τῶν
406 4035 507 4086 orares
520 4035 538 4100 ἡ
551 4037 633 4102 φῦσις,
644 4035 797 4104 θείῳ-λόγῳ
815 4040 957 4092 ἀνάλκιται
967 4045 1014 4094 καί
1057 4039 1210 4095 retulimus
1228 4037 1266 4094 ad
1278 4054 1364 4092 usum
1376 4035 1537 4092 recentium
1549 4035 1738 4108 physicorum
1755 4034 1808 4091 vix

262 4122 395 4189 μετέωρος
406 4123 514 4188 γίνεται,
527 4125 574 4173 καί
585 4124 716 4189 φερομένη
736 4125 949 4191 οιαόαστάζεται,
962 4128 1013 4192 Ιως
1056 4124 1151 4196 Latio,
1169 4141 1207 4179 ne
1219 4123 1256 4180 (le
1272 4122 1397 4179 Hellade
1414 4122 1526 4194 loquar,
1539 4128 1731 4178 assuetorum.
1750 4123 1807 4178 Ea·

262 4209 296 4260 άν
308 4209 420 4274 lapara
434 4207 518 4272 Δῦτός
530 4209 559 4259 tt
572 4207 635 4273 loos,
652 4213 738 4274 φησιν,
751 4211 766 4262 ό
779 4215 826 4262 καί
842 4213 918 4264 tarto
929 4218 1012 4267 ποιων
1055 4211 1123 4267 dem
1139 4211 1246 4282 legisse
1263 4209 1362 4283 potuit
1373 4209 1608 4282 chrysostomus,
1622 4208 1688 4263 oum
1699 4208 1763 4264 haee
1776 4212 1808 4264 et

260 4297 308 4346 καῑ
319 4295 464 4359 ἀστραπάς.
482 4293 630 4360 Προμηνόιι
646 4295 698 4362 γάρ
711 4295 759 4361 τὴν
777 4300 907 4364 χορηγίαν
919 4302 972 4352 των
984 4299 1012 4351 t·
1056 4298 1116 4354 alia
1134 4315 1171 4354 ex
1189 4297 1300 4352 nostris
1317 4301 1418 4368 aperte
1437 4294 1578 4368 respiciat
1600 4293 1678 4368 apud
1699 4294 1808 4351 Gorde-

260 4382 348 4434 δάτων
360 4382 403 4433 δια
414 4384 466 4433 τῶν
479 4381 629 4450 ἀστραπῶν,
640 4386 688 4434 καί
700 4384 813 4435 δείκνυσι
824 4386 916 4451 θαῦμα
927 4387 1013 4452 παρά
1055 4387 1140 4441 rium.
1153 4385 1226 4440 Haeo
1235 4385 1299 4457 jam
1307 4390 1480 4440 notaveram
1489 4381 1606 4452 dudum,
1617 4399 1707 4453 quum
1716 4377 1807 4438 incidi

260 4468 347 4532 δοξον,
359 4469 480 4532 ἐναντίας
492 4469 580 4533 φῦσεις
592 4469 728 4534 συνιούσας
736 4474 784 4522 καί
795 4473 971 4538 οιατηροῦσας
979 4474 1011 4524 τὸ
1056 4471 1087 4528 in
1100 4471 1226 4528 similem
1237 4478 1268 4527 et
1280 4471 1397 4526 (lostam
1406 4468 1513 4542 psalmi
1524 4468 1807 4541 interpretationem,

259 4557 336 4619 ῐῦιον,
348 4556 380 4608 τό
397 4557 447 4620 πῦρ
465 4556 494 4607 όν
512 4561 549 4622 τῷ
566 4556 647 4620 itare,
659 4560 707 4609 καί
717 4559 749 4609 τὸ
762 4558 830 4623 ῦόωρ
843 4559 871 4609 ἐν
886 4563 924 4624 τῷ
936 4562 1010 4624 πυρί·
1056 4577 1144 4632 quam
1161 4559 1197 4614 ol.
1215 4558 1306 4614 abbas
1324 4556 1445 4628 Moigno
1463 4555 1589 4611 inseruit
1606 4555 1637 4610 in
1661 4573 1746 4611 suum
1763 4556 1808 4611 in-

259 4646 307 4695 καί
317 4643 369 4708 γάρ
381 4641 409 4694 όν
421 4642 496 4694 itaer
506 4643 537 4694 τό
551 4644 714 4707 ἀστραπαῖον
727 4647 776 4709 πῦρ
789 4646 936 4712 διατρόχον,
949 4645 1011 4698 oliae
1055 4645 1140 4718 signe
1150 4663 1237 4718 opus:
1252 4645 1307 4700 her
1319 4643 1481 4716 ponam
1492 4641 1525 4697 de
1538 4643 1567 4697 ία
1579 4642 1619 4713 soi
1632 4647 1653 4696 t.
1665 4657 1697 4712 11,
1707 4660 1736 4714 p.
1746 4641 1807 4697 232.

259 4732 349 4786 ίκείνο
360 4731 503 4800 θερμαίνει,
516 4731 577 4784 obss
590 4733 655 4785 σότό
672 4733 887 4786 κατασόὲννυται.
1054 4732 1153 4788 Etiam
1165 4731 1202 4787 of.
1216 4729 1391 4786 Theodoret.

296 4819 311 4850 “
321 4817 387 4873 Hoo
404 4821 504 4872 antem
515 4817 612 4888 magis
629 4816 841 4889 admirandum,
854 4818 932 4889 quod
943 4836 1010 4875 oum
1088 4837 1118 4876 v.
1131 4819 1220 4875 12-14.
1235 4818 1301 4875 Vat.
1314 4816 1340 4883 5,
1354 4816 1397 4871 16.
1408 4813 1504 4870 Galat.
1520 4817 1544 4885 l,
1557 4815 1583 4885 3,
1595 4815 1621 4884 4,
1634 4816 1652 4870 5
1664 4815 1749 4870 Rom.
1763 4833 1805 4886 rx,

258 4920 402 4976 aquarum
412 4909 521 4959 natura
532 4901 669 4959 deorsum
677 4902 799 4974 feratur,
809 4904 909 4962 divino
918 4905 1009 4963 verbo
1054 4907 1080 4978 4,
1093 4907 1118 4961 5.
1131 4905 1210 4960 Nota
1226 4902 1395 4974 varietates,
1414 4906 1445 4957 et
1462 4900 1562 4972 cogita
1579 4919 1617 4956 an
1634 4901 1677 4956 ibi
1694 4901 1809 4956 lateant

259 5005 378 5046 sarsum
388 4989 510 5046 tollatur
523 4996 554 5046 et
571 4989 705 5047 sublimis
722 4990 784 5064 fiat,
797 4997 829 5048 et
840 4992 1012 5050 oiroumlata
1054 4999 1189 5051 veterum
1200 4989 1428 5047 ohristianorum
1438 4992 1556 5058 όφῦμνυα,
1568 5005 1635 5060 qnae
1651 4987 1751 5044 verbis
1761 5005 1807 5042 sa-

260 5075 394 5146 libretur,
406 5075 499 5133 donee
511 5083 652 5150 erumpat:
672 5081 687 5112 ‘⁴
697 5078 766 5151 Ipse
779 5084 832 5147 est,
845 5079 949 5151 inquit,
961 5080 1011 5152 qui
1055 5079 1113 5136 oris
1125 5077 1232 5138 leviter
1247 5075 1378 5148 mutatis,
1394 5074 1539 5152 interpres
1552 5093 1590 5132 ex
1602 5073 1744 5132 memoria
1760 5090 1807 5130 re-

258 5163 351 5221 etiam
369 5164 499 5236 pluriam
517 5165 590 5222 faoit
608 5170 639 5222 et
656 5166 800 5237 fulgura„
818 5168 970 5238 Aquarnm
983 5186 1011 5225 e·
1055 5172 1150 5226 voest.
