4044 6104
317 423 381 490 4112
980 427 1193 494 ORIGENES

316 562 495 646 θάλλοντες,
503 562 634 650 μολῦναι
644 566 699 630 καὶ
710 573 825 651 χραναι
836 567 890 630 καὶ
901 573 1061 632 σκοτῶσαι
1106 568 1283 648 inquinare
1306 570 1340 630 et
1355 566 1505 649 polluere
1525 570 1559 630 et
1574 565 1722 631 tenebris
1750 565 1857 629 offun-

316 669 373 746 τάς
388 667 488 746 εὐθεῖς
504 667 607 734 αὐτῶν
620 667 752 753 καρδίας
766 668 907 754 σπουδὴν
918 669 1062 757 noncopa-
1106 672 1184 735 dere
1207 673 1298 735 recta
1313 671 1507 736 eorumdem
1530 671 1640 751 corda,
1668 688 1775 752 eaque
1797 689 1855 752 pa-

314 792 372 854 νοι,
387 773 443 837 καὶ
457 781 557 837 ταῦτα
568 771 756 857 πράττουσιν
771 770 800 836 οἱ
811 770 992 857 ἁμαρτωλοὶ
1003 793 1061 836 κα-
1106 779 1245 856 tractes,
1259 775 1354 856 impii
1365 775 1593 841 certmst
1608 776 1643 839 in
1655 793 1773 839 eorum
1785 775 1858 838 ani-

316 873 460 954 θελόντες
482 884 538 962 της
562 874 682 942 όαυτῶν
696 875 802 961 ψυχης
817 876 835 940 δ
849 873 1064 961 κατηρτίοατο
1107 895 1163 942 ma
1174 895 1212 944 eo
1225 895 1294 962 quc
1308 880 1397 944 Deus
1411 881 1447 942 in
1463 880 1522 944 iiia
1537 879 1693 961 perfecit:
1709 879 1783 942 ideo
1804 879 1854 941 di-

315 980 351 1046 έν
361 979 442 1066 αὐτῇ
455 980 472 1046 ό
483 979 573 1062 Θεὸς,
589 981 636 1046 διδ
651 977 807 1046 λέλεκται·
825 972 871 1046 Ἃ
882 977 1063 1064 κατηρτίσω
1107 989 1198 1048 otum
1211 988 1277 1048 est:
1293 970 1855 1066 Qttcparsceisti,dertmarmu12.ll·

313 1082 514 1151 καθεέλοοαν.
537 1083 647 1150 Ταῦτα
662 1084 696 1149 δέ
710 1085 752 1169 ἠν
766 1085 807 1149 τά
822 1082 988 1169 σπέρματα
1001 1092 1063 1150 τῶν
1107 1090 1141 1152 la
1161 1105 1241 1152 vero
1254 1094 1351 1153 erant
1375 1090 1505 1152 semina
1519 1090 1723 1170 optimarum
1749 1088 1855 1151 notio

314 1187 413 1273 όρθῶν
426 1187 617 1273 κατὰφύσιν
631 1187 765 1270 ἐννοιῶν,
781 1188 803 1253 θ
818 1185 835 1252 δ
852 1187 932 1266 Θεὸς
944 1187 1060 1268 κτίζων
1104 1209 1187 1255 num
1211 1196 1334 1255 natura
1352 1192 1543 1272 insitarum,
1558 1210 1634 1273 quae
1656 1194 1756 1271 Deus,
1779 1208 1857 1254 con·

313 1287 418 1356 πάντα
432 1289 604 1377 άνθρυπυν,
617 1290 701 1376 ἔντη
713 1291 815 1357 αὐτῶν
827 1291 915 1378 ψυχῇ
927 1291 1061 1358 κατεόά-
1103 1293 1186 1360 dens
1201 1312 1478 1377 unumquemque
1490 1295 1673 1374 hominem,
1690 1295 1725 1358 in
1738 1311 1857 1358 eorum

311 1395 385 1462 λετο
399 1397 454 1462 κα1
468 1397 541 1474 τοὺς
563 1395 777 1482 καλουμένους
792 1399 942 1482 φυσικοὺς
955 1396 1060 1483 λογισ-
1103 1401 1251 1463 animam
1264 1398 1390 1479 injecit,
1406 1404 1441 1463 et
1456 1401 1627 1478 cogitatus
1643 1400 1702 1481 qni
1716 1401 1854 1461 natura-

314 1499 401 1585 μυός.
416 1495 454 1565 ‘0
471 1497 563 1586 μόνος
578 1507 638 1565 τῶν
653 1499 736 1564 όλυν
750 1502 869 1586 κριιης,
884 1497 902 1564 ό
918 1501 1011 1586 μόνος
1022 1499 1058 1564 ά·
1102 1503 1151 1568 les
1165 1507 1339 1567 vocantur.
1356 1504 1420 1579 Qui
1435 1505 1528 1568 solus
1548 1505 1784 1568 universorum
1796 1501 1851 1581 ju-

312 1603 416 1688 ληθῶς
431 1601 550 1680 δίκαιος
565 1601 681 1688 Κύριος
695 1605 768 1682 τοὺς
781 1603 894 1668 ἑαυτοῦ
906 1603 1058 1689 πολεμου-
1101 1603 1166 1669 dex
1181 1611 1241 1687 est,
1257 1609 1416 1688 solusque
1432 1623 1533 1670 verus
1544 1605 1669 1688 justus,
1684 1607 1850 1671 Dominus

314 1705 435 1794 μένους,
450 1709 524 1784 τοὺς
538 1707 573 1771 δέ
588 1705 710 1786 ἀσεδεῐς
722 1706 842 1785 τούτοις
853 1706 1058 1794 ἐπανισταμέ-
1101 1707 1263 1774 adversus
1285 1708 1405 1790 impios
1425 1712 1484 1791 qui
1510 1711 1618 1773 aciem
1641 1711 1677 1774 in
1700 1727 1778 1772 enm
1802 1711 1852 1772 in·
1964 1732 1970 1742 ·

235 1862 236 1865 ι
309 1831 392 1894 νους,
407 1809 616 1897 attactam-:m
639 1812 673 1878 ἐν
687 1820 731 1898 τῷ
749 1812 863 1878 ἑαυτοῦ
878 1820 944 1897 ναῷ
959 1811 993 1878 ἐν
1007 1813 1058 1877 οἰν-
1101 1815 1250 1892 struunt,
1263 1812 1322 1893 qui
1335 1814 1371 1876 in
1382 1811 1493 1893 justos
1506 1813 1700 1892 insurgunt,
1712 1809 1852 1896 quidse-

313 1923 417 2001 ρανυῖς
432 1923 598 1998 κατοικῶν,
618 1918 672 1981 καὶ
694 1915 728 1982 ἐν
750 1924 794 2002 τῷ
816 1924 874 2001 τῆς
896 1913 1057 2003 βασιλείας
1101 1918 1169 1984 rit?
1196 1919 1234 1980 In
1257 1932 1318 1979 sno
1344 1917 1480 1997 templo,
1507 1918 1542 1980 in
1566 1916 1729 1980 coelorum
1751 1913 1851 1979 domo

312 2017 426 2085 ἑαυτοῦ
440 2018 546 2104 θρόνῳ
560 2017 731 2104 1δρόμενος,
747 2017 839 2085 οὐδὲν
854 2030 916 2085 τῶν
930 2020 981 2086 ἐπὶ
995 2027 1057 2106 γης
1101 2027 1205 2102 stans,
1232 2024 1267 2083 et
1281 2020 1316 2083 in
1333 2020 1455 2084 throno
1470 2022 1570 2100 regni
1585 2022 1640 2085 sui
1654 2018 1774 2085 sedens
1790 2021 1852 2082 im-

315 2122 439 2210 βλέπυν
454 2131 589 2209 παρορᾷ,
601 2125 657 2188 καὶ
671 2123 723 2188 ότι
736 2125 792 2209 μέν
805 2123 858 2189 ἐπὶ
869 2126 923 2188 τόν
934 2120 1056 2212 πένητα
1100 2129 1222 2206 τουτου,
1244 2125 1331 2190 nihil
1351 2142 1464 2188 rerum
1486 2130 1698 2190 terrenarum
1721 2125 1850 2190 intuitu

309 2225 490 2307 άπυθλέπει,
505 2223 669 2312 χαρίζεται
687 2224 773 2312 αάτῷ
787 2229 861 2303 τοὺς
876 2224 989 2291 ἑαυτοῦ
1002 2227 1056 2312 θρ-
1100 2229 1338 2309 praetermittit,
1354 2232 1388 2291 et
1410 2229 1545 2309 quando
1560 2230 1697 2310 respicit
1711 2227 1753 2292 ad
1768 2245 1851 2310 pau-

308 2331 456 2418 θαλμοὺς,
466 2331 635 2418 ὀφθαλμῶν
646 2334 702 2417 μέν
714 2330 890 2418 νοουμένων
900 2340 962 2396 τῶν
969 2329 1055 2418 adep
1100 2341 1224 2413 parem,
1237 2348 1315 2395 enm
1328 2331 1441 2410 gratia
1453 2333 1626 2395 oculorum
1641 2349 1781 2396 suorum
1793 2327 1850 2393 do-

308 2443 441 2523 γττικῶν
454 2444 512 2521 τῆς
526 2433 700 2521 ἐπισκοπης
715 2437 813 2500 αὺτοῦ
824 2435 995 2521 δυνάμεων,
1013 2437 1056 2504 ὢν
1099 2439 1168 2498 nat.
1181 2435 1244 2511 Qui
1256 2435 1347 2499 oculi
1359 2453 1431 2499 esse
1444 2437 1688 2514 intelliguntur
1698 2435 1850 2499 benefica

309 2540 363 2605 τόν
377 2537 498 2624 πένητα
512 2537 666 2618 καταξιοῑ·
683 2536 847 2625 βλεφάρων
859 2539 905 2623 δέ,
920 2548 977 2625 τῆς
989 2561 1053 2625 κρι-
1099 2538 1319 2620 inspectionis
1348 2557 1420 2603 suae
1442 2557 1594 2619 munera,
1617 2540 1741 2620 quibus
1766 2556 1850 2621 pau·

308 2652 399 2731 τικης
420 2642 517 2708 αὺτοῦ
532 2646 589 2709 καὶ
603 2643 799 2729 διακριτικης
812 2645 867 2709 καὶ
880 2653 941 2709 τῶν
955 2664 1055 2730 πραγ-
1098 2653 1213 2724 perem
1226 2642 1386 2707 munifice
1398 2647 1530 2724 tuetur3
1543 2644 1711 2725 palpebra
1722 2649 1850 2724 autem,

308 2746 415 2834 μάτων
425 2747 626 2832 έξτταστικης
641 2744 799 2830 προνοίας.
810 2746 902 2832 Πλὴν
914 2746 999 2812 ἀλλὰ
1009 2744 1053 2811 δί·
1097 2747 1309 2828 providentia
1327 2764 1395 2829 qua
1413 2747 1554 2828 jndicat,
1578 2765 1645 2831 qna
1675 2747 1848 2828 discernit,

307 2871 398 2929 καιος
408 2851 461 2933 ὢν,
474 2851 545 2936 coxi
555 2853 629 2927 τοὺς
640 2850 697 2936 μέν
708 2849 794 2927 υἱοὺς
808 2859 869 2916 τῶν
885 2849 1055 2936 ἀνθρώπων
1101 2855 1275 2932 quoactus
1287 2856 1467 2915 scrutatur.
1482 2853 1607 2916 Verum
1620 2869 1726 2933 quum
1741 2853 1786 2916 sit
1795 2851 1851 2933 ju-

311 2955 425 3039 μόνους
447 2953 597 3035 ἐξετάξει,
619 2948 844 3032 ἀνεξετάστους
863 2953 897 3018 δέ
912 2952 1058 3020 καταλεί-
1099 2958 1184 3034 stus,
1211 2971 1278 3017 non
1307 2955 1396 3019 solos
1426 2956 1598 3019 examinat
1626 2955 1714 3019 filios
1743 2956 1852 3019 homi-

308 3076 361 3121 πτι
382 3059 454 3134 τοὺς
479 3064 537 3142 της
568 3055 682 3120 ἑαυτοῦ
713 3053 855 3141 μερίδος·
885 3055 970 3121 ἀλλά
999 3058 1054 3122 καὶ
1098 3077 1192 3138 num,
1216 3060 1384 3124 immunes
1407 3076 1488 3123 vero
1507 3061 1664 3123 scrutinii
1687 3059 1852 3140 relinquit

307 3160 435 3238 τούτους
456 3162 541 3240 κατὰ
558 3162 612 3224 τόν
633 3158 830 3224 δικαιότατον
853 3157 967 3245 ὁμοίως
990 3167 1055 3238 τοῖς
1098 3167 1236 3226 caeteros
1248 3181 1318 3226 suaa
1329 3165 1446 3246 sortis;
1461 3163 1634 3227 enimvero
1642 3167 1676 3226 et
1686 3163 1747 3226 hos
1757 3163 1852 3226 simi-

309 3261 452 3329 άσεδέσιν
474 3262 632 3348 διακρίνει,
655 3263 683 3328 εἰ
705 3265 752 3328 ἔτι
773 3261 900 3330 πώποτε
922 3267 977 3328 καὶ
999 3263 1054 3328 αὐ·
1098 3265 1176 3330 liter
1183 3264 1284 3346 juxta
1298 3269 1473 3331 criterium
1495 3284 1596 3330 suum
1618 3265 1847 3346 justissimum

306 3377 371 3446 τοῖς
385 3365 665 3453 πεπλημμέληται·
680 3363 735 3432 διδ1
750 3369 823 3444 τοὺς
845 3366 965 3444 πάντας
989 3368 1054 3433 δια-
1099 3369 1272 3450 diJudicat,
1298 3372 1426 3452 siquid
1453 3369 1635 3452 aliquando
1650 3372 1732 3454 ipsis
1758 3388 1848 3434 erra·

308 3471 430 3558 κρένυν,
453 3471 525 3556 ἐξης
547 3469 690 3558 λέγεται·
711 3469 827 3555 Κύριος
849 3470 989 3551 ἐξετάζει
1002 3475 1055 3540 τόν
1099 3477 1173 3537 tum
1188 3473 1300 3536 fuerit.
1314 3473 1391 3538 Ideo
1409 3491 1525 3538 omnes
1546 3474 1627 3538 dum
1637 3474 1767 3556 judicio
1781 3493 1847 3538 suo

308 3574 427 3641 δίκαιον
442 3578 499 3641 κα1
520 3576 573 3640 τόν
588 3572 699 3659 deradit.
713 3613 754 3623 —
767 3572 896 3659 Φοόερὰ
910 3574 1050 3654 ἐξέτασις
1096 3578 1196 3656 sistit,
1217 3576 1343 3641 dieitur
1365 3597 1479 3660 porro:
1502 3580 1660 3644 Dominus
1680 3583 1851 3644 seruator

306 3683 403 3765 αὕτη·
428 3677 571 3766 βασιλεία
585 3676 685 3766 γάρὴ
704 3677 852 3756 κόλασις·
868 3679 968 3768 αὐτὴν
983 3681 1052 3745 δια·
1089 3682 1220 3763 justum
1240 3687 1271 3747 et
1291 3682 1437 3762 impium.
1456 3717 1494 3728 -
1511 3682 1773 3746 Formidandum
1791 3681 1848 3762 ju·

307 3781 434 3869 δέχεται
449 3784 521 3847 οὔτε
536 3781 641 3870 λόγοις
660 3781 823 3864 adoratore,
840 3785 912 3849 οὔτε
927 3781 1050 3870 χρήμα-
1098 3784 1226 3848 dicium
1242 3784 1359 3848 hocce:
1377 3786 1474 3864 regia
1485 3787 1575 3850 enim
1590 3790 1642 3850 est
1656 3787 1848 3866 castigatio,

307 3909 347 3968 σι,
363 3889 435 3953 οὔτε
449 3884 581 3971 δάκρυσι
596 3885 795 3950 δυσυπεῖοαι
1098 3906 1172 3969 qua
1183 3905 1250 3951 non
1259 3888 1409 3953 admittit
1418 3889 1630 3955 sermonibus
1641 3892 1849 3973 persuaderi,

1098 4006 1208 4076 neque
1225 3995 1345 4075 opibus
1360 3999 1420 4057 aut
1436 3995 1595 4077 lacrymis
1609 3995 1746 4076 placari.

943 4219 1113 4298 raama
1137 4165 1214 4297 rr.

350 4474 380 4518 v.
400 4454 428 4517 1.
444 4448 499 4529 Εἰς
514 4453 550 4516 τό
566 4445 655 4526 τέλος
671 4448 740 4534 περὶ
756 4457 811 4534 της
827 4446 951 4534 όγδόης.
1109 4503 1110 4506 ,
1140 4469 1171 4513 v.
1190 4452 1218 4513 1.
1235 4450 1397 4534 Iostacnt,
1409 4467 1473 4534 pro
1488 4461 1607 4522 octavo.
1636 4455 1667 4524 V.
1683 4459 1757 4540 630,
1777 4455 1805 4522 1.

349 4556 481 4642 Εἴρηται
495 4556 558 4641 ηδη
574 4556 630 4620 κα1
644 4553 680 4620 ἐν
692 4563 737 4639 τῷ
756 4552 781 4631 ς’
797 4551 922 4638 ψαλμῶ,
938 4551 1049 4637 ὁμοίαν
1138 4557 1216 4618 Jam
1231 4554 1361 4619 dictum
1381 4563 1432 4622 est
1447 4560 1481 4622 in
1500 4577 1534 4623 vr
1553 4579 1687 4642 quoque
1702 4565 1844 4644 psalmo,

304 4665 409 4748 έχοντι
429 4661 556 4747 γραρην
571 4660 641 4744 περὶ
662 4667 719 4744 τῆς
741 4657 868 4744 ὀγδόης,
884 4658 931 4722 ότι
954 4656 1049 4742 όγδόη
1097 4659 1213 4723 eadem
1229 4660 1390 4741 inscripto
1405 4663 1589 4745 epigraphe
1597 4682 1661 4745 pro
1671 4669 1790 4747 astaco,
1806 4668 1842 4730 in

303 4763 407 4851 ἡμέρᾳ
435 4759 650 4848 περιτέμνεται
676 4763 711 4826 τό
742 4759 855 4847 βρέφος
886 4761 970 4825 κατά
998 4760 1051 4824 τόν
1098 4767 1216 4827 octava
1231 4763 1285 4828 die
1301 4765 1496 4830 circumcidi
1509 4786 1652 4848 puerum
1663 4767 1763 4851 juxta
1774 4788 1845 4834 mo·

338 4970 387 5026 Ps.
402 4987 444 5038 τι,
458 4985 485 5024 ν.
500 4970 524 5024 1.
539 4967 634 5025 Vatic.
649 4931 814 5024 radoan
825 4965 856 5022 in
869 4964 924 5021 hoo
941 4965 1054 5038 psalmo
1099 4965 1246 5039 quadrant
1257 4967 1295 5023 ad
1307 4969 1447 5026 amussim
1459 4989 1525 5029 oum
1538 4973 1633 5030 Vatis.
1647 4973 1845 5046 anchusam

303 5055 398 5112 minus
405 5055 441 5112 ab
454 5053 543 5111 editis
551 5053 699 5124 recedunt,
709 5052 883 5126 quibuscum
895 5053 983 5107 etiam
994 5069 1053 5108 om·
1097 5059 1130 5109 at
1140 5053 1230 5108 semel
1243 5071 1308 5110 oum
1322 5056 1364 5112 14.
1382 5056 1426 5112 Of.
1441 5075 1529 5132 supra
1547 5079 1590 5134 ps.
1604 5080 1635 5121 vr
1647 5081 1676 5136 p.
1688 5063 1743 5119 380
1754 5061 1786 5120 in
1797 5081 1846 5120 ω.

304 5159 373 5197 mno
386 5141 480 5198 codex
493 5147 593 5195 nostor
603 5140 632 5194 in
643 5159 670 5196 v.
681 5141 707 5210 θ,
716 5141 734 5193 9
743 5139 879 5194 cohaeret.
893 5137 974 5194 Editi
984 5155 1053 5196 voro
1098 5139 1164 5195 dem
1176 5139 1343 5213 interprete.
