4008 6094
844 481 888 545 IN
910 479 1095 544 Psnnllos

799 761 968 862 Psalmus
994 757 1158 837 LXIII.

248 1029 281 1074 v.
298 1012 328 1074 4.
344 1007 387 1075 ot
395 1028 475 1086 τινες
489 1007 652 1095 ἠκόνησαν
664 1007 706 1086 ὡς
718 1007 876 1096 ῥομφαίαν
890 1010 948 1086 τὸς
1033 1025 1063 1072 υ.
1079 1009 1110 1072 4.
1127 1007 1189 1086 Qui
1199 1009 1597 1094 ταωαιαναωίαίρίωυίίανι
1607 1010 1740 1095 linques

204 1112 352 1198 γλώσσας
366 1115 477 1180 αὐτῶν.
503 1117 570 1182 Vnt.
587 1116 660 1196 662,
680 1115 708 1178 1.
991 1125 1080 1194 στρων.
1288 1139 1290 1142 ·
1738 1153 1744 1162 ·

249 1214 339 1302 Ans,
354 1215 376 1300 ἡ
393 1214 532 1303 ῥομφαία
546 1215 641 1304 λόγος
655 1218 722 1282 ἐστι
733 1215 948 1303 δαιμονιώδης,
1039 1216 1181 1280 Gladius
1203 1217 1262 1280 ille
1284 1234 1394 1281 sermo
1418 1222 1470 1282 est
1495 1235 1516 1281 e
1539 1217 1688 1282 daemone
1711 1235 1745 1282 0-

204 1318 346 1405 χωρίζων
373 1322 480 1407 ψυχὴν
505 1331 563 1408 τῆς
587 1319 700 1406 σοφίας
725 1323 781 1386 καί
805 1319 949 1407 γνιίισεως
994 1319 1149 1400 mundns,
1165 1321 1225 1400 qui
1241 1319 1363 1384 dividit
1376 1323 1525 1385 enimem
1541 1340 1562 1385 e
1576 1323 1743 1404 sapientia

203 1423 297 1491 Θεοῦ.
992 1427 1027 1487 et
1041 1426 1182 1489 seientia
1197 1426 1268 1489 Dei.

246 1550 278 1594 v.
297 1531 346 1595 11.
363 1528 623 1616 Εὐφρανθήσεται
637 1530 756 1610 δίκαιος
776 1530 810 1596 έν
825 1539 869 1616 τῷ
883 1527 948 1595 Κυ-
1036 1547 1070 1594 ν.
1088 1531 1138 1592 11.
1159 1528 1335 1594 ὸωίυθίίιω
1349 1528 1465 1609 jttsttts
1484 1530 1522 1595 in
1539 1530 1685 1610 Domitw,
1711 1535 1744 1596 et

204 1631 270 1717 ρίιμ,
285 1634 340 1698 καί
355 1633 457 1700 έλπιεί
470 1634 520 1700 ἐπ’
536 1638 640 1719 αὐτὸν,
656 1637 710 1702 καί
731 1633 950 1722 έπαινεθήσον-
992 1633 1134 1717 sperabit
1146 1634 1184 1700 ic
1197 1650 1241 1714 eo,
1260 1639 1292 1699 et
1306 1633 1525 1699 laudabuntur
1540 1652 1645 1701 omnes
1658 1636 1741 1700 recti

204 1758 256 1802 ται
270 1737 384 1817 πάντες
399 1738 428 1804 οἱ
442 1739 542 1817 εὐθεῖς
557 1749 596 1826 τῇ
611 1738 737 1826 καρδίμ.
992 1738 1092 1805 corde.

246 1840 378 1927 Ἀφρων
393 1841 512 1922 ἐλπίζει
526 1845 570 1922 εἰς
593 1843 773 1930 ἄνθρωπον·
788 1843 805 1909 ὸ
821 1843 856 1908 δέ
875 1841 949 1929 φρὸ-
1039 1844 1171 1908 Stultus
1193 1842 1230 1906 in
1253 1843 1425 1906 hominem
1447 1849 1576 1925 speret,
1591 1843 1739 1925 prudens

204 1966 290 2030 νιμος
305 1947 356 2011 ἐπὶ
376 1955 420 2033 τῷ
442 1946 550 2033 Κυρίῳ
572 1947 728 2017 πέποιθεν.
746 1946 867 2014 -Καί
889 1951 948 2036 τὴν
993 1965 1073 2012 vero
1089 1949 1124 2011 in
1139 1949 1283 2011 Domino
1298 1948 1446 2012 confidit.
1462 1950 1524 2012 Vel
1535 1949 1578 2013 eb
1593 1949 1736 2013 homini·

204 2050 280 2134 παρ’
301 2049 471 2136 ἀνθρώπων
501 2052 535 2118 δέ
560 2051 782 2138 καρπώσονται
803 2051 948 2117 εὔκλειαν
996 2055 1061 2119 bus
1076 2054 1189 2117 nobile
1200 2070 1324 2117 nomen
1335 2054 1513 2117 lucrentur
1523 2054 1583 2134 qui
1594 2058 1685 2118 reete
1700 2054 1743 2118 ed

204 2155 234 2221 οί
261 2156 315 2220 τὸν
343 2153 493 2241 λογισμὸν
518 2158 595 2240 πρὸς
626 2155 708 2222 Θεὸν
734 2152 951 2239 διευθθνοντες,
997 2161 1107 2246 Deum
1130 2160 1301 2238 cogitatus
1323 2158 1489 2239 dirigunt,
1511 2174 1622 2238 neque
1648 2161 1744 2222 extre

202 2258 259 2321 καί
273 2264 330 2342 τῆς
345 2255 418 2322 ὁδοῦ
440 2260 497 2335 τὸις
512 2257 631 2335 εὐθείας
653 2257 712 2337 έξω
732 2257 868 2344 βαδίζειν
891 2259 950 2324 οῦκ
996 2262 1211 2327 rectitudinis
1225 2263 1363 2326 semitas
1386 2279 1526 2341 gressus
1548 2261 1655 2341 figere
1677 2263 1743 2326 sibi

204 2359 394 2447 ένεχόμενοι.
411 2361 467 2426 Ἐν
488 2361 628 2448 περινοίφ
641 2364 704 2447 γὸιρ
719 2371 776 2448 τῆς
796 2373 851 2428 τοῦ
866 2362 949 2430 Θεοῦ
994 2369 1210 2449 permittunt3
1233 2368 1544 2448 circumspicientes
1563 2369 1654 2431 enim
1677 2368 1740 2432 Dei

203 2463 393 2551 κηδεμονίας
420 2464 589 2551 γενόμενοι,
621 2468 656 2531 τὸ
684 2466 767 2532 θεῖον
791 2466 950 2554 κριτήριον
994 2471 1171 2552 providum
1187 2490 1325 2552 numen,
1341 2471 1496 2535 divinum
1507 2470 1678 2551 judicium
1700 2474 1741 2535 ti-

203 2570 344 2634 ἔδεισαν·
371 2567 579 2655 διαφερόντως
605 2569 641 2634 δέ
669 2579 731 2636 τῶν
761 2571 864 2658 νὸμων
889 2582 951 2638 των
994 2579 1167 2638 muerunt.
1183 2578 1327 2642 Strenue
1342 2580 1457 2638 autem
1472 2577 1530 2657 qui
1547 2577 1641 2654 leges
1657 2576 1743 2640 divi-

202 2673 292 2740 θείων
307 2672 535 2760 ἐπιμελόμενοι,
548 2673 699 2760 θυμηδως
711 2676 950 2763 ἐμφορηθέντες,
994 2697 1056 2742 nes
1070 2678 1288 2760 meditantur,
1301 2679 1413 2743 studio
1424 2682 1589 2761 succensi,
1597 2682 1744 2746 solidum·

201 2778 260 2862 τὸν
276 2777 320 2855 εἰς
346 2780 401 2842 τὸν
417 2775 500 2844 Θεὸν
521 2777 635 2844 ἐλπίδα
650 2778 779 2865 βέὸοιιαν
801 2780 951 2867 ἐργάζου·
995 2785 1031 2847 in
1053 2784 1123 2848 Deo
1150 2801 1244 2866 spem
1270 2785 1336 2849 sibi
1362 2786 1560 2849 moliuntur.
1588 2788 1743 2870 Improbe

203 2901 265 2947 ται.
281 2879 453 2966 Εὸφροιίνει
468 2880 577 2947 ἄδικον
587 2881 722 2962 πλοῦτος
738 2883 883 2970 φθαρτὸς,
896 2886 950 2951 τὸν
994 2904 1074 2970 opes
1089 2888 1224 2954 ceducae
1239 2891 1384 2972 placent,
1403 2890 1497 2970 justu
1516 2895 1629 2956 autem
1646 2893 1743 2971 agni·

202 2984 237 3050 ὸέ
252 2983 372 3050 δίκαιον
386 2993 499 3070 γνῶσις
514 2984 606 3053 Θεοῦ.
994 2993 1043 3056 tio
1058 2994 1130 3058 Dei.
1183 3060 1186 3068 ,

239 3165 288 3222 Ps.
302 3182 388 3225 nxm.
401 3165 549 3223 μέθαι.
561 3165 587 3235 2,
599 3167 625 3221 θ.
1029 3189 1057 3230 v.
1070 3173 1113 3228 11.
1127 3171 1193 3230 Vct.
1206 3173 1232 3229 5.

804 3368 975 3448 Psalmus
999 3369 1151 3450 LXIV.

248 3646 280 3691 v.
297 3627 327 3691 2.
344 3626 400 3692 Σοί
422 3624 535 3711 πρέπει
549 3629 654 3714 ῦμνος,
671 3629 689 3695 ὸ
705 3628 795 3712 Θεὸς,
811 3629 846 3695 έν
861 3630 953 3717 Σιὼν,
1041 3654 1073 3699 ν.
1089 3637 1120 3700 2.
1139 3638 1181 3700 Pe
1195 3635 1283 3701 dccet
1294 3635 1443 3719 tymeus,
1457 3641 1567 3718 Deus,
1592 3639 1630 3704 in
1652 3639 1741 3718 Sion,

207 3731 263 3795 καί
277 3732 327 3795 σοί
342 3729 573 3816 ἀποδοθήσεται
587 3731 679 3818 εὐχή.
704 3738 771 3802 Vnt.
788 3737 862 3815 662,
880 3739 909 3801 1.
997 3737 1103 3803 αέίὶθί
1115 3737 1267 3804 reddetur
1280 3744 1388 3804 votum
1402 3742 1440 3805 ic
1453 3742 1614 3807 Hice-usal
1664 3791 1670 3804 .

248 3833 325 3900 Νὸει
340 3837 397 3921 μὲν
415 3836 498 3902 Σιὼν
519 3837 574 3901 καί
589 3839 647 3922 τὴν
669 3838 797 3923 ἀρετὴν,
820 3840 875 3903 καί
896 3839 953 3904 πθ·
1041 3844 1193 3907 Primum
1209 3848 1243 3906 et
1257 3845 1293 3907 in
1307 3845 1386 3908 Sion
1402 3846 1557 3924 intellige
1569 3847 1742 3927 virtutem,

204 3938 263 4019 λας
278 3942 334 4018 τὸις
349 3941 394 4019 εἰς
409 3943 518 4027 αὐτὴν,
542 3941 647 4026 ὥσπερ
662 3941 849 4028 εἰσαγωγὰς,
872 3941 953 4008 είσὸ-
998 3948 1089 4010 etin
1120 3949 1225 4028 portis
1249 3947 1327 4028 ejus
1350 3949 1465 4013 editus
1488 3951 1548 4031 qui
1571 3951 1678 4013 veluti
1701 3951 1744 4014 ad

205 4042 297 4122 δους·
312 4044 396 4131 μὸνιμ
411 4045 446 4110 δὲ
468 4053 513 4130 τῷ
528 4043 562 4110 ἐν
578 4044 668 4128 Σιίυν,
684 4043 841 4110 τουτέστιν
859 4045 953 4131 ἐντῷ
998 4067 1072 4114 eam
1089 4050 1311 4116 introducunt
1317 4075 1326 4134 ;
1354 4071 1463 4117 unum
1479 4072 1558 4118 vero
1582 4071 1660 4118 eum
1683 4055 1744 4135 qui

203 4147 419 4233 σκοπευτηρίιρ
433 4150 489 4214 καί
510 4159 549 4235 τῇ
565 4149 672 4234 ἀρετῇ,
697 4147 808 4234 πρέπει
823 4149 841 4216 ὸ
856 4151 951 4237 ῦμνος
996 4159 1065 4218 stat
1080 4156 1115 4217 in
1131 4156 1221 4235 Sion,
1240 4155 1274 4218 id
1291 4161 1343 4220 est
1357 4158 1392 4220 in
1406 4158 1478 4221 loco
1493 4159 1638 4240 speculae
1654 4163 1689 4221 et
1709 4159 1744 4220 in

203 4259 247 4337 τῷ
263 4251 345 4338 Θεῷ,
358 4251 399 4330 ὡς
414 4252 566 4338 ὑψωθέντι
580 4253 619 4318 ἐκ
633 4262 695 4317 των
709 4253 815 4318 πυλῶν
830 4264 885 4320 τοῦ
897 4253 951 4320 θα·
996 4259 1133 4338 virtute,
1151 4259 1248 4323 decet
1261 4261 1411 4343 hymnus
1427 4262 1469 4325 sd
1485 4265 1603 4342 Deum,
1620 4268 1660 4326 ut
1682 4265 1742 4345 qui

204 4354 299 4420 νὰτου
313 4356 368 4421 καί
380 4364 437 4441 τῆς
449 4354 702 4438 κακίας,κα1διὸι
712 4367 803 4422 τοῦτο
819 4355 950 4444 δυναμέ-
996 4363 1165 4425 exaltatus
1196 4368 1248 4426 est
1277 4381 1318 4426 ex
1350 4366 1509 4429 interitus
1540 4371 1575 4429 et
1603 4368 1741 4430 malitie

203 4479 247 4543 νιρ
262 4457 442 4545 ἐξαγγεῖλαι
463 4461 568 4538 πάσας
583 4459 784 4538 τὸςαίνέσεις
797 4472 851 4526 τοῦ
868 4460 950 4529 Θεοῦ
995 4467 1101 4545 ostiis,
1124 4484 1163 4529 ac
1186 4473 1322 4550 propter
1341 4468 1405 4532 hoe
1427 4486 1658 4551 quascumque
1681 4473 1742 4536 Dei

203 4561 237 4627 έν
245 4572 312 4640 ταῖς
320 4563 596 4648 ἐκκλησιαστικαῖς
608 4563 720 4642 πύλαις
732 4575 788 4651 τῆς
800 4565 952 4651 θυγατρὸς
995 4570 1114 4634 leudes
1131 4572 1280 4653 prolerre
1296 4574 1388 4637 velet
1404 4574 1439 4636 in
1454 4574 1560 4655 portis
1573 4576 1744 4638 ecclesias·

204 4665 295 4750 Σιὼν,
312 4666 494 4752 ἐκκλησίας.
518 4667 565 4734 ot
586 4671 649 4753 γὰρ
671 4668 785 4754 ὡραῖος
808 4671 903 4756 θμνος
917 4670 952 4736 ἐν
996 4674 1073 4738 ticis
1085 4674 1165 4737 filiae
1177 4677 1266 4756 Sion,
1279 4677 1448 4741 Ecclesiae.
1465 4673 1563 4741 Haud
1576 4679 1666 4740 enim
1679 4678 1742 4742 for-

204 4779 247 4856 τῷ
263 4769 394 4856 στόματι
416 4771 614 4857 θιμαρτωλοῦ,
630 4773 823 4858 ὸτιούπαρὸι
835 4772 953 4858 Κυρίου
997 4796 1111 4842 mosus
1143 4779 1292 4861 hymnus
1319 4786 1370 4843 est
1400 4781 1435 4842 in
1462 4798 1518 4844 ore
1547 4783 1742 4863 peccatoris,

204 4873 416 4961 έξαποστίιλη.
434 4916 475 4926 -
492 4875 557 4942 Καί
579 4877 674 4944 πάλιν
696 4877 752 4942 sev
771 4876 902 4944 θέλωσιν
923 4878 953 4944 οί
998 4896 1099 4964 quem
1113 4883 1278 4946 Dominus
1294 4883 1336 4946 ed
1358 4883 1392 4946 id
1415 4901 1482 4946 non
1497 4883 1682 4964 deputavit.
1701 4921 1739 4931 —

205 4977 265 5059 ἔξω
280 4989 337 5065 τῆς
352 4979 524 5065 ἐκκλησίας
547 4979 716 5066 θεολυγεϊν,
732 4983 754 5068 ἢ
770 4983 824 5046 καί
847 4983 953 5069 ὑμνεῖν
998 4989 1126 5049 Rursus
1142 4987 1202 5066 qui
1211 4990 1306 5049 extra
1317 4988 1503 5051 Ecclesiam
1515 4992 1605 5068 sunt,
1621 4988 1662 5053 de
1673 4991 1742 5054 Deo

241 5187 289 5245 Ps.
304 5207 387 5260 nm,
400 5209 427 5250 v.
441 5193 468 5248 2.
482 5193 548 5251 Vct.
561 5195 586 5265 8,
601 5197 642 5251 16.
656 5193 750 5252 Eecls.
765 5213 815 5266 xv,
825 5199 851 5253 θ.
864 5197 954 5254 Plura
998 5197 1036 5255 ed
1048 5194 1207 5268 Didymnm
1219 5192 1321 5250 retulit
1333 5193 1450 5252 Corder.
1464 5214 1497 5266 11,
1509 5198 1570 5254 266.
