4044 6104
860 487 1064 551 EUSEBIUS
1672 493 1735 556 ³77

203 631 309 707 φυνης
326 643 395 706 μου,
410 623 462 687 τό·
484 627 563 708 πρωί
582 623 826 711 παραστήσομαι
848 629 901 690 καί
916 627 945 691 ἐ-
991 631 1184 708 gitationes.
1206 633 1276 695 Hoc
1315 649 1436 696 versu:
1459 637 1555 698 Mace
1583 636 1735 700 amodes

201 725 353 811 πόψσμαι,
371 727 552 794 παιδεύεται
573 729 625 794 διὰ
647 730 766 795 τούτων
786 728 808 814 ἡ
830 730 947 815 κληρο-
989 751 1093 799 vocem
1114 751 1225 814 mecm,
1254 739 1289 799 et
1315 736 1390 800 illo:
1415 740 1510 801 Matre
1541 738 1650 803 astabo
1675 739 1735 804 tili

202 840 342 915 νσμοῠσα
356 832 414 917 τήν
436 832 587 920 ἀπαρχήν
608 841 670 900 τῶν
691 832 846 920 ἡμερινῶν
867 835 946 920 πρόο-
991 842 1022 902 et
1042 837 1158 917 macto,
1172 845 1314 921 utroque
1326 859 1427 906 versu
1438 842 1576 906 docetur
1591 859 1734 926 persona

200 933 278 1013 ξευιν
293 945 332 1020 τη
348 946 403 1002 τοῦ
418 935 501 1007 Θεοῦ
515 937 646 1023 λατρεία
656 939 711 1004 καί
726 948 794 1018 ταῖς
816 960 946 1024 προσευ-
990 957 1059 1023 ριιπ
1072 942 1121 1025 [ίιι
1136 944 1236 1007 titulo
1251 944 1384 1028 psalmi]
1398 945 1612 1011 muscam
1629 965 1733 1014 coace-

200 1046 274 1124 χαις
290 1038 476 1105 ἀνατιθέναι·
494 1039 620 1126 ἀγνοίας
635 1042 703 1108 δ’δν
718 1044 768 1127 τίη
785 1064 947 1128 παραστα-
989 1047 1112 1125 quitur,
1138 1049 1177 1109 ut
1195 1048 1355 1128 primitias
1374 1049 1572 1113 diurnorum
1595 1055 1734 1114 actuum

201 1144 288 1208 τικόν
302 1144 415 1210 τόάπό
429 1143 539 1228 κοίτης
562 1145 784 1233 ἀνισταμένους
799 1146 945 1231 καθαρῶς
991 1151 1053 1213 Dei
1078 1151 1216 1214 servitio
1243 1155 1277 1214 et
1303 1153 1460 1232 precibus
1485 1160 1731 1219 consecrentur.

202 1255 242 1332 τῇ
258 1247 336 1332 εὐχή
359 1247 529 1332 προσιέναι,
552 1253 606 1314 καί
621 1252 657 1315 τό
678 1250 830 1317 δύνασθαι
842 1249 946 1336 λέγειν
994 1255 1198 1318 innocentiae
1231 1260 1346 1319 eutem
1377 1261 1503 1321 tessera
1537 1262 1599 1338 est,
1625 1260 1679 1321 vel
1712 1275 1733 1321 a

201 1360 245 1438 τῷ
261 1351 331 1437 Θιῷ
349 1352 401 1418 τό·
415 1356 494 1439 πρωί
516 1353 761 1442 παραστήσομαί
781 1376 829 1422 σοι
844 1358 898 1421 καί
913 1357 944 1421 ἐ-
989 1357 1094 1420 cubili
1128 1357 1384 1439 expergefactos
1415 1362 1509 1440 puris
1538 1377 1616 1424 cum
1643 1363 1730 1427 votis

198 1455 349 1542 πόψομαι.
365 1456 431 1522 Και
451 1458 619 1544 ἐπόψομαι,
634 1461 689 1524 καὶ
711 1460 816 1546 ἐπόψη
833 1481 889 1546 μυ·
904 1462 946 1526 τὰ
989 1460 1131 1541 prodire,
1144 1479 1183 1524 ac
1194 1478 1291 1542 posse
1303 1463 1372 1526 Deo
1387 1461 1514 1526 dicere:
1536 1465 1633 1528 Mane
1646 1469 1733 1530 cata·

197 1561 260 1644 γόιρ
275 1561 329 1627 δύο
344 1569 456 1628 κτίται.
472 1562 549 1628 'aas
565 1564 622 1649 μὲν
637 1563 740 1650 ἐπόψη
755 1585 803 1650 με,
818 1563 944 1651 [ἐπόψο-
988 1562 1023 1626 όο
1049 1563 1118 1644 tili,
1145 1568 1179 1628 et
1197 1565 1313 1630 videbo.
1336 1567 1383 1630 Bt
1402 1565 1520 1646 videbo,
1548 1571 1581 1630 et
1603 1568 1733 1632 videbis

198 1666 277 1749 μαψ,
295 1663 364 1730 ἀντί
377 1675 433 1730 τοῦ
449 1665 529 1744 είδτς
543 1665 757 1752 ποιμαίνοντα,
772 1667 877 1752 ἐπόψη
890 1666 944 1753 βα-
988 1685 1053 1748 me,
1071 1686 1178 1732 unum
1195 1671 1286 1734 enim
1310 1671 1408 1733 alteri
1433 1669 1573 1750 adjacet.
1590 1672 1625 1735 Si
1643 1673 1734 1735 enim

197 1766 369 1851 σιλεόσντα,
393 1770 471 1848 τίδτς
494 1770 673 1854 ψόιλλοντα,
695 1770 799 1856 ἐπόψη
822 1790 943 1856 προφη-
989 1771 1114 1836 videris
1129 1789 1194 1852 me,
1211 1772 1351 1852 videb03
1368 1773 1457 1837 idem
1479 1779 1531 1838 est
1552 1776 1734 1839 aedicere:

196 1870 342 1936 τείνοντα·
356 1872 411 1937 ἐὰν
434 1872 469 1937 δὲ
483 1873 659 1961 ἐπόψομαι,
682 1875 773 1955 είδον,
798 1877 890 1960 φησί,
900 1877 941 1941 τά
989 1875 1106 1939 vidisti
1121 1893 1175 1938 me
1191 1881 1369 1958 pastorem,
1385 1876 1516 1942 videbis
1531 1896 1584 1944 me
1599 1894 1734 1959 regem3

197 1976 375 2060 πρόσκαιρα
385 1974 528 2061 θλιόερά,
537 1977 614 2056 όσας
625 1977 743 2058 ἔδειξας
756 1999 808 2064 μοι
817 1977 941 2064 θλίψεις
987 1979 1102 2043 vidisti
1114 1981 1324 2061 psallentem,
1332 1981 1462 2046 videbis
1473 1983 1735 2064 prophetemus·

197 2078 319 2157 πολλός
333 2081 388 2145 καί
408 2081 522 2160 κακόις·
539 2081 698 2168 ἐπόψομαι
718 2085 760 2147 τότ
782 2082 893 2148 αἰώνια
908 2082 943 2148 ἀ·
986 2085 1195 2149 ticinantem.
1212 2087 1247 2149 Si
1261 2090 1375 2149 autem
1391 2091 1425 2152 te
1445 2088 1671 2167 videramus
1685 2089 1734 2151 vi-

197 2183 290 2270 γαθά,
314 2185 449 2250 πιστεύω
471 2194 527 2250 τοῦ
549 2185 624 2253 tcta
643 2188 685 2252 τότ
700 2185 805 2273 ἀγαθόν
822 2185 941 2272 Κυρίου
986 2186 1732 2273 di,inquit,rescsducas,aerumnosas,quan·

199 2288 234 2354 ἐν
255 2297 297 2374 γῇ
320 2287 454 2368 ζώντων.
478 2287 572 2356 maol
594 2288 768 2376 προφήτας,
784 2289 942 2376 ἐπόψομαι
986 2297 1038 2357 tas
1053 2293 1229 2384 ostendisti
1256 2294 1338 2357 mihi
1365 2294 1601 2359 tribulationes
1627 2296 1733 2378 pluri-

200 2391 433 2478 εὐαγγελιστάς.
457 2391 551 2460 Εἶδον
576 2391 611 2473 ἐξ
632 2393 767 2478 οὐρανοῦ
792 2390 942 2459 καταδαί-
985 2411 1058 2460 mas
1073 2397 1108 2459 et
1125 2397 1242 2477 meles,
1256 2401 1372 2478 postea
1386 2397 1506 2462 videbo
1526 2399 1732 2463 immortalia

126 2518 129 2530 ·
196 2515 300 2580 νοντα,
315 2496 473 2583 ἐπόψομαι
487 2493 714 2562 ἀναδαίνοντα.·
986 2498 1091 2583 bona,
1107 2517 1203 2582 spero
1218 2501 1333 2566 videre
1344 2501 1432 2565 bcna
1446 2502 1581 2566 Domini
1593 2503 1732 2568 interra

982 2604 1183 2667 viventium.
1198 2604 1277 2669 Vidi
1290 2604 1480 2688 prophetes,
1495 2605 1616 2669 videbo
1631 2623 1732 2669 evan-

983 2707 1139 2787 gelistas3
1173 2707 1243 2772 vidi
1262 2707 1519 2772 descendentem
1542 2709 1669 2789 ecoelo,
1685 2710 1735 2772 vi-

987 2809 1071 2876 debo
1088 2814 1323 2875 revertentem.

238 2937 270 2982 v.
286 2919 317 2999 5,
333 2918 363 2982 δ.
382 2914 466 2982 Οθδέ
487 2915 674 3001 παροικήστι
698 2939 747 2984 σοι
768 2920 938 3004 πονηραυό-
1027 2931 1059 2978 ν.
1075 2915 1106 2995 5,
1120 2916 1149 2978 6.
1172 2915 1282 2996 Neque
1306 2913 1465 2979 habitabit
1482 2914 1583 2995 jacta
1610 2919 1640 2980 te
1665 2930 1732 2980 ms-

195 3041 295 3106 μτνος,
312 3019 384 3086 οὐδὲ
395 3022 575 3108 διαμενοῦσι
585 3023 762 3108 παράνομοι
773 3023 939 3090 κατέναντι
983 3018 1104 3101 licata,
1137 3035 1237 3100 mque
1255 3018 1489 3098 permanebunt
1516 3020 1635 3102 τἠίιιοίί
1659 3025 1733 3086 cote

193 3131 255 3190 τῶν
269 3124 437 3210 ὀφθαλμῶν
453 3145 520 3190 σου.
535 3123 720 3211 Ἐμίσησας,
736 3125 843 3210 Κόρα,
861 3127 938 3194 ποίν-
983 3124 1095 3190 oculor
1109 3127 1190 3190 tuos.
1216 3124 1333 3204 Odisti,
1350 3125 1483 3190 Domina·
1504 3142 1610 3190 onmes
1623 3127 1681 3208 qni
1702 3141 1734 3190 c·

193 3250 251 3308 τας
265 3230 337 3307 τοὺς
351 3227 579 3314 ἐμγαζομίνους
593 3232 652 3315 τήν
667 3229 810 3315 ἀνομίαν.
977 3228 1369 3310 perconsummasset.

237 3331 278 3400 Ἠ
306 3333 558 3420 κληρονομοῦσα
585 3333 628 3411 ὡς
650 3334 689 3400 δν
717 3333 935 3422 κατηξιυμίνη
1034 3334 1097 3396 Illa
1126 3350 1203 3414 quae
1232 3332 1463 3397 hereditatem
1493 3337 1733 3418 consequitur,

193 3447 254 3504 τῶν
292 3435 546 3522 ἀναγγελθίντυν
575 3436 711 3524 ἀγαθῶν,
750 3437 937 3505 ἐπιδείκνυσι
983 3436 1084 3516 quasi
1102 3435 1175 3516 iam
1198 3438 1305 3518 potita
1327 3439 1501 3517 promissis
1517 3439 1624 3518 bonis,
1646 3439 1731 3502 desi·

192 3545 264 3619 τοὺς
279 3540 443 3627 ἀνομοίους
459 3541 550 3625 αὐτῇ,
566 3540 734 3626 φάσκουσα
748 3540 781 3607 ἐν
797 3549 836 3627 τῇ
852 3542 933 3628 εὐχή
983 3543 1069 3618 gnat
1084 3556 1140 3604 eos
1156 3541 1216 3620 qui
1231 3541 1274 3603 eb
1301 3557 1342 3603 ea
1363 3541 1564 3624 discrepant,
1579 3544 1675 3608 aiens
1697 3545 1732 3606 in

194 3643 241 3710 ότι
258 3642 406 3723 ίκουσίυς
429 3643 595 3729 κακοήθης
616 3647 672 3710 καί
696 3643 809 3729 πόρνος
824 3645 933 3711 οὐθό
982 3643 1363 3722 suovoto,omninofore
1380 3646 1733 3724 utminimeistecum,

192 3747 255 3826 λυς
270 3746 456 3834 παροικήσει
478 3770 527 3814 σοι
549 3757 593 3834 τῷ
615 3747 704 3835 Θεῷ·
727 3747 756 3813 οἱ
778 3749 813 3814 δὲ
835 3749 937 3834 παρίτ-
982 3748 1083 3827 Deus,
1100 3747 1230 3811 habitet
1244 3748 1303 3828 qui
1321 3749 1515 3812 voluntarie
1528 3763 1650 3830 pravos
1665 3763 1734 3810 mo·

193 3874 291 3940 νομσι,
307 3855 334 3918 τί
348 3855 402 3918 καὶ
413 3856 472 3938 πρό
484 3863 539 3919 τοῦ
550 3861 773 3940 παρανομήσαι
784 3853 935 3939 παρῴκη-
982 3869 1036 3916 res
1051 3855 1209 3931 sectetur,
1225 3857 1287 3914 aut
1304 3853 1364 3932 qni
1391 3851 1587 3916 fornicatur.
1610 3851 1733 3932 iniusti

194 3956 253 4022 σόιν
268 3954 318 4022 σοί
330 3977 418 4040 ποτε,
433 3958 533 4022 όποῖοι
555 3955 720 4042 γεγόνασιν
739 3956 768 4022 σί
790 3957 828 4022 ἐκ
849 3977 934 4041 πτρι-
982 3960 1107 4035 autem,
1134 3955 1268 4019 etiamsi
1294 3959 1373 4019 ante
1407 3954 1610 4035 injustitiam
1647 3953 1732 4020 forte

192 4069 291 4147 τομῆς
305 4062 359 4126 τόν
381 4059 540 4137 Μυουσίοις
559 4059 721 4147 δεξόμενοι
743 4059 938 4148 νόμον,’ἀλλ’
982 4061 1072 4141 apud
1086 4065 1120 4122 te
1131 4059 1328 4140 manserint,
1344 4060 1464 4141 quales
1479 4059 1574 4124 tuere
1588 4061 1731 4125 circum·

194 4167 232 4231 οὐ
254 4163 449 4250 διαμένουσιν
468 4167 528 4241 ίιυς
549 4163 658 4242 πίλους
688 4163 855 4230 κατίναντι
876 4173 938 4231 τῶν
982 4163 1054 4242 cisi,
1074 4163 1258 4243 quilegem
1270 4164 1394 4246 Moysis
1415 4169 1625 4245 receperunt,
1640 4169 1733 4228 certe

195 4268 363 4355 ὀφθαλμῶν
380 4291 446 4349 σου,
470 4271 526 4335 ἀττ
541 4279 598 4334 του
619 4267 708 4334 θείου
723 4271 821 4355 νόμου
839 4290 938 4354 παρα-
981 4283 1048 4331 υοιι
1060 4272 1259 4349 permanent
1272 4283 1380 4347 usqne
1407 4268 1443 4330 in
1471 4265 1573 4330 finem
1601 4267 1637 4330 in
1651 4283 1729 4330 con-

194 4371 287 4438 όάται
300 4375 470 4460 γενόμενοι·
487 4377 559 4451 τσὺς
573 4373 609 4439 δέ
623 4375 681 4459 τήν
697 4372 829 4461 ἀνομίαν
843 4374 936 4458 ἐργα-
980 4377 1098 4453 spectu
1110 4371 1284 4435 oculorum
1314 4375 1463 4450 tuorum,
1479 4375 1519 4434 ut
1533 4372 1591 4451 qui
1608 4371 1732 4436 divine

194 4475 344 4562 ζομίνσυς
355 4487 464 4562 μισεῖς,
477 4476 537 4542 οίοί
553 4477 629 4542 εἰσιν
640 4478 670 4541 σί
681 4477 783 4562 πάντη
796 4487 852 4564 τής
863 4477 937 4542 θιο-
982 4476 1071 4554 legis
1086 4476 1267 4539 violatores
1285 4473 1372 4538 iacti
1397 4479 1487 4538 sunt.
1504 4473 1587 4539 Odio
1617 4478 1733 4538 autem

194 4578 318 4658 σεδτίας
340 4579 511 4665 ἀλλότριοι,
535 4582 588 4658 σθς
610 4582 664 4646 καὶ
686 4580 720 4647 ἐν
742 4579 937 4667 μισουμίνοις
981 4580 1732 4661 habebisiniqnitatissectatores,sciliceteos
1760 4595 1764 4604 ’

192 4684 316 4770 λογίζῃ,
330 4684 390 4762 tce
405 4687 459 4750 tire
472 4685 514 4749 τὰ
530 4682 637 4770 μίσους
648 4683 721 4764 ἀξια
739 4685 935 4772 πράττουσιν.
982 4686 1138 4767 quisunt
1161 4685 1297 4766 penitus
1322 4699 1343 4745 e
1364 4683 1480 4747 divino
1502 4684 1598 4748 cultu
1614 4689 1726 4748 extor-

192 4785 240 4854 Οά
250 4788 312 4874 γὰρ
324 4790 397 4866 τούς
411 4808 488 4854 ποτε
504 4787 744 4874 ἐργαζομίνους,
760 4788 844 4854 ἀλλὰ
862 4792 936 4868 τοὺς
980 4807 1045 4868 res,
1056 4805 1140 4871 quoa
1152 4789 1240 4851 inter
1252 4786 1393 4851 odibiles
1405 4786 1604 4867 recensebis,
1616 4802 1721 4868 quen-

191 4894 239 4960 ἐτι
255 4893 311 4960 καί
330 4901 384 4959 νῦν
407 4890 647 4980 ἐργαζομένους,
668 4889 764 4980 θςδν
779 4890 936 4979 ἐπιμίνον·
981 4897 1015 4956 to
1030 4897 1179 4974 tempore
1202 4889 1278 4954 odio
1303 4889 1410 4968 digna
1424 4895 1632 4972 perpetrant.
1653 4891 1726 4955 Non

191 5017 249 5075 τας
263 5007 302 5084 τη
317 4996 417 5083 κακίᾳ
434 5005 541 5083 μισεῖς,
983 4997 1073 5060 enim
1099 5010 1155 5060 eos
1181 4995 1244 5078 qui
1267 4995 1348 5058 clim
1373 4995 1461 5058 mele
1498 5000 1652 5074 egerunt,
1672 4997 1731 5061 sed

428 5141 431 5151 ·
982 5116 1038 5166 eos
1054 5100 1113 5181 qui
1129 5099 1231 5162 etiam
1258 5115 1352 5161 nunc
1379 5098 1427 5161 sic
1453 5096 1593 5179 faciunt,
1615 5105 1730 5183 utpote

226 5238 253 5278 v.
268 5221 292 5292 θ,
306 5220 332 5280 θ.
346 5219 440 5280 νοτία
453 5219 494 5275 18.
983 5205 1018 5269 in
1034 5203 1161 5268 malitia
1177 5207 1440 5283 perseverantes,
1456 5201 1566 5265 odisti.
