4044 6104
293 409 359 476 452
971 413 1180 480 OBIGENES

295 553 333 617 οῦ
347 549 462 630 πάντες
478 550 513 616 δὲ
527 547 713 636 ὑπήκουσαν
727 559 771 638 τῷ
785 547 970 638 εὐαγγελίῳ,
987 555 1042 618 καί
1086 554 1222 637 quidem
1241 559 1414 638 τουτουσί,
1426 557 1485 621 sed
1507 573 1574 620 nou
1591 573 1707 622 omues
1729 573 1832 621 evau-

296 657 326 722 οί
338 658 393 743 μίν
406 655 642 733 ὑπακούσαντες
652 655 861 742 τυγχάνουσιν
872 665 934 722 τῦν
945 657 1043 742 ἐπηγ·
1085 659 1216 737 galium
1228 660 1418 725 audierunt.
1432 662 1496 737 Qui
1503 678 1584 724 vero
1595 659 1832 740 obaudierunt,

294 759 473 848 γελμίνιυν·
494 769 560 839 τοῖς
582 760 617 826 δέ
631 762 692 846 τήν
711 759 807 846 χάριν
829 759 991 826 ἀθετοῦσιν
1005 763 1042 825 τό
1086 763 1365 843 promissionibus
1380 765 1479 846 potiti
1494 769 1592 828 suut:
1607 765 1756 829 hisvero
1771 766 1831 847 qui

295 875 357 950 πῦρ
380 864 512 946 ἀπειλεῖ,
527 863 630 950 λόγων
644 863 734 950 ἐξής·
756 863 824 949 Πῦρ
839 863 971 931 ἐνώπιον
988 867 1043 930 αῦ-
1086 867 1234 944 gratiam
1251 865 1452 948 despiciunt,
1473 869 1589 947 iguem
1604 870 1765 949 minatur,
1785 868 1839 932 di·

295 979 352 1035 τοῦ
366 967 569 1054 καυθήσεται,
584 970 641 1032 καί
660 967 768 1051 κύκλῳ
783 967 882 1034 αὐτοῦ
895 972 1041 1057 καταιγίς
1086 987 1165 1034 oeus
1180 988 1296 1052 porro:
1312 973 1407 1055 Ιριιίτ
1419 959 1458 1037 iu
1475 978 1644 1055 conspecto
1657 973 1729 1054 σρίιο
1742 989 1837 1038 οσον·-

295 1072 428 1160 σρόδρα.
444 1072 525 1139 Τότε
540 1072 574 1136 δὲ
588 1074 644 1136 καί
658 1074 719 1158 τήν
732 1071 857 1151 ἔνδοξον
868 1069 966 1137 αότοῦ
981 1093 1042 1136 πα-
1085 1071 1196 1153 osec,
1215 1077 1247 1139 et
1266 1074 1458 1141 incircuitu
1476 1077 1549 1157 eja
1562 1081 1731 1158 tempestas
1751 1079 1836 1143 οαίό
1928 1125 1933 1134 ,

295 1178 424 1266 ρουσίαν
438 1175 612 1261 ποιήσεται,
628 1175 713 1261 ήξυν
733 1177 771 1241 ἐκ
786 1185 841 1262 της
857 1173 1043 1262 ἐπουρανίου
1086 1176 1136 1241 do.
1150 1181 1353 1243 Tuueetiam
1366 1197 1467 1245 suum
1480 1182 1635 1262 implebit
1645 1183 1834 1261 gloriosum

297 1285 389 1368 Σιὼν,
412 1283 452 1368 ἣν
474 1279 622 1346 είδέναιό
642 1279 818 1360 ἀπόστολος
832 1279 978 1347 ἐδίδασκε
992 1278 1044 1345 λὲ-
1087 1281 1281 1363 adventum,
1311 1289 1478 1348 venturus
1493 1360 1494 1364 ρ
1510 1302 1563 1348 ενιΔ
1585 1287 1714 1350 eoelesti
1744 1286 1836 1367 Sion,

296 1411 375 1478 γυν·
389 1387 430 1454 Ἦ
451 1388 486 1453 δέ
509 1388 573 1452 ἀνυ
587 1385 797 1472 Ἰερουσαλήμ
819 1385 970 1473 ἐλευθέρα
992 1386 1043 1451 ἐσ·
1087 1402 1190 1466 quam
1201 1387 1471 1468 conspiciendam
1481 1388 1575 1452 dedit
1583 1390 1771 1469 apostolus,
1784 1389 1836 1452 di-

296 1497 353 1578 τίν,
365 1493 434 1579 ήτις
444 1491 511 1556 ἐστί
523 1488 627 1576 μήτηρ
638 1489 737 1577 ήμῶν.
746 1485 792 1555 Ἢ
799 1489 869 1555 καί·
881 1490 1044 1576 Προσελη-
1087 1506 1183 1553 oens:
1210 1493 1286 1554 «Ea
1300 1507 1380 1554 vero
1396 1509 1474 1573 quae
1486 1509 1623 1556 sursum
1640 1497 1700 1572 est,
1717 1493 1840 1556 Hieru-

295 1597 411 1663 λόθατε
433 1595 516 1661 Σιὼν
537 1595 602 1679 δρει
624 1596 680 1659 καί
702 1593 793 1659 πόλει
808 1594 891 1663 Θεοῦ
915 1595 1042 1676 ζῶντος,
1087 1594 1193 1664 salem
1209 1595 1316 1658 libera
1331 1599 1391 1675 est,
1404 1612 1480 1676 quae
1495 1600 1547 1660 est
1557 1600 1665 1660 mater
1679 1599 1833 1660 nostra.»

295 1697 507 1785 Ἰερουσαλήμ
520 1695 704 1782 ἐπουρανίῳ,
719 1701 775 1762 κοιὶ
791 1699 935 1785 μυριάσιν
950 1697 1045 1784 ἀγγέ-
1087 1699 1150 1761 Vel
1165 1699 1278 1760 etiam:
1297 1699 1516 1763 «secessistis
1527 1699 1570 1763 ad
1585 1702 1664 1764 Sion
1675 1704 1836 1779 montem,

296 1806 361 1872 λον
382 1803 566 1890 πανηγύρει,
581 1805 636 1867 καί
658 1802 815 1889 ἐκκλησία
836 1802 1043 1888 πρωτοτόκων
1088 1806 1122 1866 et
1147 1803 1320 1866 civitatem
1346 1804 1408 1867 Dei
1437 1805 1594 1884 viventis,
1623 1807 1835 1868 Hierusalem

296 1907 586 1997 ἀπογεγραμμένων
608 1908 642 1975 ἐν
664 1907 817 1993 οὐρανοῖς.
840 1907 893 1974 Διδ
915 1910 970 1973 καί
989 1917 1044 1974 νῦν
1088 1909 1270 1988 eoelesteru,
1286 1911 1320 1971 et
1332 1909 1517 1971 multorum
1532 1909 1680 1973 millium
1696 1911 1836 1988 augelo-
1859 1920 1862 1928 ·

296 2013 430 2098 εἴρηται·
444 2013 506 2078 Ἐκ
515 2009 630 2094 aava
642 2011 811 2096 εὐπρέπεια
821 2020 879 2096 τῆς
894 2010 1044 2096 ὡραιότη-
1088 2030 1165 2076 rum
1180 2012 1414 2094 frequentiam,
1431 2019 1465 2078 et
1480 2015 1655 2079 eeclesiam
1667 2016 1837 2096 primoge-

296 2138 351 2195 τος
366 2115 473 2198 αὐτοῦ,
495 2115 545 2198 εἴη
568 2113 644 2198 ἀνή
667 2113 789 2193 ἔνδοξος
804 2113 901 2179 αὐτοῦ
923 2113 1043 2199 θεοῳά-
1087 2117 1247 2196 nitorum,
1264 2117 1324 2199 qui
1346 2119 1526 2201 conscripti
1542 2123 1623 2183 sunt
1642 2120 1678 2182 in
1693 2119 1797 2183 ooelis.
1816 2139 1835 2178 υ

296 2242 375 2304 νεια,
397 2218 470 2304 ήνδ
491 2218 585 2304 λόγος
607 2215 803 2302 παρίστησιν,
826 2217 991 2284 συνάπτον
1014 2217 1044 2283 ὲ·
1089 2220 1215 2283 ideireo
1232 2221 1475 2285 uuuedioitur:
1490 2223 1542 2285 Εα
1557 2223 1637 2288 Sion
1649 2225 1770 2303 spectas
1783 2222 1835 2288 ιίο-

297 2323 371 2410 ξής·
396 2320 434 2388 ‘0
449 2320 530 2398 Θεὸς
544 2321 689 2406 ἐμφανῶς
704 2319 782 2405 ήξει.
793 2319 859 2384 Καί
874 2317 1043 2405 τίποιήσει
1088 2325 1172 2390 coris
1182 2324 1262 2405 ejus.
1277 2326 1357 2400 Quae
1368 2324 1509 2388 fortasse
1521 2326 1586 2389 erit
1600 2327 1749 2405 gloriosa
1761 2326 1836 2406 ejus

297 2423 901 2514 ἐπιλέγουούπαρασιωπήσοται.Κατίι
914 2426 1043 2512 μὲνγὰρ
1088 2429 1303 2509 theophania,
1322 2445 1424 2510 quam
1451 2431 1607 2511 proponit
1631 2447 1741 2494 sermo
1771 2431 1837 2493 rite

296 2533 356 2618 τήν
369 2529 498 2615 πρώτην
513 2527 609 2594 αὐτοῦ
625 2526 798 2612 παρουσίαν
814 2527 1047 2612 ὑπ’ἀνθρώπιον
1088 2533 1312 2615 subsequens:
1340 2536 1429 2599 Deos
1452 2533 1624 2616 moiseste
1648 2535 1762 2599 οοιιίοί.
1792 2537 1837 2599 Et

297 2634 479 2721 κρινόμενος
505 2631 636 2714 ἐσιόντα,
666 2631 721 2696 καί
743 2633 1045 2718 συκοφαντούμενος,
1089 2635 1171 2718 quid
1185 2635 1338 2702 facturus
1352 2639 1408 2718 sit,
1422 2638 1546 2702 subdit:
1560 2639 1634 2704 Noa
1646 2637 1764 2702 silebit.
1780 2641 1838 2702 Se-

299 2740 390 2806 οίιδὲν
405 2736 614 2823 ἀπεκρίνατο·
630 2735 837 2824 όαπιζόμενός
848 2757 884 2801 τε
897 2739 953 2801 καὶ
966 2756 1045 2822 μασ-
1088 2743 1238 2806 eundum
1248 2743 1338 2805 euim
1346 2744 1494 2823 primum
1507 2741 1582 2824 ejus
1592 2743 1785 2823 adventum,
1794 2743 1839 2807 ab

299 2844 469 2930 τιζόμενος,
482 2844 542 2907 οῦκ
552 2842 765 2928 ήμόνατο,ότε
776 2839 971 2926 οὐδ’ἐμιρανη
988 2849 1047 2905 πα-
1089 2845 1283 2912 hominibus
1291 2844 1476 2926 judicatus,
1487 2847 1630 2927 taoebat,
1641 2847 1838 2910 calumniis·

299 2969 348 3016 σιν
367 2949 430 3032 τήν
447 2945 563 3011 ἑαυτοῦ
583 2945 725 3031 θεότητα
747 2943 878 3011 ἐδείκνυ.
898 2943 1046 3010 Ἐπειδάν
1090 2966 1157 3030 que
1185 2949 1382 3030 proscissus,
1404 2949 1492 3012 nihil
1518 2949 1749 3031 respondebat,
1771 2951 1840 3014 vir·

299 3053 334 3116 δέ
348 3053 384 3116 τδ
399 3049 543 3135 δεύτερον
559 3049 721 3137 ἀφίκηται,
733 3049 811 3136 ήξει,
824 3053 930 3135 φησίν,
945 3049 1047 3134 ἐμφα-
1090 3056 1214 3135 gisque
1230 3059 1264 3117 et
1282 3053 1429 3134 flagellis
1444 3073 1561 3136 oaesus,
1576 3073 1597 3118 a
1611 3056 1715 3118 minis
1729 3071 1765 3118 se
1780 3055 1839 3118 ab·

297 3165 368 3239 νῶς,
383 3159 438 3220 καί
453 3156 490 3220 οὐ
504 3153 801 3241 παρασιωπήσεται·
817 3155 902 3220 ἀλλά
916 3157 972 3220 καί
982 3164 1043 3240 πῦρ
1089 3158 1222 3238 stiuuit‚
1235 3176 1296 3222 uec
1307 3177 1404 3223 suam
1416 3176 1529 3222 eoram
1541 3159 1700 3222 omuibus
1710 3159 1842 3222 detexit

298 3261 436 3327 ἐνώπιον
444 3259 541 3326 αὐτοῦ
562 3258 766 3344 καυθήσεται,
789 3258 843 3324 καί
866 3259 974 3343 κύκλῳ
988 3281 1050 3329 κα-,
1090 3260 1314 3325 divinitatem.
1326 3262 1465 3337 Quaudo
1480 3267 1594 3325 autem
1610 3263 1841 3327 iterumuooe-

298 3368 399 3451 ταιγίς
410 3365 541 3451 σιρόδρα.
553 3362 783 3450 Προλαμθόινον
793 3365 855 3450 γόιρ
867 3366 903 3428 τό
914 3373 974 3449 πῦρ
987 3365 1048 3449 τήν
1090 3365 1156 3445 det,
1170 3365 1285 3445 οοοίσί,
1303 3365 1425 3446 inquit,
1440 3366 1623 3448 manifeste,
1640 3369 1673 3430 et
1685 3383 1749 3430 ιιονι
1762 3365 1841 3430 sile·

299 3472 395 3536 οιύτοῦ
411 3469 572 3557 βασιλείαν
588 3469 740 3554 καθαίρει,
756 3478 861 3534 πᾶσαν
877 3468 956 3553 θλην
970 3490 1047 3532 καυ-
1089 3468 1144 3533 bit.
1161 3469 1224 3533 sed
1240 3474 1275 3533 et
1287 3469 1325 3533 τίι
1338 3473 1504 3550 conspecta
1517 3470 1589 3550 ejas
1603 3469 1692 3552 ἀροίσ
1708 3467 1839 3533 ταυρείο-

299 3577 410 3660 στικήν
432 3571 613 3657 ἀναλίσκον,
635 3576 713 3658 πρός
727 3575 763 3638 τό
784 3575 826 3658 μή
842 3571 921 3651 ξύλα
935 3575 957 3658 ή
973 3571 1047 3658 χόρ-
1089 3575 1164 3652 stet,
1180 3576 1212 3636 σί
1224 3573 1262 3636 ότι
1272 3570 1840 3654 eirmtitttoelsemeutersurmtstem·

298 3682 389 3765 τονή
412 3679 563 3764 καλάμην
583 3681 644 3763 πρὸ
666 3675 836 3762 προσώπω
859 3676 956 3740 αὐτοῦ
976 3673 1047 3761 ραί-
1084 3682 1207 3759 pastos.
1227 3679 1441 3741 Praecurreus
1459 3678 1550 3740 euim
1573 3679 1665 3758 ignis
1689 3694 1836 3756 ragnum

299 3781 568 3868 νεοθαι.Ἐλὲγξει
579 3781 613 3846 δέ
624 3779 737 3866 κρίνων
747 3783 820 3858 τοὺς
831 3779 1047 3866 ἐλέγχυνδεο-
1092 3782 1165 3862 eius
1172 3788 1308 3863 purgat,
1321 3799 1455 3846 omnem
1463 3785 1640 3847 materiam
1654 3785 1840 3849 absumens

171 3886 176 3894 '
300 3885 429 3972 μένους·
452 3887 507 3950 καί
522 3884 708 3964 ἀποδέξεται
729 3887 802 3962 τοὺς
824 3883 990 3970 ἀποδοχῆς
1011 3885 1046 3950 ἀ·
1091 3905 1167 3969 quae
1182 3889 1237 3950 uri
1251 3891 1370 3968 potest,
1397 3892 1436 3951 ut
1450 3905 1512 3951 neo
1537 3889 1683 3969 liguum,
1699 3906 1762 3952 nee
1787 3888 1837 3952 fe·

299 3988 401 4068 ξίους·
415 3998 480 4066 τοῖς
503 3990 561 4074 μὲν
575 3987 726 4074 φάσκων·
748 3988 855 4070 Δεῦτε,
871 3987 900 4052 οἱ
915 3987 1047 4074 εὐλογη-
1091 4009 1184 4070 num‚
1200 4007 1309 4070 neque
1324 3994 1422 4072 palea
1432 3995 1511 4055 aute
1526 3998 1743 4075 conspectum
1764 3992 1840 4073 ejus

301 4093 389 4181 μένοι
401 4105 458 4160 τοῦ
480 4094 605 4179 Πατρός
620 4115 690 4178 μου,
705 4090 968 4178 κληρονομήσατε
988 4095 1049 4178 τήν
1091 4099 1260 4177 appareat.
1283 4097 1417 4174 Arguat
1433 4100 1548 4160 autem
1574 4097 1753 4176 injudicio
1779 4099 1841 4181 qui

298 4198 535 4285 ἡτοιμασμένην
556 4199 628 4284 ὑμίν
651 4195 811 4284 βασιλείαν
833 4197 895 4261 ἀπό
910 4197 1047 4270 καταόο-
1091 4200 1193 4278 argui
1207 4199 1373 4280 indigent,
1395 4204 1428 4263 et
1442 4203 1605 4282 suscipiet
1631 4203 1763 4282 eosqui
1785 4221 1844 4286 su-

299 4303 359 4388 λης
372 4303 502 4390 κόσμου,
521 4302 606 4369 ἀλλά
622 4305 664 4388 μή
685 4303 791 4379 αὐτοῖς
806 4300 971 4387 ὁρίσασθαι
988 4304 1047 4388 τήν
1091 4305 1175 4385 soipi
1213 4309 1396 4384 merentur,
1433 4304 1487 4368 his
1524 4306 1660 4387 quidem
1706 4306 1839 4370 diceus:

300 4409 501 4493 δικαιοσύνην
511 4406 692 4493 παρηγγύα.
737 4439 740 4448 ⁴
1093 4401 1262 4488 «Venite,
1278 4408 1449 4473 benedieti
1475 4411 1581 4491 patris
1596 4412 1674 4490 mei,
1700 4413 1842 4493 recipite

1091 4516 1249 4596 paratum
1264 4513 1359 4578 vobis
1385 4531 1531 4592 reguum
1554 4533 1575 4578 a
1597 4517 1840 4580 constitutione

1091 4618 1247 4682 muudi.»
1280 4619 1344 4682 Sed
1366 4635 1403 4681 se
1424 4636 1492 4681 nou
1519 4620 1587 4682 illis
1609 4621 1838 4684 limitaturum

1092 4741 1164 4788 esse
1176 4721 1356 4803 justitiam,
1371 4723 1543 4803 pollicitus
1559 4727 1619 4787 est.

345 4853 377 4896 v.
396 4832 504 4896 12-15.
520 4826 597 4897 Ἐόιν
611 4829 759 4910 πεινάσω,
776 4826 813 4892 οὐ
829 4826 872 4915 μή
889 4848 939 4894 σοι
955 4827 1048 4892 είπιο·
1137 4846 1168 4891 ν.
1187 4829 1238 4892 12.
1257 4828 1307 4891 14.
1323 4829 1363 4892 Si
1380 4829 1535 4907 esarz'er'o,
1560 4845 1623 4892 oet
1638 4828 1744 4894 dicam
1765 4828 1834 4908 titi,

301 4937 363 5022 ἐμή
378 4935 440 5021 γάρ
455 4935 539 5000 ἐστιν
554 4933 576 5019 ή
592 4933 761 5021 οίκουμίνη
777 4937 832 5000 καί
842 4936 878 4998 τό
893 4931 1050 5019 πλήρωμα
1093 4951 1183 4998 αιτιοι
1197 4937 1247 4997 συί
1261 4933 1346 4998 etim
1361 4931 1447 4999 orbis
1457 4937 1621 4998 terrorum
1632 4937 1664 4997 et
1670 4932 1841 5015 plenitudo

338 5163 367 5201 v.
380 5145 469 5200 talo.
491 5143 537 5200 Ex
549 5142 644 5200 Vatis.
667 5143 710 5213 13,
722 5141 824 5199 eadem
846 5141 914 5198 Vat.
927 5142 962 5199 10
976 5139 1142 5197 summatim
1155 5139 1338 5213 perstrinxit.
1351 5139 1457 5198 Matth.
1468 5157 1539 5212 xxv,
1550 5141 1594 5212 84,
1606 5140 1649 5196 to.
