3966 6108
294 401 359 470 464
961 405 1173 476 emunitus

149 529 150 532 ’
293 539 505 630 παιδαγωγίαι
538 551 754 632 μυσταγωγῶν
787 543 1043 633 ἀνατιιχίςουσαι
1086 547 1296 616 temurale.»
1327 548 1416 613 Muri
1432 547 1551 631 igitur,
1575 553 1616 615 ut
1637 547 1718 631 dixi,
1741 547 1842 633 spiri-

293 649 348 712 τόν
364 645 500 714 ἑκάστου
515 658 597 716 νοῦν.
622 648 805 737 Περίτιιχος
820 649 856 715 ts
870 650 1006 736 Χριστός
1019 650 1042 738 ή
1085 654 1196 718 tuales
1210 655 1393 735 potestates
1408 657 1536 717 suntet
1549 653 1737 736 disciplina
1752 671 1840 735 μυω-

291 751 418 820 πάντων
432 751 606 837 ἀσφάλεια·
630 753 803 839 συνέστηκε
822 757 884 841 γὰρ
906 757 940 822 ἐν
956 755 1041 844 αὐτῷ
1084 758 1197 822 aidum
1224 758 1475 841 mysteriorum,
1498 776 1574 840 quae
1599 759 1842 824 communiunt

291 855 333 920 τὰ
347 855 463 938 πάντα,
479 857 564 922 κατὰ
574 858 628 923 τόν
641 856 731 923 θεῖον
743 857 930 926 ἀπόστολον.
946 859 1043 928 Ἀνα-
1086 861 1189 924 unius
1200 860 1366 942 cujusque
1382 861 1603 926 intellectum.
1616 863 1838 926 Antemurale

293 960 395 1044 ιρορόιν
409 953 445 1025 at
458 959 533 1038 ίσως
555 962 633 1046 φησὶ
647 963 706 1047 τήν
723 961 763 1027 ts
784 961 897 1048 μίρους
915 961 1041 1048 θυσίαν,
1084 969 1200 1030 autem
1215 965 1378 1046 curiatis,
1394 966 1454 1047 qui
1470 968 1624 1031 omnium
1635 965 1735 1029 firma
1744 969 1835 1028 tute-

291 1059 502 1150 θλοκαύεωμα
516 1064 552 1129 δὲ
566 1067 625 1151 τήν
638 1062 762 1130 τελείαν
778 1068 856 1152 πρὸς
872 1067 1041 1136 Θεόνκαθ-
1085 1070 1119 1132 la
1133 1073 1194 1132 est.
1219 1068 1435 1132 «constituta
1458 1069 1550 1132 enim
1572 1073 1653 1134 sunt
1676 1070 1712 1132 in
1734 1085 1774 1132 eo
1796 1085 1834 1131 o-

291 1163 423 1252 ιίρωσιν.
453 1167 689 1256 Προσεκόμιζον
717 1171 780 1256 γάρ
802 1192 882 1250 τινες
901 1172 1040 1258 μόσχους
1086 1174 1212 1254 mnia,»
1237 1177 1322 1236 teste
1341 1173 1419 1237 divo
1438 1174 1598 1255 apostolo.
1622 1173 1837 1238 Oblationem

290 1275 389 1359 τυχόν
408 1273 615 1360 ήχιμόιρους·
638 1275 707 1342 εἶτα
721 1275 897 1376 σραγίντος
920 1276 1038 1363 ἑτίρου,
1085 1277 1225 1344 fortasse
1240 1277 1323 1342 dicit
1335 1295 1377 1342 ex
1389 1283 1483 1360 parte
1505 1278 1722 1358 sacrificium,
1742 1279 1838 1342 holo-

290 1377 347 1440 καὶ
361 1384 422 1441 σῦν
436 1387 537 1462 κρεῷν
549 1377 594 1460 δὲ,
606 1379 714 1466 τὰμὲν
726 1375 907 1465 ἀνερίρετο,
923 1381 1041 1447 τινὰδί
1084 1385 1240 1446 caustum
1263 1396 1342 1446 vero
1364 1381 1547 1463 perfectam
1572 1382 1607 1446 in
1630 1383 1700 1446 Deo
1720 1397 1839 1446 eonse-

292 1476 544 1566 ἀπελαμύόνετο.
561 1479 689 1566 Ταύτην
705 1480 784 1547 είναί
795 1503 899 1569 φαμεν
913 1486 973 1570 τήν
988 1506 1041 1572 με·
1084 1487 1279 1549 orationem.
1288 1485 1480 1550 offerebant
1490 1486 1581 1548 enim
1594 1486 1760 1566 nonnulli,
1769 1501 1834 1568 pro

289 1584 381 1668 ρικήν
395 1579 511 1650 θυσίαν
533 1585 577 1662 είς
600 1585 708 1652 εἰκόνα
722 1588 778 1651 καὶ
799 1585 896 1652 τύπον
918 1597 976 1673 τής
995 1610 1038 1654 πι-
1086 1607 1122 1652 re
1145 1596 1236 1672 nata,
1254 1591 1378 1656 vitulos
1393 1591 1448 1654 vei
1472 1589 1602 1654 haedos:
1626 1589 1746 1653 deinde
1765 1605 1840 1652 una

287 1704 349 1752 νων
375 1686 469 1772 ζωής,
493 1689 554 1775 οὺχ
576 1688 731 1767 όλοτίλως
753 1688 885 1768 ἑαυτοὺς
912 1689 1040 1757 ἀναθόν-
1084 1693 1223 1757 victima
1241 1709 1336 1773 σασα,
1348 1711 1426 1775 pars
1445 1693 1600 1756 earnium
1616 1690 1834 1780 offerebatur,

288 1811 350 1857 των
365 1791 409 1870 είς
424 1792 527 1879 όσμήν
543 1789 674 1873 εὐωδίας
689 1803 733 1880 τῷ
748 1791 829 1880 Θεῷ,
846 1793 931 1858 όιλλόι
946 1815 1040 1880 μεμε-
1084 1813 1162 1878 pars
1173 1813 1253 1860 vero
1273 1795 1512 1877 excipiebatur.
1526 1794 1621 1858 Hane
1632 1794 1777 1858 dicimus
1788 1812 1835 1858 ex

290 1894 452 1982 ρισμίνως,
475 1894 578 1962 ὁποῖοί
598 1894 679 1975 τινίς
695 1895 772 1963 είσιν
793 1897 822 1962 οἱ
841 1895 922 1984 μήτε
944 1896 988 1975 είς
1003 1899 1038 1962 ύ·
1084 1904 1179 1982 parte
1198 1900 1412 1980 oblationem,
1430 1899 1475 1962 ad
1491 1883 1599 1962 instar
1614 1903 1648 1963 et
1663 1898 1698 1962 in
1709 1903 1834 1982 typum

288 2021 352 2067 παν
368 2002 600 2090 ἀποταξαμενοι
622 2007 666 2089 τῷ
681 2002 799 2088 κόσμιρ,
821 2000 902 2089 μήτε
925 2005 989 2090 μήν
1003 2001 1039 2068 ἀ-
1084 2007 1163 2070 vitae
1175 2007 1426 2084 nonnullorum,
1435 2004 1495 2085 qui
1506 2021 1542 2067 se
1550 2019 1618 2066 non
1629 2003 1764 2066 omnino
1779 2003 1831 2066 di-

287 2108 461 2185 ποστόιντες
475 2117 531 2173 τοῦ
543 2109 623 2172 εἶναι
633 2107 811 2194 θεοφιλεῖς·
827 2117 966 2185 τοιοῦτος
978 2117 1040 2175 τῷν
1084 2115 1163 2174 eant
1177 2111 1246 2175 Deo
1263 2112 1298 2174 in
1310 2110 1446 2174 odorem
1461 2109 1651 2188 suavitatis,
1665 2107 1725 2173 sed
1743 2107 1834 2171 divi·

288 2209 323 2276 ἐν
337 2210 430 2297 γόιμιρ
444 2209 462 2275 ό
478 2209 554 2298 βίος·
566 2211 748 2298 μεμερίσθαι
763 2213 826 2299 γὰρ
841 2211 967 2296 αύτούς,
984 2214 1039 2278 καί
1083 2213 1158 2294 sim,
1171 2217 1288 2296 quales
1303 2219 1385 2278 sunt
1399 2213 1547 2294 quidam,
1560 2230 1671 2294 neque
1694 2215 1834 2294 penitus

289 2313 483 2401 όπόνσορος
497 2316 606 2401 είρηκε
618 2316 755 2396 Παῦλος.
779 2315 826 2382 ot
840 2317 1040 2408 παρόδιιιτον
1084 2319 1210 2383 mundo
1219 2321 1467 2398 renunciantes,
1477 2323 1661 2404 nontamen
1676 2335 1838 2383 recusan-

290 2419 326 2484 δὲ
341 2420 396 2484 καὶ
418 2419 495 2484 αὐτὸ
516 2429 561 2506 τῷ
583 2418 675 2506 Θεῷ·
696 2418 795 2507 τίμιος
814 2425 876 2508 γὰρ
898 2424 917 2489 ό
937 2424 1039 2510 γάμος
1083 2427 1134 2486 tes
1157 2441 1230 2487 esse
1252 2423 1314 2486 Dei
1329 2425 1505 2486 amatores.
1529 2423 1620 2486 Talis
1636 2427 1687 2485 est
1708 2422 1835 2486 vitain

289 2522 381 2608 καλή
397 2521 488 2608 κοίτη
511 2521 669 2610 ἀμίαντος.
691 2525 736 2592 Τό
757 2545 796 2613 γε
822 2529 885 2613 μήν
907 2525 1040 2592 ύλοκαύ·
1083 2526 1255 2607 conjugio.
1271 2526 1404 2589 Divisos
1419 2525 1511 2588 enim
1527 2540 1584 2589 eos
1599 2524 1686 2588 dixit
1700 2525 1836 2605 sapien·

290 2647 382 2714 τωμα
397 2625 472 2693 όλον
491 2627 530 2692 δι’
540 2626 617 2695 όλου
638 2628 885 2717 προσεκομίζετο
899 2638 943 2717 τῷ
958 2631 1039 2718 Θεῷ,
1084 2632 1236 2696 tissimus
1243 2631 1380 2695 Paulus.
1402 2631 1519 2712 Neque
1531 2633 1645 2694 tamen
1662 2627 1749 2693 illud
1763 2630 1831 2693 Deo

289 2733 366 2817 ὅπερ
382 2731 476 2817 δηλοῖ
487 2735 546 2819 τήν
557 2731 712 2813 όλοτελῦς
728 2732 823 2820 όιγίαν
833 2741 896 2802 τῦν
906 2733 1040 2801 ύπολέκ-
1088 2736 1304 2818 repudiatum
1320 2739 1381 2800 est.
1399 2735 1648 2800 «Honorabiles
1664 2735 1757 2799 enim
1771 2753 1834 2798 nn·

290 2856 353 2903 των
366 2836 462 2922 ζωήν,
478 2837 511 2901 οἳ
522 2840 577 2903 καί
594 2837 707 2925 μόσχοι
722 2836 858 2924 λέγοιντ’
869 2839 908 2904 ἂν
923 2839 1039 2926 ἀναιρε·
1084 2841 1164 2921 ptine
1185 2844 1275 2920 sunt,
1299 2845 1333 2904 et
1354 2840 1473 2903 thorus
1493 2841 1768 2904 immaculatus.»
1786 2841 1833 2902 At

289 2940 415 3027 ρόμενοι
437 2941 489 3008 ἐπὶ
509 2944 545 3006 τό
567 2940 803 3028 θυσιαστήριον.
828 2941 923 3009 'um
944 2943 980 3009 tt
1003 2947 1039 3010 τό
1083 2961 1164 3008 vero
1178 2943 1413 3008 holocaustum
1428 2947 1539 3008 totum
1555 2960 1597 3006 ex
1613 2947 1683 3006 toto
1702 2943 1772 3007 Deo
1788 2941 1836 3006 of·

289 3043 456 3111 θειότατον
470 3044 560 3133 ήμῦν
573 3045 799 3132 θυσιαστήριον
814 3047 831 3111 ό
846 3047 992 3133 Χριστός,
1004 3049 1040 3114 ἐν
1083 3047 1270 3112 ferebatur:
1287 3047 1560 3129 quodsignifieat
1570 3049 1709 3112 omnino
1724 3047 1832 3130 perfe-

290 3152 416 3237 ῷκατὰ
429 3155 465 3217 τό
487 3150 593 3238 λόγιον
615 3150 834 3238 όριερούμενοι
854 3154 910 3218 καὶ
931 3175 1039 3242 μυστι·
1083 3157 1173 3240 etam
1185 3156 1219 3214 et
1232 3155 1384 3242 sanctam
1398 3153 1576 3234 speciatim
1588 3153 1773 3216 electorum
1785 3151 1835 3214 vi·

289 3255 641 3341 sustineneamus,
656 3258 715 3342 τήν
737 3259 950 3343 προσαγωγὴν
963 3239 1058 3344 ἔγγο-Ι
1083 3259 1164 3336 tam,
1176 3273 1261 3338 quos
1272 3255 1398 3321 dixeris
1414 3256 1537 3321 vitulos
1548 3257 1723 3339 impositos
1735 3256 1770 3319 in
1783 3257 1832 3320 al·

291 3379 365 3446 μεν·
387 3361 421 3426 όν
436 3362 461 3448 ῷ
475 3362 517 3425 τὰ
529 3359 704 3446 τελούμενα
725 3360 862 3426 τελεῖται
876 3364 931 3428 καὶ
946 3363 1056 3450 ἁγιά-4
1082 3363 1165 3423 tare.
1188 3358 1342 3424 Christus
1364 3365 1480 3424 autem
1503 3364 1554 3424 est
1576 3361 1831 3424 sanctissimum

188 3525 190 3532 ,
291 3465 390 3546 ζεται·
407 3464 532 3551 ἁγιάζει
541 3466 603 3551 γὰρ
615 3465 694 3550 ύπίρ
705 3465 795 3552 ήμῦν
810 3465 922 3532 ἑαυτόν
933 3466 951 3532 ό
961 3488 1039 3534 παν-
1083 3467 1190 3530 altare
1213 3469 1377 3546 nostrum,
1394 3467 1430 3530 in
1446 3482 1513 3547 quo
1527 3464 1629 3545 juxta
1644 3465 1833 3546 oraculum,

291 3569 466 3656 αγιιύτατος
486 3567 621 3654 Ἰησοῦς,
640 3571 696 3634 καὶ
711 3569 817 3654 πόσης
827 3567 912 3656 ήμῦς
928 3569 1039 3657 όγιασ-
1082 3571 1268 3635 consecrati
1284 3574 1318 3634 et
1332 3572 1476 3654 mystieo
1491 3571 1717 3634 consummati
1740 3568 1834 3632 holo·

288 3673 375 3753 τείας
388 3675 514 3761 πληροῖ,
536 3682 598 3742 τῶν
617 3673 668 3743 ἐπ’
678 3675 764 3761 αύτῷ
785 3673 980 3761 τελουμένων
995 3675 1039 3741 οί-
1082 3680 1208 3757 causta,
1226 3676 1431 3740 oblationem
1438 3676 1612 3756 habemus;
1625 3676 1662 3738 in
1675 3691 1741 3756 quo
1756 3691 1833 3756 per·

288 3787 464 3865 κονομικῦς
479 3779 525 3858 εἰς
534 3777 619 3865 ήμῦς
631 3777 673 3857 ύς
688 3777 917 3864 θεογεννήτους
927 3779 1038 3846 λοιπόν
1068 3779 1170 3850 ‚faeta
1183 3780 1407 3863 perficiuntur
1426 3784 1461 3842 et
1473 3779 1740 3844 sanctificantur.
1753 3779 1832 3841 Ete-

287 3881 526 3970 ἀγαθουργικῦς
548 3879 778 3950 διαύαινόντων.
795 3921 836 3932 -
854 3881 935 3948 Τότε
954 3880 1038 3950 ἀνοί-
1081 3886 1153 3950 nim
1168 3889 1324 3950 sanetum
1335 3901 1371 3948 se
1385 3887 1522 3965 propter
1532 3901 1594 3948 nos
1605 3882 1685 3947 facit
1695 3899 1829 3946 summe

287 4006 397 4052 nostru
410 3982 525 4063 θυσίας
539 3984 590 4050 ίπί
600 3987 637 4050 τό
647 3983 875 4071 θυσιαστήριον
886 3996 941 4052 τοῦ
952 3985 1036 4055 Θεοῦ
1080 3990 1314 4054 sanctissimus
1329 3989 1351 4052 J
1353 4005 1441 4067 esus,
1455 4004 1584 4070 nosque
1603 3988 1697 4050 omni
1715 4000 1835 4048 eumu-

288 4087 324 4153 ἐν
337 4087 464 4174 Χριστῷ
478 4087 586 4172 Ἰησοῦ
597 4097 641 4175 τῷ
652 4087 760 4173 Κυρίιρ
770 4088 870 4176 ήμῦν,
883 4089 921 4155 δι’
932 4092 969 4156 ού
981 4093 1037 4156 καί
1081 4095 1129 4158 lat
1135 4094 1323 4172 sanctitate,
1332 4109 1438 4173 quum
1446 4090 1585 4172 perfecti
1597 4093 1633 4154 iu
1642 4090 1735 4154 illius
1748 4105 1836 4152 ιυιιο-Ι

289 4190 359 4278 μεθ’
369 4194 406 4258 ού
426 4201 471 4279 τῷ
494 4191 566 4280 Θεῷ
587 4195 643 4259 καί
657 4192 759 4278 Πατρί
779 4191 802 4279 ή
825 4193 903 4274 δόξα
923 4198 978 4261 καὶ
999 4201 1036 4264 τό
1081 4199 1203 4277 nomia,
1216 4196 1554 4276 adnostanquamin
1566 4196 1635 4259 Deo
1650 4194 1785 4274 genitos
1797 4209 1833 4255 o·

288 4294 405 4382 κρότος
421 4299 478 4362 σὺν
500 4295 580 4384 ύγίφ
595 4297 755 4385 Πνεύματι
770 4299 814 4377 εἰς
829 4301 901 4378 τοὺς
920 4301 1036 4382 αἰῦνας
1079 4319 1158 4385 pere
1177 4301 1302 4365 eximio
1321 4302 1508 4364 transeunt.
1524 4301 1693 4380 Imponent
1711 4297 1835 4362 οίιυῑυε

288 4409 350 4468 τῦν
365 4400 495 4486 αίύνων,
511 4400 607 4488 ἀμήν.
1053 4489 1054 4494 ,
1078 4409 1116 4473 ιἰι
1137 4405 1243 4471 altere
1265 4405 1336 4485 Dei,
1363 4404 1399 4467 in
1426 4405 1558 4469 Christo
1580 4405 1665 4468 Jesu
1687 4401 1831 4465 Domino

1081 4514 1207 4590 nostro,
1223 4525 1284 4591 per
1297 4524 1401 4590 quem
1423 4512 1458 4572 et
1479 4523 1626 4589 quocum
1647 4508 1717 4572 Deo
1739 4506 1785 4570 sit
1800 4509 1853 4568 et<

1078 4615 1171 4679 Patri
1185 4613 1298 4693 gloria
1312 4630 1352 4676 υο
1366 4616 1514 4694 potestas
1531 4629 1610 4677 eum
1625 4615 1742 4676 saneto
1759 4609 1833 4692 Spi-

1079 4718 1150 4782 ritu
1165 4718 1201 4783 in
1217 4718 1343 4782 sucula
1357 4717 1570 4782 saeoulorum.
1586 4717 1704 4781 Amen.
