4006 6090
317 417 381 480 274
976 419 1185 482 ORIGENES

358 555 396 623 Ὀ
413 558 651 645 ἀποταξάμενος
665 567 730 637 τοῖς
750 557 904 645 βιωτικοῖς
918 557 1063 644 πρᾶγμα·
1152 563 1184 623 Is
1200 561 1259 642 qui
1275 561 1375 625 rebus
1390 561 1609 626 saeoularibus
1628 561 1789 624 nuntium
1806 579 1861 625 re·

313 683 371 745 σιν,
387 666 442 727 καί
459 663 614 750 μηδεμίαν
630 666 713 749 ἔχων
730 661 840 749 μερίδα
855 663 987 748 tul-stig,
1005 683 1062 747 μη·
1108 665 1223 743 mittit,
1238 670 1273 729 et
1285 667 1415 730 nullam
1431 666 1466 728 in
1481 672 1572 730 terra
1585 671 1716 747 partem
1739 665 1852 745 habet,

313 767 367 833 δὲν
382 770 417 832 τδ
433 766 542 834 θέλειν
563 771 604 834 τὰ
622 777 771 850 τοσαῦτα,
788 765 859 831 ἀλλ’
871 766 1063 852 ἀρκούμενος
1108 784 1150 831 ne
1187 768 1376 840 istiusmodi
1406 769 1544 849 quidem
1574 786 1628 832 res
1664 769 1763 848 velle,
1795 767 1854 833 sed

316 870 385 936 ἀντὶ
399 870 704 958 πάντωντῷΚυρίιρ,
721 873 800 956 ἐρεῖ·
815 868 911 956 Μίρίς
930 893 988 957 μου
1000 871 1064 936 Kti-
1107 877 1286 938 contentus
1308 874 1450 938 Domino
1472 875 1546 936 vioe
1569 875 1732 950 omnium,
1755 872 1853 936 dicet:

315 995 390 1059 ριος.
409 974 519 1060 Τούτῳ
534 975 569 1040 δέ
585 975 755 1041 ἀκολουθεῖ
765 973 888 1062 λέγειν·
907 973 993 1042 Είπα
1008 983 1063 1038 τοῦ
1107 979 1218 1041 Porcio
1238 994 1309 1042 meo
1330 978 1497 1043 Drmiam.
1513 979 1601 1041 Huic
1623 977 1786 1059 competit
1807 977 1856 1040 di-

314 1077 513 1163 ρολάξασθαι
539 1081 592 1144 τδν
618 1078 713 1165 νόμον
744 1100 810 1161 σου,
842 1077 981 1144 τουτέστι
1010 1081 1064 1142 τὸν
1108 1097 1200 1145 cere:
1222 1081 1305 1146 Dici
1318 1082 1545 1147 umectam
1559 1082 1659 1164 teperet
1672 1085 1771 1163 tuem,
1793 1082 1856 1145 sci-

313 1181 554 1269 πνευματικόν...
579 1222 620 1232 -
648 1182 862 1266 Παρασκευης
884 1184 945 1268 γὰρ
971 1178 1064 1267 χρεία
1109 1186 1425 1268 licetspiritualem.
1441 1221 1479 1230 -
1493 1187 1756 1250 Praesidioenim
1772 1203 1857 1268 opus

313 1287 391 1370 πρὸς
405 1287 462 1363 τὰς
477 1285 692 1373 ἀντικειμένας
708 1286 863 1372 δυνάμεις,
879 1286 1063 1362 κωλυούσας
1109 1294 1161 1353 est
1174 1289 1336 1353 adversus
1350 1289 1490 1354 hostiles
1501 1293 1693 1371 potestates,
1706 1308 1782 1372 quae
1794 1291 1856 1354 im·

312 1397 368 1454 τοῦ
392 1388 476 1456 Θεοῦ
499 1390 634 1476 φυλάξαι
656 1392 713 1467 τὰς
736 1390 877 1474 ἐντολδις,
904 1393 990 1456 κατὰ
1011 1393 1064 1455 τδν
1109 1393 1308 1474 pediuutne
1337 1395 1572 1458 custodiantur
1597 1394 1757 1457 mandata
1782 1395 1855 1472 Dei,

313 1492 510 1559 Ἀπόστολον
524 1493 679 1580 λέγοντα·
695 1494 750 1572 Τίς
760 1491 845 1580 ἡμᾶς
858 1494 987 1582 χωρίσει
999 1496 1062 1562 dud
1105 1495 1206 1576 juxta
1220 1499 1420 1578 apostolum:
1438 1498 1550 1573 «Quis
1565 1515 1626 1562 nos
1641 1497 1812 1580 separabit
1839 1515 1861 1560 a

314 1607 372 1684 τῆς
388 1599 515 1684 ἀγάπης
531 1609 587 1664 τοῦ
602 1599 741 1684 Χριστοῦ
757 1600 826 1665 atla
1110 1601 1274 1665 charitate
1290 1601 1467 1665 obsistit»
1485 1607 1547 1666 eto.

357 1723 389 1766 v.
407 1705 459 1768 58.
474 1702 632 1789 Ἐδεήθην
643 1714 698 1769 τοῦ
710 1703 880 1790 προσώπου
892 1725 948 1770 σου
960 1705 994 1770 ἐν
1005 1703 1063 1790 δλῃ
1153 1724 1184 1769 v.
1200 1707 1252 1768 58.
1268 1708 1464 1787 Deprecatae
1476 1723 1549 1770 sum
1564 1703 1692 1787 sacrem
1713 1711 1804 1771 tuum
1817 1707 1855 1772 ιἰι

318 1803 437 1891 καρδίᾳ
452 1827 521 1892 μου,
538 1805 672 1892 ἐλέησόν
687 1829 726 1894 με
741 1812 826 1875 κατὰ
840 1808 945 1895 λόγιόν
961 1830 1028 1875 σου.
1109 1813 1171 1875 toto
1193 1809 1284 1876 eorde
1305 1826 1382 1889 meo,
1410 1811 1564 1875 miserere
1593 1812 1657 1876 mei
1684 1811 1857 1878 scandam

1109 1915 1270 1997 eloquium
1284 1918 1385 1978 tuum.

263 2043 266 2050 ⁴
359 2011 444 2102 Ὅροι
469 2017 504 2082 δέ
535 2017 670 2102 πηλικός
695 2017 780 2084 ἐστιν
806 2019 823 2083 ὁ
849 2018 1003 2105 ὀψόμενος
1028 2021 1064 2084 τδ
1153 2017 1334 2081 Considera
1355 2023 1470 2083 autem
1488 2023 1636 2100 quantus
1656 2021 1701 2084 sit
1723 2020 1782 2085 ille
1799 2021 1857 2086 oui

314 2119 483 2205 πρόσωπον
501 2131 558 2186 τοῦ
580 2120 682 2188 Θεοῦ·
703 2120 829 2207 Ἰησοῦς
851 2123 886 2188 δέ
901 2122 1064 2202 ἐδιδάξατο
1108 2127 1266 2185 cernetur
1277 2125 1394 2187 vultus
1406 2124 1477 2187 Dei.
1490 2125 1511 2186 J
1514 2141 1592 2188 esus
1604 2127 1675 2206 ipse
1688 2125 1722 2188 id
1730 2125 1856 2204 docuit,

313 2223 435 2310 λέγων·
450 2223 610 2311 Μακάριοι
626 2226 655 2290 σί
669 2225 803 2311 καθαροί
818 2235 856 2312 τῇ
872 2226 997 2312 καρδίᾳ,
1018 2228 1064 2290 δτι
1109 2227 1233 2290 dicens:
1253 2229 1376 2290 «Beati
1391 2228 1517 2291 mundo
1543 2228 1652 2309 corde,
1677 2230 1760 2310 quia
1789 2231 1854 2310 ipsi

314 2330 403 2393 αὐτοὶ
430 2332 484 2394 τδν
510 2328 591 2396 Θεδν
618 2330 780 2416 δψονται...
805 2368 846 2378 -
869 2329 1003 2414 Μήποτε
1029 2331 1064 2396 δέ
1108 2329 1216 2396 Deum
1231 2330 1436 2394 videbunt.»
1456 2367 1495 2380 -
1511 2333 1628 2396 Nonne
1643 2333 1774 2414 aliquid
1786 2351 1855 2396 am-

313 2431 454 2498 πλέοντι
470 2432 654 2518 ἐμφαίνεται
669 2444 725 2499 τοῦ
740 2434 848 2512 ἁπλῶς
865 2433 998 2520 ἐλέησόν
1014 2457 1063 2520 με,
1108 2435 1198 2515 plius
1214 2439 1265 2497 est
1279 2452 1381 2515 quam
1397 2435 1489 2498 nuda
1503 2453 1585 2500 vox:
1602 2437 1754 2502 miserere
1779 2438 1853 2519 urei,

313 2539 366 2601 due
380 2537 563 2623 πρόσκειται
578 2540 664 2624 αὐτῷ
678 2541 763 2604 κατὰ
778 2542 813 2604 τδ
833 2539 939 2626 λόγιόν
955 2540 1063 2624 σουςδ
1108 2538 1199 2617 quod
1220 2538 1300 2601 huic
1325 2541 1400 2602 voci
1425 2539 1566 2620 adJaoet:
1593 2540 1767 2608 reatuum
1790 2542 1853 2606 etc

313 2641 433 2725 φαῦλος
448 2641 483 2706 δέ
499 2641 669 2728 λεγόμενος
684 2643 772 2728 παρά
783 2664 861 2708 τισιν
872 2643 961 2722 ἕλεος
973 2645 1062 2728 είναι,
1108 2644 1221 2725 quium
1236 2646 1344 2706 tcum?
1357 2645 1401 2706 At
1414 2661 1519 2726 prava
1534 2661 1610 2725 quae
1626 2644 1750 2708 dicitur
1780 2662 1853 2708 esse

311 2747 406 2829 ἐστίν,
420 2746 471 2810 δτε
485 2747 521 2810 ob
533 2747 618 2810 κατὰ
629 2750 665 2812 τὸ
677 2746 782 2832 λόγιον
793 2757 848 2812 τοῦ
860 2745 943 2813 Θεοῦ
958 2748 1063 2813 tisui-
1108 2748 1282 2810 nonnullis
1296 2747 1536 2828 misericordia,
1552 2749 1612 2812 illu
1638 2754 1689 2813 est
1719 2749 1855 2830 quando

316 2870 418 2935 μενος,
435 2849 477 2928 ὡς
493 2851 545 2915 dre
561 2850 647 2915 ἐλεεῖ
660 2850 768 2916 Σαοὺλ
783 2854 836 2918 τὸν
851 2851 966 2938 Ἀγίιγ.
984 2853 1064 2937 [Κα-
1108 2868 1176 2915 non
1192 2853 1372 2915 miseretur
1389 2851 1490 2932 juxta
1516 2855 1689 2934 eloquium
1717 2855 1789 2934 Dei,
1816 2860 1856 2917 ut

313 2956 366 3041 τὰ]
383 2955 483 3041 κρίσιν
498 2956 533 3020 δὲ
549 2958 602 3022 τὸν
617 2956 707 3023 ἐλεον
722 2957 772 3022 δεῖ
783 2957 931 3044 γίνεσθαι,
947 2960 1002 3022 καὶ
1019 2961 1061 3044 μὴ
1108 2956 1242 3036 quando
1258 2956 1338 3020 Saiil
1361 2958 1463 3034 Agag
1492 2958 1651 3021 misertus
1678 2961 1738 3022 est.
1770 2959 1855 3021 cum

316 3060 506 3147 παρανόμως
527 3061 571 3146 τῷ
595 3060 691 3146 λογίῳ
710 3061 767 3126 σοῦ
796 3083 909 3148 φησιν·
931 3062 1064 3147 ἐλέησόν
1104 3061 1233 3141 judicio
1264 3068 1379 3126 autem
1415 3067 1546 3144 oportet
1568 3061 1642 3127 fleri
1668 3064 1858 3128 misericor-

320 3186 359 3250 με
374 3166 458 3229 κατὰ
473 3163 579 3251 λδγιδν
594 3187 660 3230 σου.
677 3165 768 3251 Πλὴν
782 3175 837 3232 νῦν
854 3167 911 3251 μὲν
925 3169 1062 3254 εὔχεται,
1108 3166 1209 3244 diam,
1243 3163 1301 3228 sed
1332 3183 1399 3228 non
1429 3166 1587 3229 violando
1607 3169 1721 3246 legem
1747 3173 1855 3248 tuam,

323 3269 398 3354 ἑξῆς
412 3269 448 3333 δέ
463 3267 669 3347 ἐπακουσθείς
685 3289 798 3354 φησιν·
1110 3270 1233 3349 inquit:
1249 3269 1406 3335 Miserere
1421 3271 1484 3333 mei
1497 3254 1675 3336 εοοιιιιιίιικι
1695 3273 1856 3354 eloquium

1109 3377 1210 3438 διιιιιιι.
1228 3376 1325 3437 Nune
1337 3391 1417 3437 vero
1433 3381 1516 3454 orat,
1532 3379 1649 3455 postea
1660 3392 1741 3439 vero
1753 3393 1856 3440 exau-

658 3515 659 3520 *
1108 3477 1210 3556 dituS,
1224 3478 1288 3540 ait:

356 3602 388 3646 v.
406 3583 458 3646 59.
481 3579 712 3667 Διελογισίιμην
734 3585 790 3660 τὰς
813 3583 904 3660 ὁδούς
926 3605 994 3669 σου,
1010 3589 1065 3650 καί
1152 3602 1183 3644 ν.
1200 3585 1252 3646 59.
1272 3583 1416 3665 Capitoni
1426 3582 1499 3646 cios
1510 3586 1594 3660 tras,
1606 3586 1637 3647 et
1647 3583 1790 3648 concerti
1797 3601 1857 3666 pe·

312 3685 497 3771 ἐπέστρεψα
511 3687 585 3763 τοὺς
600 3684 700 3763 πόδας
716 3707 775 3772 μου
791 3687 835 3764 τίς
856 3690 895 3752 τὰ
911 3689 1064 3775 μαρτύριά
1107 3685 1162 3750 des
1176 3703 1260 3750 αιοοο
1274 3688 1312 3751 ta
1327 3687 1510 3752 testinula
1524 3691 1592 3751 tua.

315 3813 383 3856 σου.

361 3929 589 3993 tunsositec.
601 3931 654 3993 58.
665 3931 726 3992 Est
737 3928 1065 4010 ergojustamiseri-
1108 3925 1420 4004 auteacogitatione
1432 3927 1647 4008 pervolverit,
1656 3943 1724 3989 non
1736 3925 1856 4008 pedem

315 4019 503 4096 cordia,sed
513 4024 564 4080 est
572 4020 674 4081 etiam
683 4017 812 4098 injusta
823 4019 1063 4083 misericordia.
1107 4018 1143 4079 in
1159 4015 1296 4095 aliquod
1308 4015 1397 4094 quod
1413 4020 1552 4077 acturus
1570 4019 1659 4078 esset
1673 4033 1758 4096 opus
1782 4034 1859 4096 pro·

314 4107 359 4169 Et
373 4107 408 4168 in
425 4107 521 4170 libris
537 4110 733 4185 Regnorum
755 4107 853 4184 legis,
876 4109 959 4187 quia
980 4111 1061 4172 Saul
1108 4105 1197 4183 tulit,
1214 4120 1281 4166 non
1299 4120 1438 4166 manum
1465 4103 1508 4166 ad
1530 4103 1703 4182 agendum
1726 4105 1858 4186 aliquid

311 4200 490 4277 propterea
504 4197 675 4258 contraxit
686 4194 858 4274 offensam,
872 4197 954 4277 quia
965 4199 1063 4262 mise·
1108 4193 1268 4270 exseruit,
1295 4191 1361 4254 nisi
1378 4197 1480 4255 autea
1494 4210 1596 4273 super
1617 4193 1671 4256 his
1699 4193 1858 4257 omnibus

316 4289 410 4347 ratus
426 4288 478 4347 est
492 4287 603 4362 Agag.
1107 4282 1322 4360 cogitasset...
1338 4281 1383 4344 Et
1396 4298 1459 4344 ιιοπ
1474 4297 1546 4345 stem
1569 4281 1728 4345 turbatus.
1745 4283 1859 4346 Habet

358 4375 520 4436 unimus
535 4373 573 4435 ιἰι
593 4390 623 4436 ο.
648 4373 757 4435 59-60.
774 4372 854 4435 Vias
870 4374 961 4436 enim
984 4392 1063 4438 suus
1107 4388 1222 4452 parem
1237 4370 1357 4432 beatus
1373 4371 1546 4450 apostolus
1562 4368 1666 4450 hujus
1687 4388 1858 4452 praepara·

315 4462 455 4540 cogitat,
473 4467 506 4523 et
520 4461 680 4538 cogitatis
697 4459 761 4540 bis,
777 4461 897 4542 pedem
912 4463 948 4524 in
971 4465 1064 4526 testi·
1107 4461 1209 4522 tionis
1225 4477 1296 4521 suae
1312 4456 1483 4537 fiduciam,
1500 4457 1633 4522 dicens:
1660 4459 1770 4534 «Quis
1794 4476 1858 4524 nos

315 4550 430 4612 monia
446 4549 507 4612 Dei
530 4549 642 4612 refert.
666 4549 760 4612 Nihil
782 4551 864 4630 egit,
885 4551 975 4631 quod
995 4570 1062 4616 non
1107 4548 1277 4628 separabit
1292 4551 1354 4610 ete.
1371 4567 1401 4610 ν.

309 4719 452 4782 tenemus,
460 4717 651 4785 apertumque
661 4712 810 4770 vinculum
820 4713 970 4786 habemus,
980 4722 1013 4772 ut
1022 4717 1062 4774 le·
1107 4711 1191 4767 deest
1208 4729 1277 4784 pars
1295 4709 1449 4782 posterior,
1462 4724 1527 4780 quaa
1546 4713 1626 4764 recto
1640 4707 1759 4764 tramite
1777 4706 1860 4765 ducit

309 4798 386 4854 etori
403 4797 522 4854 obvium
536 4797 602 4866 erit,
615 4816 672 4870 quo
687 4799 785 4856 omnis
802 4805 871 4873 apto
889 4809 1062 4858 connectan·
1107 4797 1320 4870 adaequantia.

311 4895 368 4943 tur.
383 4886 441 4943 Sed
453 4893 522 4944 ante
535 4905 588 4942 noa
602 4887 683 4944 adita
695 4887 790 4959 edere,
802 4907 862 4945 non
875 4896 922 4946 est
933 4889 1063 4946 instituti
1141 4905 1170 4943 v.
1184 4887 1227 4941 59.
1240 4884 1307 4941 Vat.
1321 4881 1347 4950 ὅ,
1361 4881 1404 4936 14.
1418 4879 1456 4936 cf.
1468 4879 1561 4936 Fiald.
1575 4897 1607 4950 11,
1618 4879 1679 4934 alt.
1693 4879 1860 4937 Theodore-

313 4973 419 5031 nostri.
1107 4981 1157 5030 tus
1167 4991 1227 5028 non
1252 4969 1353 5026 omisit
1374 4969 1494 5026 brevius
1515 4975 1618 5024 nostra
1635 4975 1747 5040 notare,
1770 4969 1861 5025 etism

268 5103 271 5112 .
345 5078 374 5115 v.
387 5061 430 5116 58.
445 5061 513 5118 Vut.
526 5061 551 5131 5,
566 5061 608 5115 12.
631 5059 738 5116 Matth.
759 5033 814 5128 εἶτ,
831 5062 858 5116 8.
878 5078 897 5118 1.
917 5062 992 5135 Reg.
1012 5081 1062 5124 xv.
1107 5061 1243 5132 Hexapls
1273 5057 1391 5114 nomine
1424 5057 1576 5130 appellans
1600 5055 1719 5131 proprio
1752 5062 1861 5132 prator

313 5145 435 5202 Initium
449 5146 544 5203 fusius
557 5147 653 5220 pergit
679 5147 757 5219 apud
776 5143 936 5220 Mammas,
958 5151 1063 5222 quibus
1107 5143 1356 5205 consuetudinem.
