<?xml version="1.0" encoding="UTF-8"?>
<!DOCTYPE html PUBLIC "-//W3C//DTD XHTML 1.0 Transitional//EN"
    "http://www.w3.org/TR/xhtml1/DTD/xhtml1-transitional.dtd">
<html xmlns="http://www.w3.org/1999/xhtml" xml:lang="en" lang="en">
 <head>
  <title>
</title>
<meta http-equiv="Content-Type" content="text/html;charset=utf-8" />
  <meta name='ocr-system' content='tesseract 3.04.00' />
  <meta name='ocr-capabilities' content='ocr_page ocr_carea ocr_par ocr_line ocrx_word'/>
</head>
<body>
  <div class='ocr_page' id='page_1' title='image "./lta-11000/analectasacrasp00pitrgoog/analectasacrasp00pitrgoog_0354.png"; bbox 0 0 4006 6090; ppageno 0'>
   <div class='ocr_carea' id='block_1_1' title="bbox 844 457 1743 534">
    <p class='ocr_par' dir='ltr' id='par_1_1' title="bbox 844 457 1743 534">
     <span class='ocr_line' id='line_1_1' title="bbox 844 457 1743 534; baseline 0.016 -15"><span class='ocrx_word' id='word_1_1' title='bbox 844 457 888 519; x_wconf 87' lang='lat' dir='ltr'>IN</span> <span class='ocrx_word' id='word_1_2' title='bbox 910 458 1095 521; x_wconf 81' lang='lat' dir='ltr'>PSALMOS</span> <span class='ocrx_word' id='word_1_3' title='bbox 1421 515 1424 520; x_wconf 94' lang='lat'><em>.</em></span> <span class='ocrx_word' id='word_1_4' title='bbox 1680 467 1743 534; x_wconf 80' lang='lat'>343</span> 
     </span>
    </p>
   </div>
   <div class='ocr_carea' id='block_1_2' title="bbox 193 592 1747 5088">
    <p class='ocr_par' dir='ltr' id='par_1_2' title="bbox 201 592 1741 688">
     <span class='ocr_line' id='line_1_2' title="bbox 201 592 1741 688; baseline 0.01 -31"><span class='ocrx_word' id='word_1_5' title='bbox 201 593 241 678; x_wconf 78' lang='grc' dir='ltr'>τη</span> <span class='ocrx_word' id='word_1_6' title='bbox 258 615 306 660; x_wconf 88' lang='grc' dir='ltr'>σοι</span> <span class='ocrx_word' id='word_1_7' title='bbox 329 603 373 679; x_wconf 85' lang='grc' dir='ltr'>τῷ</span> <span class='ocrx_word' id='word_1_8' title='bbox 388 592 460 679; x_wconf 81' lang='grc' dir='ltr'>θεῷ</span> <span class='ocrx_word' id='word_1_9' title='bbox 475 595 597 678; x_wconf 75' lang='grc' dir='ltr'>φανερὰ</span> <span class='ocrx_word' id='word_1_10' title='bbox 619 593 785 680; x_wconf 82' lang='grc' dir='ltr'><strong>τυγχάνει·</strong></span> <span class='ocrx_word' id='word_1_11' title='bbox 802 593 947 679; x_wconf 81' lang='grc' dir='ltr'>καθάπερ</span> <span class='ocrx_word' id='word_1_12' title='bbox 991 599 1143 663; x_wconf 76' lang='lat' dir='ltr'><em>Forsitan</em></span> <span class='ocrx_word' id='word_1_13' title='bbox 1158 598 1290 664; x_wconf 79' lang='lat' dir='ltr'>tenebre</span> <span class='ocrx_word' id='word_1_14' title='bbox 1304 605 1366 664; x_wconf 86' lang='lat' dir='ltr'>ete.</span> <span class='ocrx_word' id='word_1_15' title='bbox 1390 605 1469 678; x_wconf 82' lang='lat' dir='ltr'>Quae</span> <span class='ocrx_word' id='word_1_16' title='bbox 1484 607 1669 688; x_wconf 79' lang='lat' dir='ltr'>calamites,</span> <span class='ocrx_word' id='word_1_17' title='bbox 1691 611 1741 672; x_wconf 91' lang='lat' dir='ltr'>in·</span> 
     </span>
    </p>

    <p class='ocr_par' dir='ltr' id='par_1_3' title="bbox 199 696 1740 791">
     <span class='ocr_line' id='line_1_3' title="bbox 199 696 1740 791; baseline 0.007 -28"><span class='ocrx_word' id='word_1_18' title='bbox 199 699 270 785; x_wconf 82' lang='grc' dir='ltr'>1ρο1</span> <span class='ocrx_word' id='word_1_19' title='bbox 285 697 432 785; x_wconf 80' lang='grc' dir='ltr'>ζοφώδης</span> <span class='ocrx_word' id='word_1_20' title='bbox 445 697 468 786; x_wconf 81' lang='grc' dir='ltr'>η</span> <span class='ocrx_word' id='word_1_21' title='bbox 483 697 549 782; x_wconf 81' lang='grc' dir='ltr'>νὺξ,</span> <span class='ocrx_word' id='word_1_22' title='bbox 561 701 660 775; x_wconf 74' lang='grc' dir='ltr'>οὕτως</span> <span class='ocrx_word' id='word_1_23' title='bbox 675 696 758 763; x_wconf 77' lang='grc' dir='ltr'>ἐστίν</span> <span class='ocrx_word' id='word_1_24' title='bbox 771 719 820 763; x_wconf 93' lang='grc' dir='ltr'>σοι</span> <span class='ocrx_word' id='word_1_25' title='bbox 835 719 945 784; x_wconf 81' lang='grc' dir='ltr'>ρωτει-</span> <span class='ocrx_word' id='word_1_26' title='bbox 991 701 1077 781; x_wconf 86' lang='lat' dir='ltr'>quit,</span> <span class='ocrx_word' id='word_1_27' title='bbox 1094 703 1178 765; x_wconf 91' lang='lat' dir='ltr'>mihi</span> <span class='ocrx_word' id='word_1_28' title='bbox 1195 702 1355 768; x_wconf 80' lang='lat' dir='ltr'>fortitudo</span> <span class='ocrx_word' id='word_1_29' title='bbox 1374 712 1426 770; x_wconf 89' lang='lat' dir='ltr'>est</span> <span class='ocrx_word' id='word_1_30' title='bbox 1440 707 1688 791; x_wconf 79' lang='lat' dir='ltr'>inenarrabilis,</span> <span class='ocrx_word' id='word_1_31' title='bbox 1706 719 1740 774; x_wconf 87' lang='lat' dir='ltr'>et</span> 
     </span>
    </p>

    <p class='ocr_par' dir='ltr' id='par_1_4' title="bbox 200 800 1744 1079">
     <span class='ocr_line' id='line_1_4' title="bbox 200 800 1744 892; baseline 0.008 -28"><span class='ocrx_word' id='word_1_32' title='bbox 200 800 251 888; x_wconf 81' lang='grc' dir='ltr'>νή.</span> <span class='ocrx_word' id='word_1_33' title='bbox 992 801 1066 884; x_wconf 85' lang='lat' dir='ltr'><em>ipsa</em></span> <span class='ocrx_word' id='word_1_34' title='bbox 1080 805 1142 868; x_wconf 85' lang='lat' dir='ltr'><em>tibi</em></span> <span class='ocrx_word' id='word_1_35' title='bbox 1159 806 1227 868; x_wconf 86' lang='lat' dir='ltr'>Deo</span> <span class='ocrx_word' id='word_1_36' title='bbox 1244 808 1423 872; x_wconf 79' lang='lat' dir='ltr'>manifesto</span> <span class='ocrx_word' id='word_1_37' title='bbox 1439 812 1562 892; x_wconf 82' lang='lat' dir='ltr'>evadit,</span> <span class='ocrx_word' id='word_1_38' title='bbox 1585 813 1676 878; x_wconf 85' lang='lat' dir='ltr'>hand</span> <span class='ocrx_word' id='word_1_39' title='bbox 1692 833 1744 878; x_wconf 89' lang='lat' dir='ltr'>se-</span> 
     </span>
     <span class='ocr_line' id='line_1_5' title="bbox 992 909 1740 998; baseline 0.013 -28"><span class='ocrx_word' id='word_1_40' title='bbox 992 925 1053 972; x_wconf 87' lang='lat' dir='ltr'>cus</span> <span class='ocrx_word' id='word_1_41' title='bbox 1069 927 1108 974; x_wconf 87' lang='lat' dir='ltr'>ac</span> <span class='ocrx_word' id='word_1_42' title='bbox 1123 909 1208 973; x_wconf 91' lang='lat' dir='ltr'><em>mihi</em></span> <span class='ocrx_word' id='word_1_43' title='bbox 1231 911 1409 976; x_wconf 83' lang='lat' dir='ltr'>tenebrosa</span> <span class='ocrx_word' id='word_1_44' title='bbox 1429 931 1506 995; x_wconf 86' lang='lat' dir='ltr'>nox,</span> <span class='ocrx_word' id='word_1_45' title='bbox 1530 917 1593 981; x_wconf 89' lang='lat' dir='ltr'><em>tibi</em></span> <span class='ocrx_word' id='word_1_46' title='bbox 1613 919 1740 998; x_wconf 81' lang='lat' dir='ltr'>pariter</span> 
     </span>
     <span class='ocr_line' id='line_1_6' title="bbox 992 1013 1243 1079; baseline 0.02 -6"><span class='ocrx_word' id='word_1_47' title='bbox 992 1013 1168 1076; x_wconf 78' lang='lat' dir='ltr'>luculente</span> <span class='ocrx_word' id='word_1_48' title='bbox 1183 1019 1243 1079; x_wconf 80' lang='lat' dir='ltr'>est</span> 
     </span>
    </p>

    <p class='ocr_par' dir='ltr' id='par_1_5' title="bbox 243 1109 1688 1202">
     <span class='ocr_line' id='line_1_7' title="bbox 243 1109 1688 1202; baseline 0.008 -23"><span class='ocrx_word' id='word_1_49' title='bbox 243 1135 275 1179; x_wconf 87' lang='lat' dir='ltr'>v.</span> <span class='ocrx_word' id='word_1_50' title='bbox 294 1117 344 1179; x_wconf 84' lang='lat'>13.</span> <span class='ocrx_word' id='word_1_51' title='bbox 356 1109 429 1181; x_wconf 78' lang='lat' dir='ltr'>“On</span> <span class='ocrx_word' id='word_1_52' title='bbox 443 1117 481 1180; x_wconf 84' lang='grc' dir='ltr'>σὺ</span> <span class='ocrx_word' id='word_1_53' title='bbox 497 1113 622 1199; x_wconf 77' lang='grc' dir='ltr'>ἑκτησω</span> <span class='ocrx_word' id='word_1_54' title='bbox 638 1115 711 1192; x_wconf 82' lang='grc' dir='ltr'>τοὺς</span> <span class='ocrx_word' id='word_1_55' title='bbox 726 1112 858 1198; x_wconf 84' lang='grc' dir='ltr'>νεφρούς</span> <span class='ocrx_word' id='word_1_56' title='bbox 874 1134 943 1199; x_wconf 88' lang='grc' dir='ltr'>μου.</span> <span class='ocrx_word' id='word_1_57' title='bbox 1036 1135 1067 1179; x_wconf 83' lang='lat' dir='ltr'>v.</span> <span class='ocrx_word' id='word_1_58' title='bbox 1087 1119 1137 1180; x_wconf 84' lang='lat'>13.</span> <span class='ocrx_word' id='word_1_59' title='bbox 1157 1117 1240 1194; x_wconf 67' lang='lat' dir='ltr'><em>tinio</em></span> <span class='ocrx_word' id='word_1_60' title='bbox 1255 1125 1292 1184; x_wconf 84' lang='lat' dir='ltr'>to</span> <span class='ocrx_word' id='word_1_61' title='bbox 1299 1121 1476 1202; x_wconf 73' lang='lat' dir='ltr'><em>possedisti</em></span> <span class='ocrx_word' id='word_1_62' title='bbox 1489 1141 1581 1190; x_wconf 78' lang='lat' dir='ltr'>reone</span> <span class='ocrx_word' id='word_1_63' title='bbox 1596 1143 1688 1192; x_wconf 81' lang='lat' dir='ltr'><em>oscos.</em></span> 
     </span>
    </p>

    <p class='ocr_par' dir='ltr' id='par_1_6' title="bbox 194 1218 1745 2868">
     <span class='ocr_line' id='line_1_8' title="bbox 243 1218 1745 1308; baseline 0.005 -22"><span class='ocrx_word' id='word_1_64' title='bbox 243 1219 373 1298; x_wconf 81' lang='grc' dir='ltr'>Οὔτινος</span> <span class='ocrx_word' id='word_1_65' title='bbox 395 1223 468 1298; x_wconf 85' lang='grc' dir='ltr'>τοὺς</span> <span class='ocrx_word' id='word_1_66' title='bbox 490 1223 622 1305; x_wconf 79' lang='grc' dir='ltr'>νεφροὺς</span> <span class='ocrx_word' id='word_1_67' title='bbox 644 1229 758 1286; x_wconf 82' lang='grc' dir='ltr'>κτᾶται</span> <span class='ocrx_word' id='word_1_68' title='bbox 780 1219 798 1284; x_wconf 84' lang='grc' dir='ltr'><strong>ὁ</strong></span> <span class='ocrx_word' id='word_1_69' title='bbox 819 1218 946 1303; x_wconf 74' lang='grc' dir='ltr'>Κύριος,</span> <span class='ocrx_word' id='word_1_70' title='bbox 1040 1222 1138 1285; x_wconf 83' lang='lat' dir='ltr'>Dicat</span> <span class='ocrx_word' id='word_1_71' title='bbox 1154 1223 1211 1284; x_wconf 89' lang='lat' dir='ltr'>ille</span> <span class='ocrx_word' id='word_1_72' title='bbox 1227 1223 1324 1302; x_wconf 87' lang='lat' dir='ltr'>cnjus</span> <span class='ocrx_word' id='word_1_73' title='bbox 1345 1227 1510 1290; x_wconf 87' lang='lat' dir='ltr'>Dominus</span> <span class='ocrx_word' id='word_1_74' title='bbox 1533 1228 1680 1308; x_wconf 88' lang='lat' dir='ltr'><em>possidet</em></span> <span class='ocrx_word' id='word_1_75' title='bbox 1695 1247 1745 1293; x_wconf 85' lang='lat' dir='ltr'>re·</span> 
     </span>
     <span class='ocr_line' id='line_1_9' title="bbox 198 1320 1744 1410; baseline 0.006 -22"><span class='ocrx_word' id='word_1_76' title='bbox 198 1322 318 1410; x_wconf 79' lang='grc' dir='ltr'>λεγέτω</span> <span class='ocrx_word' id='word_1_77' title='bbox 330 1323 377 1389; x_wconf 77' lang='lat' dir='ltr'><em>si·</em></span> <span class='ocrx_word' id='word_1_78' title='bbox 392 1323 500 1409; x_wconf 83' lang='grc' dir='ltr'>Κύριε,</span> <span class='ocrx_word' id='word_1_79' title='bbox 516 1323 656 1392; x_wconf 80' lang='grc' dir='ltr'>ἐναντίον</span> <span class='ocrx_word' id='word_1_80' title='bbox 671 1345 729 1390; x_wconf 91' lang='grc' dir='ltr'>σου</span> <span class='ocrx_word' id='word_1_81' title='bbox 744 1332 833 1389; x_wconf 84' lang='grc' dir='ltr'>πᾶσα</span> <span class='ocrx_word' id='word_1_82' title='bbox 847 1320 868 1406; x_wconf 80' lang='grc' dir='ltr'>ἠ</span> <span class='ocrx_word' id='word_1_83' title='bbox 881 1325 946 1388; x_wconf 84' lang='grc' dir='ltr'>ἐστι·</span> <span class='ocrx_word' id='word_1_84' title='bbox 993 1342 1070 1388; x_wconf 88' lang='lat' dir='ltr'><em>nes:</em></span> <span class='ocrx_word' id='word_1_85' title='bbox 1097 1327 1280 1407; x_wconf 82' lang='lat' dir='ltr'>«Domine,</span> <span class='ocrx_word' id='word_1_86' title='bbox 1303 1345 1416 1392; x_wconf 84' lang='lat' dir='ltr'>coram</span> <span class='ocrx_word' id='word_1_87' title='bbox 1440 1333 1473 1394; x_wconf 88' lang='lat' dir='ltr'>te</span> <span class='ocrx_word' id='word_1_88' title='bbox 1494 1349 1592 1397; x_wconf 90' lang='lat' dir='ltr'>omne</span> <span class='ocrx_word' id='word_1_89' title='bbox 1615 1333 1744 1398; x_wconf 88' lang='lat' dir='ltr'>deside·</span> 
     </span>
     <span class='ocr_line' id='line_1_10' title="bbox 199 1426 1743 1515; baseline 0.005 -21"><span class='ocrx_word' id='word_1_90' title='bbox 199 1428 294 1514; x_wconf 76' lang='lat' dir='ltr'><em>topic</em></span> <span class='ocrx_word' id='word_1_91' title='bbox 309 1450 379 1515; x_wconf 88' lang='grc' dir='ltr'>μου.</span> <span class='ocrx_word' id='word_1_92' title='bbox 402 1427 546 1514; x_wconf 85' lang='grc' dir='ltr'>Νεφροὺς</span> <span class='ocrx_word' id='word_1_93' title='bbox 568 1427 648 1494; x_wconf 74' lang='grc' dir='ltr'>εἶναί</span> <span class='ocrx_word' id='word_1_94' title='bbox 669 1448 747 1513; x_wconf 81' lang='grc' dir='ltr'>φησι</span> <span class='ocrx_word' id='word_1_95' title='bbox 769 1428 842 1505; x_wconf 88' lang='grc' dir='ltr'>τοὺς</span> <span class='ocrx_word' id='word_1_96' title='bbox 858 1426 946 1512; x_wconf 65' lang='lat' dir='ltr'>etin</span> <span class='ocrx_word' id='word_1_97' title='bbox 994 1428 1085 1490; x_wconf 85' lang='lat' dir='ltr'>rium</span> <span class='ocrx_word' id='word_1_98' title='bbox 1100 1446 1255 1492; x_wconf 86' lang='lat' dir='ltr'>meum.»</span> <span class='ocrx_word' id='word_1_99' title='bbox 1274 1433 1382 1495; x_wconf 81' lang='lat' dir='ltr'>Renes</span> <span class='ocrx_word' id='word_1_100' title='bbox 1395 1434 1443 1496; x_wconf 86' lang='lat' dir='ltr'>ait</span> <span class='ocrx_word' id='word_1_101' title='bbox 1454 1451 1526 1498; x_wconf 89' lang='lat' dir='ltr'><em>esse</em></span> <span class='ocrx_word' id='word_1_102' title='bbox 1539 1437 1659 1501; x_wconf 85' lang='lat' dir='ltr'>timore</span> <span class='ocrx_word' id='word_1_103' title='bbox 1671 1454 1743 1500; x_wconf 87' lang='lat' dir='ltr'>cor-</span> 
     </span>
     <span class='ocr_line' id='line_1_11' title="bbox 199 1529 1739 1620; baseline 0.004 -22"><span class='ocrx_word' id='word_1_104' title='bbox 199 1531 455 1619; x_wconf 80' lang='grc' dir='ltr'>πληκτσμένους·</span> <span class='ocrx_word' id='word_1_105' title='bbox 478 1531 564 1618; x_wconf 81' lang='grc' dir='ltr'>λέγει</span> <span class='ocrx_word' id='word_1_106' title='bbox 578 1534 651 1598; x_wconf 79' lang='grc' dir='ltr'>οὖν·</span> <span class='ocrx_word' id='word_1_107' title='bbox 667 1529 738 1597; x_wconf 85' lang='grc' dir='ltr'>Ὀτι</span> <span class='ocrx_word' id='word_1_108' title='bbox 758 1533 794 1596; x_wconf 77' lang='grc' dir='ltr'>σὲ</span> <span class='ocrx_word' id='word_1_109' title='bbox 817 1532 945 1596; x_wconf 81' lang='grc' dir='ltr'>διαιταν·</span> <span class='ocrx_word' id='word_1_110' title='bbox 990 1536 1111 1612; x_wconf 85' lang='lat' dir='ltr'><em>reptos.</em></span> <span class='ocrx_word' id='word_1_111' title='bbox 1141 1534 1231 1596; x_wconf 87' lang='lat' dir='ltr'>Dicit</span> <span class='ocrx_word' id='word_1_112' title='bbox 1264 1552 1363 1612; x_wconf 80' lang='lat' dir='ltr'>ergo:</span> <span class='ocrx_word' id='word_1_113' title='bbox 1393 1539 1439 1600; x_wconf 79' lang='lat' dir='ltr'>Te</span> <span class='ocrx_word' id='word_1_114' title='bbox 1465 1556 1597 1620; x_wconf 85' lang='lat' dir='ltr'><strong>semper</strong></span> <span class='ocrx_word' id='word_1_115' title='bbox 1627 1540 1739 1604; x_wconf 83' lang='lat' dir='ltr'>formi-</span> 
     </span>
     <span class='ocr_line' id='line_1_12' title="bbox 200 1633 1737 1725; baseline 0.004 -24"><span class='ocrx_word' id='word_1_116' title='bbox 200 1642 254 1715; x_wconf 85' lang='grc' dir='ltr'>τὸς</span> <span class='ocrx_word' id='word_1_117' title='bbox 265 1636 456 1724; x_wconf 78' lang='grc' dir='ltr'>έροδούμην,</span> <span class='ocrx_word' id='word_1_118' title='bbox 468 1637 537 1704; x_wconf 75' lang='grc' dir='ltr'>ἐπεὶ</span> <span class='ocrx_word' id='word_1_119' title='bbox 548 1638 609 1722; x_wconf 84' lang='grc' dir='ltr'>πρὸ</span> <span class='ocrx_word' id='word_1_120' title='bbox 618 1636 788 1723; x_wconf 77' lang='grc' dir='ltr'>ὀφθαλμῶν</span> <span class='ocrx_word' id='word_1_121' title='bbox 799 1637 886 1722; x_wconf 78' lang='grc' dir='ltr'>εἶχον</span> <span class='ocrx_word' id='word_1_122' title='bbox 898 1636 947 1700; x_wconf 76' lang='grc' dir='ltr'>ἀεὶ</span> <span class='ocrx_word' id='word_1_123' title='bbox 990 1633 1078 1714; x_wconf 83' lang='lat' dir='ltr'>dcvi,</span> <span class='ocrx_word' id='word_1_124' title='bbox 1107 1637 1187 1717; x_wconf 87' lang='lat' dir='ltr'>quic</span> <span class='ocrx_word' id='word_1_125' title='bbox 1216 1643 1295 1701; x_wconf 80' lang='lat' dir='ltr'>ante</span> <span class='ocrx_word' id='word_1_126' title='bbox 1326 1642 1440 1704; x_wconf 86' lang='lat' dir='ltr'><em>oculos</em></span> <span class='ocrx_word' id='word_1_127' title='bbox 1470 1641 1574 1705; x_wconf 82' lang='lat' dir='ltr'>hebui</span> <span class='ocrx_word' id='word_1_128' title='bbox 1605 1661 1737 1725; x_wconf 81' lang='lat' dir='ltr'><strong>semper</strong></span> 
     </span>
     <span class='ocr_line' id='line_1_13' title="bbox 200 1737 1741 1830; baseline 0.003 -24"><span class='ocrx_word' id='word_1_129' title='bbox 200 1743 259 1830; x_wconf 77' lang='grc' dir='ltr'>την</span> <span class='ocrx_word' id='word_1_130' title='bbox 274 1743 335 1826; x_wconf 78' lang='grc' dir='ltr'>σην</span> <span class='ocrx_word' id='word_1_131' title='bbox 347 1739 457 1825; x_wconf 77' lang='grc' dir='ltr'>κρίσιν.</span> <span class='ocrx_word' id='word_1_132' title='bbox 475 1779 513 1788; x_wconf 99' lang='grc'>-</span> <span class='ocrx_word' id='word_1_133' title='bbox 531 1739 671 1818; x_wconf 78' lang='grc' dir='ltr'>Εἰκότως</span> <span class='ocrx_word' id='word_1_134' title='bbox 684 1737 797 1826; x_wconf 85' lang='grc' dir='ltr'>φησίν·</span> <span class='ocrx_word' id='word_1_135' title='bbox 814 1739 878 1806; x_wconf 85' lang='grc' dir='ltr'>Τὸν</span> <span class='ocrx_word' id='word_1_136' title='bbox 890 1741 945 1804; x_wconf 83' lang='grc' dir='ltr'>σὸν</span> <span class='ocrx_word' id='word_1_137' title='bbox 986 1739 1155 1819; x_wconf 87' lang='lat' dir='ltr'>judicium</span> <span class='ocrx_word' id='word_1_138' title='bbox 1175 1745 1283 1805; x_wconf 86' lang='lat' dir='ltr'>tuum.</span> <span class='ocrx_word' id='word_1_139' title='bbox 1305 1779 1346 1789; x_wconf 94' lang='lat'><em>-</em></span> <span class='ocrx_word' id='word_1_140' title='bbox 1370 1745 1488 1807; x_wconf 81' lang='lat' dir='ltr'>Dicere</span> <span class='ocrx_word' id='word_1_141' title='bbox 1512 1745 1663 1810; x_wconf 85' lang='lat' dir='ltr'>videtur:</span> <span class='ocrx_word' id='word_1_142' title='bbox 1688 1749 1741 1811; x_wconf 83' lang='lat' dir='ltr'><em>Ti-</em></span> 
     </span>
     <span class='ocr_line' id='line_1_14' title="bbox 200 1842 1740 1930; baseline 0.003 -20"><span class='ocrx_word' id='word_1_143' title='bbox 200 1843 297 1930; x_wconf 79' lang='grc' dir='ltr'>ρόὸσν</span> <span class='ocrx_word' id='word_1_144' title='bbox 316 1845 512 1930; x_wconf 77' lang='grc' dir='ltr'>ἐκτησάμην,</span> <span class='ocrx_word' id='word_1_145' title='bbox 536 1842 645 1928; x_wconf 76' lang='grc' dir='ltr'>ἐπειδὴ</span> <span class='ocrx_word' id='word_1_146' title='bbox 662 1847 716 1909; x_wconf 79' lang='grc' dir='ltr'>καὶ</span> <span class='ocrx_word' id='word_1_147' title='bbox 730 1845 779 1909; x_wconf 77' lang='grc' dir='ltr'>ὅτι</span> <span class='ocrx_word' id='word_1_148' title='bbox 793 1844 945 1929; x_wconf 84' lang='grc' dir='ltr'>κυόμενόν</span> <span class='ocrx_word' id='word_1_149' title='bbox 990 1861 1117 1908; x_wconf 87' lang='lat' dir='ltr'>morem</span> <span class='ocrx_word' id='word_1_150' title='bbox 1144 1849 1242 1908; x_wconf 87' lang='lat' dir='ltr'>tuum</span> <span class='ocrx_word' id='word_1_151' title='bbox 1265 1847 1442 1927; x_wconf 84' lang='lat' dir='ltr'><em>acquisivi,</em></span> <span class='ocrx_word' id='word_1_152' title='bbox 1465 1851 1626 1929; x_wconf 82' lang='lat' dir='ltr'><em>quonism</em></span> <span class='ocrx_word' id='word_1_153' title='bbox 1650 1854 1740 1916; x_wconf 87' lang='lat' dir='ltr'><em>sicut</em></span> 
     </span>
     <span class='ocr_line' id='line_1_15' title="bbox 198 1946 1741 2035; baseline 0.005 -22"><span class='ocrx_word' id='word_1_154' title='bbox 198 1969 236 2034; x_wconf 82' lang='grc' dir='ltr'>με</span> <span class='ocrx_word' id='word_1_155' title='bbox 251 1946 273 2033; x_wconf 81' lang='grc' dir='ltr'>ἡ</span> <span class='ocrx_word' id='word_1_156' title='bbox 287 1951 327 2034; x_wconf 77' lang='grc' dir='ltr'>σὴ</span> <span class='ocrx_word' id='word_1_157' title='bbox 341 1947 557 2034; x_wconf 77' lang='grc' dir='ltr'>περιερροὺρει</span> <span class='ocrx_word' id='word_1_158' title='bbox 571 1947 711 2034; x_wconf 85' lang='grc' dir='ltr'>πρόνοια.</span> <span class='ocrx_word' id='word_1_159' title='bbox 726 1985 764 1995; x_wconf 89' lang='grc'><strong>-</strong></span> <span class='ocrx_word' id='word_1_160' title='bbox 783 1947 829 2014; x_wconf 83' lang='grc' dir='ltr'>Τὸ</span> <span class='ocrx_word' id='word_1_161' title='bbox 844 1949 944 2014; x_wconf 69' lang='lat' dir='ltr'><em>ests·</em></span> <span class='ocrx_word' id='word_1_162' title='bbox 991 1949 1098 2012; x_wconf 81' lang='lat' dir='ltr'>fetum</span> <span class='ocrx_word' id='word_1_163' title='bbox 1115 1951 1151 2012; x_wconf 89' lang='lat' dir='ltr'>in</span> <span class='ocrx_word' id='word_1_164' title='bbox 1174 1954 1281 2029; x_wconf 87' lang='lat' dir='ltr'>utero,</span> <span class='ocrx_word' id='word_1_165' title='bbox 1297 1955 1358 2014; x_wconf 86' lang='lat' dir='ltr'>tun</span> <span class='ocrx_word' id='word_1_166' title='bbox 1379 1969 1434 2015; x_wconf 91' lang='lat' dir='ltr'>me</span> <span class='ocrx_word' id='word_1_167' title='bbox 1457 1955 1670 2035; x_wconf 83' lang='lat' dir='ltr'>providentio</span> <span class='ocrx_word' id='word_1_168' title='bbox 1685 1975 1741 2020; x_wconf 88' lang='lat' dir='ltr'>cu-</span> 
     </span>
     <span class='ocr_line' id='line_1_16' title="bbox 196 2051 1737 2141; baseline 0.006 -23"><span class='ocrx_word' id='word_1_169' title='bbox 196 2051 284 2138; x_wconf 76' lang='grc' dir='ltr'>τησω</span> <span class='ocrx_word' id='word_1_170' title='bbox 298 2055 373 2131; x_wconf 81' lang='grc' dir='ltr'>τοὺς</span> <span class='ocrx_word' id='word_1_171' title='bbox 386 2053 517 2139; x_wconf 74' lang='grc' dir='ltr'>νεφροῦς</span> <span class='ocrx_word' id='word_1_172' title='bbox 530 2074 600 2139; x_wconf 81' lang='grc' dir='ltr'>μου,</span> <span class='ocrx_word' id='word_1_173' title='bbox 616 2054 664 2118; x_wconf 77' lang='grc' dir='ltr'>ὅτι</span> <span class='ocrx_word' id='word_1_174' title='bbox 679 2074 737 2137; x_wconf 83' lang='grc' dir='ltr'>περ</span> <span class='ocrx_word' id='word_1_175' title='bbox 754 2053 772 2116; x_wconf 82' lang='grc' dir='ltr'>ὁ</span> <span class='ocrx_word' id='word_1_176' title='bbox 786 2052 946 2138; x_wconf 81' lang='grc' dir='ltr'>κτώμενος</span> <span class='ocrx_word' id='word_1_177' title='bbox 990 2053 1101 2116; x_wconf 79' lang='lat' dir='ltr'>studit.</span> <span class='ocrx_word' id='word_1_178' title='bbox 1111 2089 1152 2100; x_wconf 89' lang='lat'>-</span> <span class='ocrx_word' id='word_1_179' title='bbox 1163 2055 1342 2119; x_wconf 85' lang='lat' dir='ltr'>Illud-vero</span> <span class='ocrx_word' id='word_1_180' title='bbox 1351 2057 1527 2137; x_wconf 71' lang='lat' dir='ltr'>possedisti</span> <span class='ocrx_word' id='word_1_181' title='bbox 1538 2077 1630 2126; x_wconf 76' lang='lat' dir='ltr'><em>senes</em></span> <span class='ocrx_word' id='word_1_182' title='bbox 1642 2078 1737 2141; x_wconf 84' lang='lat' dir='ltr'><em>ooeos,</em></span> 
     </span>
     <span class='ocr_line' id='line_1_17' title="bbox 195 2149 1738 2245; baseline 0.004 -23"><span class='ocrx_word' id='word_1_183' title='bbox 195 2149 338 2241; x_wconf 73' lang='grc' dir='ltr'>κήδεται,</span> <span class='ocrx_word' id='word_1_184' title='bbox 360 2159 415 2222; x_wconf 79' lang='grc' dir='ltr'>καὶ</span> <span class='ocrx_word' id='word_1_185' title='bbox 435 2167 493 2244; x_wconf 79' lang='grc' dir='ltr'>της</span> <span class='ocrx_word' id='word_1_186' title='bbox 521 2156 642 2244; x_wconf 80' lang='grc' dir='ltr'><strong>μήτρας</strong></span> <span class='ocrx_word' id='word_1_187' title='bbox 664 2155 808 2239; x_wconf 80' lang='grc' dir='ltr'>ἐξελθὼν,</span> <span class='ocrx_word' id='word_1_188' title='bbox 832 2153 946 2234; x_wconf 83' lang='grc' dir='ltr'>εὐθέως</span> <span class='ocrx_word' id='word_1_189' title='bbox 990 2157 1125 2236; x_wconf 85' lang='lat' dir='ltr'>dicitur,</span> <span class='ocrx_word' id='word_1_190' title='bbox 1139 2159 1738 2245; x_wconf 85' lang='lat' dir='ltr'><em>quicpossessortuetur‚etquodnb</em></span> 
     </span>
     <span class='ocr_line' id='line_1_18' title="bbox 194 2249 1735 2348; baseline 0.004 -24"><span class='ocrx_word' id='word_1_191' title='bbox 194 2271 253 2348; x_wconf 82' lang='grc' dir='ltr'>της</span> <span class='ocrx_word' id='word_1_192' title='bbox 275 2271 334 2348; x_wconf 80' lang='grc' dir='ltr'>σης</span> <span class='ocrx_word' id='word_1_193' title='bbox 356 2261 503 2346; x_wconf 81' lang='grc' dir='ltr'><strong>προνοίας</strong></span> <span class='ocrx_word' id='word_1_194' title='bbox 526 2261 702 2327; x_wconf 84' lang='grc' dir='ltr'>ἀπέλαυσα.</span> <span class='ocrx_word' id='word_1_195' title='bbox 727 2260 766 2326; x_wconf 85' lang='grc'>111</span> <span class='ocrx_word' id='word_1_196' title='bbox 788 2257 809 2344; x_wconf 80' lang='grc' dir='ltr'><strong>ἡ</strong></span> <span class='ocrx_word' id='word_1_197' title='bbox 834 2258 947 2346; x_wconf 81' lang='grc' dir='ltr'>ἀγνοία</span> <span class='ocrx_word' id='word_1_198' title='bbox 990 2263 1084 2325; x_wconf 86' lang='lat' dir='ltr'>exitu</span> <span class='ocrx_word' id='word_1_199' title='bbox 1100 2264 1190 2326; x_wconf 83' lang='lat' dir='ltr'>uteri</span> <span class='ocrx_word' id='word_1_200' title='bbox 1205 2267 1266 2326; x_wconf 83' lang='lat' dir='ltr'>tuo</span> <span class='ocrx_word' id='word_1_201' title='bbox 1280 2264 1633 2347; x_wconf 86' lang='lat' dir='ltr'><em>providenticpotitus</em></span> <span class='ocrx_word' id='word_1_202' title='bbox 1648 2249 1735 2332; x_wconf 75' lang='lat' dir='ltr'><em>snm.</em></span> 
     </span>
     <span class='ocr_line' id='line_1_19' title="bbox 196 2363 1736 2452; baseline 0.004 -22"><span class='ocrx_word' id='word_1_203' title='bbox 196 2367 259 2430; x_wconf 89' lang='grc' dir='ltr'>ΒΒ.</span> <span class='ocrx_word' id='word_1_204' title='bbox 275 2363 313 2431; x_wconf 86' lang='lat'>‘0</span> <span class='ocrx_word' id='word_1_205' title='bbox 328 2364 461 2450; x_wconf 82' lang='grc' dir='ltr'>σιὀρρων</span> <span class='ocrx_word' id='word_1_206' title='bbox 476 2367 531 2430; x_wconf 77' lang='grc' dir='ltr'>καὶ</span> <span class='ocrx_word' id='word_1_207' title='bbox 546 2364 667 2452; x_wconf 79' lang='grc' dir='ltr'>ἀγαμέᾳ</span> <span class='ocrx_word' id='word_1_208' title='bbox 683 2363 851 2452; x_wconf 82' lang='grc' dir='ltr'>σχολάζων</span> <span class='ocrx_word' id='word_1_209' title='bbox 866 2365 946 2448; x_wconf 81' lang='grc' dir='ltr'><strong>ἐρεῖ·</strong></span> <span class='ocrx_word' id='word_1_210' title='bbox 991 2401 1032 2412; x_wconf 94' lang='lat'>-</span> <span class='ocrx_word' id='word_1_211' title='bbox 1049 2368 1113 2442; x_wconf 86' lang='lat' dir='ltr'>Qui</span> <span class='ocrx_word' id='word_1_212' title='bbox 1128 2371 1242 2432; x_wconf 83' lang='lat' dir='ltr'><em>castus</em></span> <span class='ocrx_word' id='word_1_213' title='bbox 1262 2371 1313 2432; x_wconf 89' lang='lat' dir='ltr'>est</span> <span class='ocrx_word' id='word_1_214' title='bbox 1336 2371 1371 2432; x_wconf 90' lang='lat' dir='ltr'>et</span> <span class='ocrx_word' id='word_1_215' title='bbox 1392 2371 1555 2451; x_wconf 84' lang='lat' dir='ltr'><em>enuptiis</em></span> <span class='ocrx_word' id='word_1_216' title='bbox 1578 2371 1736 2452; x_wconf 83' lang='lat' dir='ltr'>abstinet,</span> 
     </span>
     <span class='ocr_line' id='line_1_20' title="bbox 195 2467 1743 2557; baseline 0.003 -23"><span class='ocrx_word' id='word_1_217' title='bbox 195 2467 242 2534; x_wconf 80' lang='grc' dir='ltr'>Σὺ</span> <span class='ocrx_word' id='word_1_218' title='bbox 257 2468 382 2554; x_wconf 70' lang='lat' dir='ltr'><em>iss-ion</em></span> <span class='ocrx_word' id='word_1_219' title='bbox 393 2472 466 2547; x_wconf 86' lang='grc' dir='ltr'>τοὺς</span> <span class='ocrx_word' id='word_1_220' title='bbox 478 2469 611 2555; x_wconf 78' lang='grc' dir='ltr'>νεφρούς</span> <span class='ocrx_word' id='word_1_221' title='bbox 624 2491 693 2557; x_wconf 88' lang='grc' dir='ltr'>μου,</span> <span class='ocrx_word' id='word_1_222' title='bbox 705 2468 813 2554; x_wconf 80' lang='grc' dir='ltr'>Κύριε.</span> <span class='ocrx_word' id='word_1_223' title='bbox 829 2467 870 2535; x_wconf 89' lang='grc' dir='ltr'><strong><em>Ἡ</em></strong></span> <span class='ocrx_word' id='word_1_224' title='bbox 881 2471 943 2554; x_wconf 79' lang='grc' dir='ltr'>γὰρ</span> <span class='ocrx_word' id='word_1_225' title='bbox 990 2469 1046 2534; x_wconf 89' lang='lat' dir='ltr'>hic</span> <span class='ocrx_word' id='word_1_226' title='bbox 1061 2471 1165 2535; x_wconf 89' lang='lat' dir='ltr'>dicet:</span> <span class='ocrx_word' id='word_1_227' title='bbox 1190 2475 1242 2537; x_wconf 78' lang='lat' dir='ltr'><em>s&#39;o</em></span> <span class='ocrx_word' id='word_1_228' title='bbox 1256 2471 1433 2553; x_wconf 82' lang='lat' dir='ltr'><em>possedisti</em></span> <span class='ocrx_word' id='word_1_229' title='bbox 1454 2490 1547 2538; x_wconf 74' lang='lat' dir='ltr'><em>seems</em></span> <span class='ocrx_word' id='word_1_230' title='bbox 1567 2475 1743 2556; x_wconf 66' lang='grc' dir='ltr'>111103,Βο-</span> 
     </span>
     <span class='ocr_line' id='line_1_21' title="bbox 196 2572 1739 2660; baseline 0.003 -23"><span class='ocrx_word' id='word_1_231' title='bbox 196 2572 376 2658; x_wconf 83' lang='grc' dir='ltr'>καθαρόιης</span> <span class='ocrx_word' id='word_1_232' title='bbox 398 2583 506 2660; x_wconf 80' lang='grc' dir='ltr'>κτημα</span> <span class='ocrx_word' id='word_1_233' title='bbox 527 2573 621 2641; x_wconf 84' lang='grc' dir='ltr'><strong>Θεοῦ.</strong></span> <span class='ocrx_word' id='word_1_234' title='bbox 645 2573 725 2639; x_wconf 75' lang='grc' dir='ltr'>Εἶτα</span> <span class='ocrx_word' id='word_1_235' title='bbox 746 2580 862 2657; x_wconf 83' lang='grc' dir='ltr'>γνῶσιν</span> <span class='ocrx_word' id='word_1_236' title='bbox 884 2582 946 2638; x_wconf 87' lang='grc' dir='ltr'>τῶν</span> <span class='ocrx_word' id='word_1_237' title='bbox 989 2574 1085 2638; x_wconf 83' lang='lat' dir='ltr'>mine.</span> <span class='ocrx_word' id='word_1_238' title='bbox 1101 2577 1238 2638; x_wconf 86' lang='lat' dir='ltr'>Etenim</span> <span class='ocrx_word' id='word_1_239' title='bbox 1253 2577 1385 2658; x_wconf 80' lang='lat' dir='ltr'><em>puritas</em></span> <span class='ocrx_word' id='word_1_240' title='bbox 1407 2580 1459 2641; x_wconf 84' lang='lat' dir='ltr'>est</span> <span class='ocrx_word' id='word_1_241' title='bbox 1481 2579 1646 2659; x_wconf 82' lang='lat' dir='ltr'><em>possessio</em></span> <span class='ocrx_word' id='word_1_242' title='bbox 1667 2580 1739 2642; x_wconf 93' lang='lat' dir='ltr'>Dei.</span> 
     </span>
     <span class='ocr_line' id='line_1_22' title="bbox 197 2676 1738 2764; baseline 0.001 -21"><span class='ocrx_word' id='word_1_243' title='bbox 197 2679 250 2743; x_wconf 81' lang='grc' dir='ltr'>ὑπ’</span> <span class='ocrx_word' id='word_1_244' title='bbox 261 2680 357 2744; x_wconf 80' lang='grc' dir='ltr'>αὐτοῦ</span> <span class='ocrx_word' id='word_1_245' title='bbox 372 2678 548 2764; x_wconf 80' lang='grc' dir='ltr'>γεγονότων</span> <span class='ocrx_word' id='word_1_246' title='bbox 561 2679 617 2744; x_wconf 75' lang='grc' dir='ltr'>καὶ</span> <span class='ocrx_word' id='word_1_247' title='bbox 635 2676 942 2764; x_wconf 80' lang='grc' dir='ltr'>ιταραδσξοποιουμέ-</span> <span class='ocrx_word' id='word_1_248' title='bbox 990 2679 1129 2760; x_wconf 87' lang='lat' dir='ltr'>Deinde,</span> <span class='ocrx_word' id='word_1_249' title='bbox 1144 2681 1324 2744; x_wconf 85' lang='lat' dir='ltr'><em>scientiam</em></span> <span class='ocrx_word' id='word_1_250' title='bbox 1338 2684 1459 2744; x_wconf 79' lang='lat' dir='ltr'><em>neotus</em></span> <span class='ocrx_word' id='word_1_251' title='bbox 1475 2698 1589 2746; x_wconf 85' lang='lat' dir='ltr'>rerum</span> <span class='ocrx_word' id='word_1_252' title='bbox 1605 2698 1681 2763; x_wconf 81' lang='lat' dir='ltr'>quae</span> <span class='ocrx_word' id='word_1_253' title='bbox 1695 2681 1738 2745; x_wconf 84' lang='lat' dir='ltr'>ob</span> 
     </span>
     <span class='ocr_line' id='line_1_23' title="bbox 199 2771 1740 2868; baseline 0.001 -21"><span class='ocrx_word' id='word_1_254' title='bbox 199 2803 260 2849; x_wconf 92' lang='grc' dir='ltr'>νων</span> <span class='ocrx_word' id='word_1_255' title='bbox 275 2782 389 2866; x_wconf 79' lang='grc' dir='ltr'>λαὸὼν,</span> <span class='ocrx_word' id='word_1_256' title='bbox 407 2783 488 2868; x_wconf 81' lang='grc' dir='ltr'><strong>έρεῖ·</strong></span> <span class='ocrx_word' id='word_1_257' title='bbox 747 2771 750 2780; x_wconf 81' lang='grc'><strong>’</strong></span> <span class='ocrx_word' id='word_1_258' title='bbox 991 2799 1031 2845; x_wconf 89' lang='lat' dir='ltr'>eo</span> <span class='ocrx_word' id='word_1_259' title='bbox 1047 2783 1200 2848; x_wconf 83' lang='lat' dir='ltr'><em>existunt</em></span> <span class='ocrx_word' id='word_1_260' title='bbox 1215 2787 1250 2846; x_wconf 85' lang='lat' dir='ltr'>et</span> <span class='ocrx_word' id='word_1_261' title='bbox 1262 2801 1337 2866; x_wconf 85' lang='lat' dir='ltr'>quae</span> <span class='ocrx_word' id='word_1_262' title='bbox 1352 2785 1546 2866; x_wconf 88' lang='lat' dir='ltr'>opinionem</span> <span class='ocrx_word' id='word_1_263' title='bbox 1562 2785 1740 2866; x_wconf 85' lang='lat' dir='ltr'>excedunt,</span> 
     </span>
    </p>

    <p class='ocr_par' dir='ltr' id='par_1_7' title="bbox 991 2885 1100 2950">
     <span class='ocr_line' id='line_1_24' title="bbox 991 2885 1100 2950; baseline 0.018 -2"><span class='ocrx_word' id='word_1_264' title='bbox 991 2885 1100 2950; x_wconf 79' lang='lat' dir='ltr'>dicet:</span> 
     </span>
    </p>

    <p class='ocr_par' dir='ltr' id='par_1_8' title="bbox 199 2988 1742 3181">
     <span class='ocr_line' id='line_1_25' title="bbox 245 2988 1742 3078; baseline 0 -21"><span class='ocrx_word' id='word_1_265' title='bbox 245 3012 277 3056; x_wconf 82' lang='grc' dir='ltr'>ν.</span> <span class='ocrx_word' id='word_1_266' title='bbox 297 2995 346 3057; x_wconf 87' lang='grc'>14.</span> <span class='ocrx_word' id='word_1_267' title='bbox 366 2988 672 3078; x_wconf 82' lang='grc' dir='ltr'>Ἐξομολογήσομαι,</span> <span class='ocrx_word' id='word_1_268' title='bbox 692 2991 740 3054; x_wconf 78' lang='grc' dir='ltr'>ὅτι</span> <span class='ocrx_word' id='word_1_269' title='bbox 754 2988 894 3076; x_wconf 61' lang='lat' dir='ltr'>&lt;potentie</span> <span class='ocrx_word' id='word_1_270' title='bbox 916 2990 947 3056; x_wconf 82' lang='grc' dir='ltr'>ἐ·</span> <span class='ocrx_word' id='word_1_271' title='bbox 1038 3009 1069 3054; x_wconf 78' lang='grc' dir='ltr'>ν.</span> <span class='ocrx_word' id='word_1_272' title='bbox 1088 2993 1138 3054; x_wconf 90' lang='grc'>14.</span> <span class='ocrx_word' id='word_1_273' title='bbox 1167 2991 1339 3074; x_wconf 76' lang='grc' dir='ltr'>θοιμῖίιόοι·</span> <span class='ocrx_word' id='word_1_274' title='bbox 1354 2991 1423 3072; x_wconf 83' lang='lat' dir='ltr'><em>tibi,</em></span> <span class='ocrx_word' id='word_1_275' title='bbox 1449 2993 1529 3076; x_wconf 82' lang='lat' dir='ltr'><em>quio</em></span> <span class='ocrx_word' id='word_1_276' title='bbox 1549 2992 1742 3058; x_wconf 77' lang='lat' dir='ltr'><em>terribiliter</em></span> 
     </span>
     <span class='ocr_line' id='line_1_26' title="bbox 199 3093 1280 3181; baseline 0 -22"><span class='ocrx_word' id='word_1_277' title='bbox 199 3093 438 3181; x_wconf 80' lang='grc' dir='ltr'>θαυμαστὼθης.</span> <span class='ocrx_word' id='word_1_278' title='bbox 994 3096 1222 3178; x_wconf 75' lang='lat' dir='ltr'><em>mopnefleoiets</em></span> <span class='ocrx_word' id='word_1_279' title='bbox 1237 3114 1280 3161; x_wconf 90' lang='lat' dir='ltr'>es.</span> 
     </span>
    </p>

    <p class='ocr_par' dir='ltr' id='par_1_9' title="bbox 197 3198 1737 3390">
     <span class='ocr_line' id='line_1_27' title="bbox 241 3198 1737 3286; baseline 0.002 -22"><span class='ocrx_word' id='word_1_280' title='bbox 241 3199 404 3285; x_wconf 79' lang='grc' dir='ltr'>Εὐκαέρως</span> <span class='ocrx_word' id='word_1_281' title='bbox 421 3202 500 3286; x_wconf 82' lang='grc' dir='ltr'>μετὰ</span> <span class='ocrx_word' id='word_1_282' title='bbox 515 3201 574 3286; x_wconf 75' lang='grc' dir='ltr'>τὴν</span> <span class='ocrx_word' id='word_1_283' title='bbox 589 3199 819 3285; x_wconf 77' lang='grc' dir='ltr'>προειρημένην</span> <span class='ocrx_word' id='word_1_284' title='bbox 834 3198 946 3265; x_wconf 66' lang='lat' dir='ltr'>Decio·</span> <span class='ocrx_word' id='word_1_285' title='bbox 1034 3203 1227 3282; x_wconf 87' lang='lat' dir='ltr'>Opportune</span> <span class='ocrx_word' id='word_1_286' title='bbox 1242 3205 1318 3283; x_wconf 87' lang='lat' dir='ltr'><em>post</em></span> <span class='ocrx_word' id='word_1_287' title='bbox 1333 3201 1506 3281; x_wconf 82' lang='lat' dir='ltr'><em>psaeiatsm</em></span> <span class='ocrx_word' id='word_1_288' title='bbox 1518 3202 1737 3283; x_wconf 78' lang='lat' dir='ltr'>theologiam,</span> 
     </span>
     <span class='ocr_line' id='line_1_28' title="bbox 197 3302 1619 3390; baseline 0.001 -21"><span class='ocrx_word' id='word_1_289' title='bbox 197 3302 288 3389; x_wconf 79' lang='grc' dir='ltr'>γέαν,</span> <span class='ocrx_word' id='word_1_290' title='bbox 303 3306 361 3389; x_wconf 73' lang='grc' dir='ltr'>τὴν</span> <span class='ocrx_word' id='word_1_291' title='bbox 376 3304 601 3390; x_wconf 79' lang='grc' dir='ltr'>ἐξομολόγησιν</span> <span class='ocrx_word' id='word_1_292' title='bbox 617 3303 858 3390; x_wconf 81' lang='grc' dir='ltr'>ἀναφθέγγεται.</span> <span class='ocrx_word' id='word_1_293' title='bbox 990 3305 1194 3386; x_wconf 81' lang='lat' dir='ltr'>pronunciat</span> <span class='ocrx_word' id='word_1_294' title='bbox 1205 3304 1349 3368; x_wconf 79' lang='lat' dir='ltr'>lendum</span> <span class='ocrx_word' id='word_1_295' title='bbox 1364 3305 1619 3370; x_wconf 81' lang='lat' dir='ltr'>confessionem.</span> 
     </span>
    </p>

    <p class='ocr_par' dir='ltr' id='par_1_10' title="bbox 193 3405 1747 4119">
     <span class='ocr_line' id='line_1_29' title="bbox 244 3405 1745 3495; baseline 0.004 -24"><span class='ocrx_word' id='word_1_296' title='bbox 244 3429 276 3472; x_wconf 89' lang='lat' dir='ltr'>v.</span> <span class='ocrx_word' id='word_1_297' title='bbox 296 3410 403 3473; x_wconf 84' lang='grc'><strong>14-16.</strong></span> <span class='ocrx_word' id='word_1_298' title='bbox 418 3407 589 3495; x_wconf 80' lang='grc' dir='ltr'>Θαυμάσια</span> <span class='ocrx_word' id='word_1_299' title='bbox 609 3410 650 3474; x_wconf 77' lang='grc' dir='ltr'>τὰ</span> <span class='ocrx_word' id='word_1_300' title='bbox 672 3410 750 3493; x_wconf 89' lang='grc' dir='ltr'>έργα</span> <span class='ocrx_word' id='word_1_301' title='bbox 765 3429 832 3488; x_wconf 92' lang='grc' dir='ltr'>σου,</span> <span class='ocrx_word' id='word_1_302' title='bbox 848 3410 904 3473; x_wconf 74' lang='grc' dir='ltr'>καὶ</span> <span class='ocrx_word' id='word_1_303' title='bbox 925 3405 946 3491; x_wconf 80' lang='grc' dir='ltr'>η</span> <span class='ocrx_word' id='word_1_304' title='bbox 1035 3425 1067 3470; x_wconf 84' lang='grc' dir='ltr'>ν.</span> <span class='ocrx_word' id='word_1_305' title='bbox 1086 3407 1136 3486; x_wconf 84' lang='grc'>14,</span> <span class='ocrx_word' id='word_1_306' title='bbox 1151 3408 1389 3472; x_wconf 66' lang='lat' dir='ltr'>lenerents</span> <span class='ocrx_word' id='word_1_307' title='bbox 1403 3414 1745 3489; x_wconf 57' lang='lat' dir='ltr'><em>effectuosissime</em></span> 
     </span>
     <span class='ocr_line' id='line_1_30' title="bbox 198 3510 1743 3598; baseline 0.002 -21"><span class='ocrx_word' id='word_1_308' title='bbox 198 3510 286 3598; x_wconf 78' lang='grc' dir='ltr'>ψυχή</span> <span class='ocrx_word' id='word_1_309' title='bbox 304 3533 363 3598; x_wconf 84' lang='grc' dir='ltr'>μου</span> <span class='ocrx_word' id='word_1_310' title='bbox 379 3512 525 3596; x_wconf 78' lang='grc' dir='ltr'>γινώσκει</span> <span class='ocrx_word' id='word_1_311' title='bbox 541 3512 681 3598; x_wconf 79' lang='grc' dir='ltr'>σφόδρα·</span> <span class='ocrx_word' id='word_1_312' title='bbox 704 3514 763 3578; x_wconf 81' lang='grc' dir='ltr'>οὐκ</span> <span class='ocrx_word' id='word_1_313' title='bbox 777 3510 896 3596; x_wconf 78' lang='grc' dir='ltr'>έκρὺδη</span> <span class='ocrx_word' id='word_1_314' title='bbox 911 3513 947 3576; x_wconf 83' lang='grc' dir='ltr'>τὸ</span> <span class='ocrx_word' id='word_1_315' title='bbox 991 3527 1062 3574; x_wconf 79' lang='lat' dir='ltr'><em>osee</em></span> <span class='ocrx_word' id='word_1_316' title='bbox 1081 3513 1239 3592; x_wconf 80' lang='lat' dir='ltr'><em>eopnosoit</em></span> <span class='ocrx_word' id='word_1_317' title='bbox 1259 3511 1361 3576; x_wconf 83' lang='lat' dir='ltr'><em>soide.</em></span> <span class='ocrx_word' id='word_1_318' title='bbox 1385 3514 1459 3578; x_wconf 83' lang='lat' dir='ltr'>Non</span> <span class='ocrx_word' id='word_1_319' title='bbox 1480 3518 1529 3579; x_wconf 89' lang='lat' dir='ltr'>esi</span> <span class='ocrx_word' id='word_1_320' title='bbox 1550 3515 1743 3580; x_wconf 76' lang='lat' dir='ltr'>coecitatem</span> 
     </span>
     <span class='ocr_line' id='line_1_31' title="bbox 196 3614 1741 3702; baseline 0.003 -22"><span class='ocrx_word' id='word_1_321' title='bbox 196 3616 309 3680; x_wconf 82' lang='grc' dir='ltr'>ὀστοῦν</span> <span class='ocrx_word' id='word_1_322' title='bbox 318 3637 376 3702; x_wconf 85' lang='grc' dir='ltr'>μου</span> <span class='ocrx_word' id='word_1_323' title='bbox 384 3616 447 3680; x_wconf 81' lang='grc' dir='ltr'>ἀπὸ</span> <span class='ocrx_word' id='word_1_324' title='bbox 455 3626 522 3698; x_wconf 79' lang='lat' dir='ltr'>coit,</span> <span class='ocrx_word' id='word_1_325' title='bbox 534 3614 712 3700; x_wconf 76' lang='grc' dir='ltr'>ὃέποέησας</span> <span class='ocrx_word' id='word_1_326' title='bbox 720 3617 876 3700; x_wconf 74' lang='grc' dir='ltr'>ἑνκρυφη,</span> <span class='ocrx_word' id='word_1_327' title='bbox 889 3616 944 3680; x_wconf 75' lang='grc' dir='ltr'>καὶ</span> <span class='ocrx_word' id='word_1_328' title='bbox 990 3631 1025 3679; x_wconf 93' lang='lat' dir='ltr'>os</span> <span class='ocrx_word' id='word_1_329' title='bbox 1040 3629 1184 3678; x_wconf 74' lang='lat' dir='ltr'>mnomo</span> <span class='ocrx_word' id='word_1_330' title='bbox 1207 3618 1246 3694; x_wconf 93' lang='lat' dir='ltr'>te,</span> <span class='ocrx_word' id='word_1_331' title='bbox 1265 3615 1348 3696; x_wconf 76' lang='lat' dir='ltr'><em>quod</em></span> <span class='ocrx_word' id='word_1_332' title='bbox 1359 3615 1479 3695; x_wconf 73' lang='lat' dir='ltr'><em>fecesti</em></span> <span class='ocrx_word' id='word_1_333' title='bbox 1501 3618 1538 3682; x_wconf 85' lang='lat' dir='ltr'>in</span> <span class='ocrx_word' id='word_1_334' title='bbox 1560 3619 1689 3700; x_wconf 81' lang='lat' dir='ltr'>occuito,</span> <span class='ocrx_word' id='word_1_335' title='bbox 1709 3625 1741 3684; x_wconf 88' lang='lat' dir='ltr'>et</span> 
     </span>
     <span class='ocr_line' id='line_1_32' title="bbox 193 3715 1736 3806; baseline 0.004 -24"><span class='ocrx_word' id='word_1_336' title='bbox 193 3715 215 3802; x_wconf 80' lang='grc' dir='ltr'>ἡ</span> <span class='ocrx_word' id='word_1_337' title='bbox 232 3717 402 3797; x_wconf 73' lang='grc' dir='ltr'>ὑπὸστασίς</span> <span class='ocrx_word' id='word_1_338' title='bbox 413 3741 472 3806; x_wconf 83' lang='grc' dir='ltr'>μου</span> <span class='ocrx_word' id='word_1_339' title='bbox 484 3721 519 3786; x_wconf 90' lang='grc' dir='ltr'>έν</span> <span class='ocrx_word' id='word_1_340' title='bbox 533 3730 598 3798; x_wconf 81' lang='grc' dir='ltr'>τοῖς</span> <span class='ocrx_word' id='word_1_341' title='bbox 612 3720 785 3785; x_wconf 81' lang='grc' dir='ltr'>κατωτάτω</span> <span class='ocrx_word' id='word_1_342' title='bbox 800 3728 858 3804; x_wconf 82' lang='grc' dir='ltr'>της</span> <span class='ocrx_word' id='word_1_343' title='bbox 874 3727 943 3805; x_wconf 83' lang='grc' dir='ltr'>γης.</span> <span class='ocrx_word' id='word_1_344' title='bbox 990 3719 1155 3784; x_wconf 65' lang='lat' dir='ltr'><em>nitentis</em></span> <span class='ocrx_word' id='word_1_345' title='bbox 1167 3736 1239 3783; x_wconf 80' lang='lat' dir='ltr'>oceo</span> <span class='ocrx_word' id='word_1_346' title='bbox 1261 3719 1298 3782; x_wconf 84' lang='lat' dir='ltr'><em>io</em></span> <span class='ocrx_word' id='word_1_347' title='bbox 1311 3720 1437 3803; x_wconf 76' lang='lat' dir='ltr'><em>ioptoeis</em></span> <span class='ocrx_word' id='word_1_348' title='bbox 1459 3725 1561 3786; x_wconf 79' lang='lat' dir='ltr'>terre.</span> <span class='ocrx_word' id='word_1_349' title='bbox 1584 3722 1736 3802; x_wconf 83' lang='lat' dir='ltr'>Inopero·</span> 
     </span>
     <span class='ocr_line' id='line_1_33' title="bbox 196 3822 1747 3911; baseline 0.001 -23"><span class='ocrx_word' id='word_1_350' title='bbox 196 3822 242 3888; x_wconf 79' lang='lat' dir='ltr'>To</span> <span class='ocrx_word' id='word_1_351' title='bbox 253 3823 491 3910; x_wconf 78' lang='grc' dir='ltr'>ἀκατέργαστόν</span> <span class='ocrx_word' id='word_1_352' title='bbox 503 3847 562 3911; x_wconf 82' lang='grc' dir='ltr'>μου</span> <span class='ocrx_word' id='word_1_353' title='bbox 574 3825 656 3890; x_wconf 71' lang='lat' dir='ltr'><em>enos</em></span> <span class='ocrx_word' id='word_1_354' title='bbox 668 3824 697 3889; x_wconf 86' lang='grc' dir='ltr'>οἱ</span> <span class='ocrx_word' id='word_1_355' title='bbox 709 3822 865 3910; x_wconf 78' lang='grc' dir='ltr'>ὀφθαλμοί</span> <span class='ocrx_word' id='word_1_356' title='bbox 877 3842 946 3907; x_wconf 91' lang='grc' dir='ltr'>σου,</span> <span class='ocrx_word' id='word_1_357' title='bbox 991 3829 1061 3889; x_wconf 77' lang='lat' dir='ltr'><em>tuso</em></span> <span class='ocrx_word' id='word_1_358' title='bbox 1075 3841 1179 3888; x_wconf 79' lang='lat' dir='ltr'>meum</span> <span class='ocrx_word' id='word_1_359' title='bbox 1201 3823 1353 3888; x_wconf 77' lang='lat' dir='ltr'><em>siderent</em></span> <span class='ocrx_word' id='word_1_360' title='bbox 1366 3825 1452 3890; x_wconf 78' lang='lat' dir='ltr'><em>osolt</em></span> <span class='ocrx_word' id='word_1_361' title='bbox 1473 3827 1534 3904; x_wconf 86' lang='lat' dir='ltr'><em>toi,</em></span> <span class='ocrx_word' id='word_1_362' title='bbox 1554 3831 1585 3892; x_wconf 88' lang='lat' dir='ltr'>et</span> <span class='ocrx_word' id='word_1_363' title='bbox 1606 3827 1644 3891; x_wconf 85' lang='lat' dir='ltr'>in</span> <span class='ocrx_word' id='word_1_364' title='bbox 1657 3827 1747 3891; x_wconf 77' lang='lat' dir='ltr'><em>libro</em></span> 
     </span>
     <span class='ocr_line' id='line_1_34' title="bbox 195 3927 1740 4015; baseline 0.001 -23"><span class='ocrx_word' id='word_1_365' title='bbox 195 3928 251 3992; x_wconf 81' lang='grc' dir='ltr'>καὶ</span> <span class='ocrx_word' id='word_1_366' title='bbox 265 3927 316 3993; x_wconf 80' lang='grc' dir='ltr'>ἐπὶ</span> <span class='ocrx_word' id='word_1_367' title='bbox 327 3930 362 3993; x_wconf 87' lang='grc' dir='ltr'>τὸ</span> <span class='ocrx_word' id='word_1_368' title='bbox 379 3927 496 4015; x_wconf 78' lang='grc' dir='ltr'>βιὸλίον</span> <span class='ocrx_word' id='word_1_369' title='bbox 511 3951 568 3994; x_wconf 91' lang='grc' dir='ltr'>σου</span> <span class='ocrx_word' id='word_1_370' title='bbox 584 3929 699 4007; x_wconf 82' lang='grc' dir='ltr'>πάντες</span> <span class='ocrx_word' id='word_1_371' title='bbox 714 3927 944 4015; x_wconf 80' lang='grc' dir='ltr'>γραρησονται·</span> <span class='ocrx_word' id='word_1_372' title='bbox 992 3930 1045 3990; x_wconf 82' lang='lat' dir='ltr'>ico</span> <span class='ocrx_word' id='word_1_373' title='bbox 1060 3945 1167 3992; x_wconf 82' lang='lat' dir='ltr'><em>omnes</em></span> <span class='ocrx_word' id='word_1_374' title='bbox 1186 3927 1376 3992; x_wconf 83' lang='lat' dir='ltr'><em>seoibentor.</em></span> <span class='ocrx_word' id='word_1_375' title='bbox 1400 3929 1479 3994; x_wconf 87' lang='lat' dir='ltr'><em>Dies</em></span> <span class='ocrx_word' id='word_1_376' title='bbox 1492 3929 1740 4012; x_wconf 65' lang='lat' dir='ltr'>somniator,</span> 
     </span>
     <span class='ocr_line' id='line_1_35' title="bbox 197 4027 1252 4119; baseline 0.001 -24"><span class='ocrx_word' id='word_1_377' title='bbox 197 4027 315 4117; x_wconf 76' lang='grc' dir='ltr'>ἡμέραι</span> <span class='ocrx_word' id='word_1_378' title='bbox 329 4032 575 4119; x_wconf 78' lang='grc' dir='ltr'>πλασθησονται,</span> <span class='ocrx_word' id='word_1_379' title='bbox 590 4035 645 4099; x_wconf 74' lang='grc' dir='ltr'>καὶ</span> <span class='ocrx_word' id='word_1_380' title='bbox 662 4033 764 4111; x_wconf 67' lang='grc' dir='ltr'>οὐδεὶς</span> <span class='ocrx_word' id='word_1_381' title='bbox 779 4034 814 4099; x_wconf 87' lang='grc' dir='ltr'>ὲν</span> <span class='ocrx_word' id='word_1_382' title='bbox 830 4035 945 4111; x_wconf 78' lang='grc' dir='ltr'>αὐτοῖς.</span> <span class='ocrx_word' id='word_1_383' title='bbox 995 4036 1027 4097; x_wconf 91' lang='lat' dir='ltr'>et</span> <span class='ocrx_word' id='word_1_384' title='bbox 1040 4050 1128 4096; x_wconf 75' lang='grc' dir='ltr'>ιιοηιο</span> <span class='ocrx_word' id='word_1_385' title='bbox 1144 4033 1181 4096; x_wconf 86' lang='lat' dir='ltr'><em>ioo</em></span> <span class='ocrx_word' id='word_1_386' title='bbox 1196 4034 1252 4096; x_wconf 85' lang='lat' dir='ltr'><em>eis.</em></span> 
     </span>
    </p>

    <p class='ocr_par' dir='ltr' id='par_1_11' title="bbox 196 4135 1742 4537">
     <span class='ocr_line' id='line_1_36' title="bbox 243 4135 1742 4226; baseline 0.001 -24"><span class='ocrx_word' id='word_1_387' title='bbox 243 4135 516 4226; x_wconf 62' lang='lat' dir='ltr'><em>&#39;resispiscant</em></span> <span class='ocrx_word' id='word_1_388' title='bbox 533 4149 576 4226; x_wconf 86' lang='grc' dir='ltr'>τῷ</span> <span class='ocrx_word' id='word_1_389' title='bbox 595 4139 789 4225; x_wconf 79' lang='grc' dir='ltr'>γινώσκει,η</span> <span class='ocrx_word' id='word_1_390' title='bbox 809 4147 853 4223; x_wconf 83' lang='grc' dir='ltr'>τῷ</span> <span class='ocrx_word' id='word_1_391' title='bbox 867 4137 947 4202; x_wconf 67' lang='lat' dir='ltr'>tco-</span> <span class='ocrx_word' id='word_1_392' title='bbox 1041 4138 1130 4200; x_wconf 90' lang='lat' dir='ltr'>Illud</span> <span class='ocrx_word' id='word_1_393' title='bbox 1153 4154 1233 4200; x_wconf 86' lang='lat' dir='ltr'>vero</span> <span class='ocrx_word' id='word_1_394' title='bbox 1261 4138 1353 4202; x_wconf 73' lang='lat' dir='ltr'>cotie</span> <span class='ocrx_word' id='word_1_395' title='bbox 1375 4145 1573 4203; x_wconf 82' lang='lat' dir='ltr'>connectere</span> <span class='ocrx_word' id='word_1_396' title='bbox 1596 4146 1648 4204; x_wconf 85' lang='lat' dir='ltr'>est</span> <span class='ocrx_word' id='word_1_397' title='bbox 1669 4141 1742 4206; x_wconf 87' lang='lat' dir='ltr'><em>sive</em></span> 
     </span>
     <span class='ocr_line' id='line_1_37' title="bbox 197 4239 1736 4327; baseline 0.003 -23"><span class='ocrx_word' id='word_1_398' title='bbox 197 4239 297 4325; x_wconf 79' lang='grc' dir='ltr'>μάσια</span> <span class='ocrx_word' id='word_1_399' title='bbox 316 4241 498 4309; x_wconf 83' lang='grc' dir='ltr'>συναπτέον.</span> <span class='ocrx_word' id='word_1_400' title='bbox 511 4241 552 4308; x_wconf 86' lang='lat' dir='ltr'>&#39;H</span> <span class='ocrx_word' id='word_1_401' title='bbox 568 4243 603 4308; x_wconf 84' lang='grc' dir='ltr'>δέ</span> <span class='ocrx_word' id='word_1_402' title='bbox 618 4253 673 4308; x_wconf 79' lang='grc' dir='ltr'>τοῦ</span> <span class='ocrx_word' id='word_1_403' title='bbox 689 4244 782 4308; x_wconf 78' lang='grc' dir='ltr'>ὀστοῦ</span> <span class='ocrx_word' id='word_1_404' title='bbox 794 4241 946 4327; x_wconf 79' lang='grc' dir='ltr'>σύμμιξις,</span> <span class='ocrx_word' id='word_1_405' title='bbox 991 4259 1069 4305; x_wconf 89' lang='lat' dir='ltr'>cum</span> <span class='ocrx_word' id='word_1_406' title='bbox 1084 4243 1188 4306; x_wconf 84' lang='lat' dir='ltr'>verbo</span> <span class='ocrx_word' id='word_1_407' title='bbox 1203 4243 1360 4325; x_wconf 84' lang='lat' dir='ltr'><em>oopooseit</em></span> <span class='ocrx_word' id='word_1_408' title='bbox 1378 4245 1450 4307; x_wconf 87' lang='lat' dir='ltr'><em>sive</em></span> <span class='ocrx_word' id='word_1_409' title='bbox 1465 4263 1544 4308; x_wconf 88' lang='lat' dir='ltr'>cum</span> <span class='ocrx_word' id='word_1_410' title='bbox 1560 4245 1736 4310; x_wconf 86' lang='lat' dir='ltr'><em>mirotiiio.</em></span> 
     </span>
     <span class='ocr_line' id='line_1_38' title="bbox 196 4344 1737 4431; baseline 0.003 -23"><span class='ocrx_word' id='word_1_411' title='bbox 196 4344 379 4431; x_wconf 83' lang='grc' dir='ltr'>ηγνοημένη</span> <span class='ocrx_word' id='word_1_412' title='bbox 391 4356 456 4424; x_wconf 79' lang='grc' dir='ltr'>τοῖς</span> <span class='ocrx_word' id='word_1_413' title='bbox 469 4346 643 4428; x_wconf 57' lang='lat' dir='ltr'>inescent</span> <span class='ocrx_word' id='word_1_414' title='bbox 655 4347 835 4431; x_wconf 84' lang='grc' dir='ltr'>καθέστηκε</span> <span class='ocrx_word' id='word_1_415' title='bbox 848 4345 941 4430; x_wconf 79' lang='grc' dir='ltr'>δήλη.</span> <span class='ocrx_word' id='word_1_416' title='bbox 992 4347 1055 4412; x_wconf 85' lang='lat' dir='ltr'>Sed</span> <span class='ocrx_word' id='word_1_417' title='bbox 1067 4349 1150 4411; x_wconf 87' lang='lat' dir='ltr'><em>ossis</em></span> <span class='ocrx_word' id='word_1_418' title='bbox 1158 4350 1419 4430; x_wconf 79' lang='lat' dir='ltr'>compaginatio,</span> <span class='ocrx_word' id='word_1_419' title='bbox 1428 4351 1557 4414; x_wconf 85' lang='lat' dir='ltr'><em>caeteris</em></span> <span class='ocrx_word' id='word_1_420' title='bbox 1570 4352 1737 4430; x_wconf 79' lang='lat' dir='ltr'>ignoratn,</span> 
     </span>
     <span class='ocr_line' id='line_1_39' title="bbox 199 4447 1741 4537; baseline 0.003 -23"><span class='ocrx_word' id='word_1_421' title='bbox 199 4447 264 4514; x_wconf 79' lang='grc' dir='ltr'>Καὶ</span> <span class='ocrx_word' id='word_1_422' title='bbox 279 4449 308 4513; x_wconf 83' lang='grc' dir='ltr'>οἱ</span> <span class='ocrx_word' id='word_1_423' title='bbox 319 4451 576 4535; x_wconf 78' lang='grc' dir='ltr'>συγγραψάμενοι</span> <span class='ocrx_word' id='word_1_424' title='bbox 587 4451 621 4514; x_wconf 80' lang='grc' dir='ltr'>δὲ</span> <span class='ocrx_word' id='word_1_425' title='bbox 633 4453 704 4534; x_wconf 79' lang='grc' dir='ltr'><strong>περὶ</strong></span> <span class='ocrx_word' id='word_1_426' title='bbox 715 4459 771 4536; x_wconf 78' lang='grc' dir='ltr'>της</span> <span class='ocrx_word' id='word_1_427' title='bbox 783 4457 844 4514; x_wconf 81' lang='grc' dir='ltr'>τῶν</span> <span class='ocrx_word' id='word_1_428' title='bbox 857 4447 946 4528; x_wconf 77' lang='grc' dir='ltr'>ζώων</span> <span class='ocrx_word' id='word_1_429' title='bbox 992 4452 1065 4530; x_wconf 87' lang='lat' dir='ltr'>tibi,</span> <span class='ocrx_word' id='word_1_430' title='bbox 1081 4454 1182 4532; x_wconf 84' lang='lat' dir='ltr'>Deus,</span> <span class='ocrx_word' id='word_1_431' title='bbox 1199 4454 1376 4534; x_wconf 83' lang='lat' dir='ltr'><em>perspicus</em></span> <span class='ocrx_word' id='word_1_432' title='bbox 1388 4455 1486 4517; x_wconf 88' lang='lat' dir='ltr'><em>sistit.</em></span> <span class='ocrx_word' id='word_1_433' title='bbox 1504 4457 1621 4537; x_wconf 85' lang='lat' dir='ltr'>Atqui</span> <span class='ocrx_word' id='word_1_434' title='bbox 1638 4455 1741 4518; x_wconf 82' lang='lat' dir='ltr'><em>libros</em></span> 
     </span>
    </p>

    <p class='ocr_par' dir='ltr' id='par_1_12' title="bbox 233 4561 1743 4655">
     <span class='ocr_line' id='line_1_40' title="bbox 233 4561 1743 4655; baseline 0.001 -16"><span class='ocrx_word' id='word_1_435' title='bbox 233 4561 693 4654; x_wconf 69' lang='lat' dir='ltr'><em>v.1s.soe5.Ps.xxxv11‚1o</em></span> <span class='ocrx_word' id='word_1_436' title='bbox 993 4589 1099 4652; x_wconf 77' lang='grc' dir='ltr'>σαρκῶν</span> <span class='ocrx_word' id='word_1_437' title='bbox 1116 4589 1163 4638; x_wconf 72' lang='grc' dir='ltr'>καὶ</span> <span class='ocrx_word' id='word_1_438' title='bbox 1179 4587 1275 4651; x_wconf 72' lang='grc' dir='ltr'>νεύρων</span> <span class='ocrx_word' id='word_1_439' title='bbox 1293 4585 1374 4652; x_wconf 77' lang='grc' dir='ltr'>λέγω,</span> <span class='ocrx_word' id='word_1_440' title='bbox 1392 4586 1463 4650; x_wconf 76' lang='grc' dir='ltr'>ὅπως</span> <span class='ocrx_word' id='word_1_441' title='bbox 1480 4587 1545 4640; x_wconf 78' lang='grc' dir='ltr'>ποτέ</span> <span class='ocrx_word' id='word_1_442' title='bbox 1563 4587 1653 4652; x_wconf 78' lang='grc' dir='ltr'>έχουσι</span> <span class='ocrx_word' id='word_1_443' title='bbox 1670 4589 1743 4655; x_wconf 76' lang='grc' dir='ltr'>γονέ-</span> 
     </span>
    </p>

    <p class='ocr_par' dir='ltr' id='par_1_13' title="bbox 232 4669 1743 4744">
     <span class='ocr_line' id='line_1_41' title="bbox 232 4669 1743 4744; baseline 0 -18"><span class='ocrx_word' id='word_1_444' title='bbox 232 4687 263 4726; x_wconf 82' lang='grc' dir='ltr'>ν.</span> <span class='ocrx_word' id='word_1_445' title='bbox 277 4671 319 4726; x_wconf 66' lang='lat'>14„</span> <span class='ocrx_word' id='word_1_446' title='bbox 332 4671 399 4728; x_wconf 81' lang='lat' dir='ltr'>Vct.</span> <span class='ocrx_word' id='word_1_447' title='bbox 413 4672 438 4727; x_wconf 84' lang='lat'>5.</span> <span class='ocrx_word' id='word_1_448' title='bbox 992 4669 1429 4739; x_wconf 71' lang='grc' dir='ltr'>σιωςθιωροορένων.01.11οο1ο.</span> <span class='ocrx_word' id='word_1_449' title='bbox 1443 4671 1743 4744; x_wconf 72' lang='grc' dir='ltr'>Χι,5.Η1ο1111οροιι·</span> 
     </span>
    </p>

    <p class='ocr_par' dir='ltr' id='par_1_14' title="bbox 196 4754 1746 5088">
     <span class='ocr_line' id='line_1_42' title="bbox 232 4754 1745 4830; baseline 0.001 -18"><span class='ocrx_word' id='word_1_450' title='bbox 232 4775 261 4813; x_wconf 83' lang='lat' dir='ltr'>v.</span> <span class='ocrx_word' id='word_1_451' title='bbox 274 4757 364 4813; x_wconf 84' lang='grc'><strong>14-16.</strong></span> <span class='ocrx_word' id='word_1_452' title='bbox 377 4758 444 4814; x_wconf 79' lang='lat' dir='ltr'>Vct.</span> <span class='ocrx_word' id='word_1_453' title='bbox 464 4759 489 4828; x_wconf 85' lang='lat'>5,</span> <span class='ocrx_word' id='word_1_454' title='bbox 503 4759 545 4814; x_wconf 75' lang='lat'>12.</span> <span class='ocrx_word' id='word_1_455' title='bbox 563 4757 734 4814; x_wconf 84' lang='lat' dir='ltr'><em>Aristotelis</em></span> <span class='ocrx_word' id='word_1_456' title='bbox 746 4762 794 4814; x_wconf 81' lang='lat' dir='ltr'><em>est</em></span> <span class='ocrx_word' id='word_1_457' title='bbox 810 4754 885 4812; x_wconf 80' lang='lat' dir='ltr'>liber</span> <span class='ocrx_word' id='word_1_458' title='bbox 905 4755 949 4809; x_wconf 78' lang='lat' dir='ltr'>ic·</span> <span class='ocrx_word' id='word_1_459' title='bbox 992 4774 1027 4812; x_wconf 83' lang='grc' dir='ltr'>σα</span> <span class='ocrx_word' id='word_1_460' title='bbox 1039 4755 1174 4814; x_wconf 84' lang='lat' dir='ltr'>recidunt</span> <span class='ocrx_word' id='word_1_461' title='bbox 1191 4756 1222 4812; x_wconf 90' lang='lat' dir='ltr'>in</span> <span class='ocrx_word' id='word_1_462' title='bbox 1235 4756 1378 4812; x_wconf 80' lang='lat' dir='ltr'>scholioln</span> <span class='ocrx_word' id='word_1_463' title='bbox 1395 4757 1604 4824; x_wconf 71' lang='lat' dir='ltr'>Montium-um,</span> <span class='ocrx_word' id='word_1_464' title='bbox 1617 4774 1682 4830; x_wconf 72' lang='grc' dir='ltr'>ηοω</span> <span class='ocrx_word' id='word_1_465' title='bbox 1700 4773 1745 4814; x_wconf 87' lang='lat' dir='ltr'>re·</span> 
     </span>
     <span class='ocr_line' id='line_1_43' title="bbox 196 4841 1746 4918; baseline 0.002 -19"><span class='ocrx_word' id='word_1_466' title='bbox 196 4841 949 4916; x_wconf 71' lang='lat' dir='ltr'>migerctnsdeiienerctioneanimationobscurnm</span> <span class='ocrx_word' id='word_1_467' title='bbox 992 4849 1094 4918; x_wconf 84' lang='lat' dir='ltr'>potero</span> <span class='ocrx_word' id='word_1_468' title='bbox 1113 4842 1201 4916; x_wconf 86' lang='lat' dir='ltr'>juvit,</span> <span class='ocrx_word' id='word_1_469' title='bbox 1222 4847 1258 4898; x_wconf 89' lang='lat' dir='ltr'>ut</span> <span class='ocrx_word' id='word_1_470' title='bbox 1282 4860 1360 4901; x_wconf 81' lang='lat' dir='ltr'>novo</span> <span class='ocrx_word' id='word_1_471' title='bbox 1377 4849 1408 4900; x_wconf 76' lang='lat' dir='ltr'>ct</span> <span class='ocrx_word' id='word_1_472' title='bbox 1424 4849 1527 4902; x_wconf 74' lang='lat' dir='ltr'>vetere</span> <span class='ocrx_word' id='word_1_473' title='bbox 1544 4845 1631 4901; x_wconf 84' lang='lat' dir='ltr'><em>simol</em></span> <span class='ocrx_word' id='word_1_474' title='bbox 1652 4845 1746 4902; x_wconf 78' lang='lat' dir='ltr'>cosle·</span> 
     </span>
     <span class='ocr_line' id='line_1_44' title="bbox 197 4929 1746 5004; baseline 0.001 -19"><span class='ocrx_word' id='word_1_475' title='bbox 197 4930 294 4987; x_wconf 84' lang='lat' dir='ltr'>locum</span> <span class='ocrx_word' id='word_1_476' title='bbox 313 4932 356 4987; x_wconf 84' lang='lat' dir='ltr'>sic</span> <span class='ocrx_word' id='word_1_477' title='bbox 366 4937 454 4988; x_wconf 82' lang='lat' dir='ltr'><em>vetus</em></span> <span class='ocrx_word' id='word_1_478' title='bbox 466 4931 627 5004; x_wconf 75' lang='lat' dir='ltr'>explicavit</span> <span class='ocrx_word' id='word_1_479' title='bbox 646 4947 822 5004; x_wconf 73' lang='lat' dir='ltr'>ononymos:</span> <span class='ocrx_word' id='word_1_480' title='bbox 839 4931 950 4998; x_wconf 74' lang='grc' dir='ltr'>Εἰρηται</span> <span class='ocrx_word' id='word_1_481' title='bbox 992 4937 1077 4988; x_wconf 73' lang='lat' dir='ltr'>ocant</span> <span class='ocrx_word' id='word_1_482' title='bbox 1088 4937 1119 4986; x_wconf 86' lang='lat' dir='ltr'>et</span> <span class='ocrx_word' id='word_1_483' title='bbox 1131 4929 1347 4986; x_wconf 68' lang='lat' dir='ltr'>collustrantur.</span> <span class='ocrx_word' id='word_1_484' title='bbox 1361 4930 1428 4988; x_wconf 81' lang='lat' dir='ltr'>vid.</span> <span class='ocrx_word' id='word_1_485' title='bbox 1442 4930 1560 4987; x_wconf 80' lang='lat' dir='ltr'><em>Gordos.</em></span> <span class='ocrx_word' id='word_1_486' title='bbox 1577 4949 1622 4989; x_wconf 79' lang='grc' dir='ltr'>ιιι.</span> <span class='ocrx_word' id='word_1_487' title='bbox 1636 4932 1697 4988; x_wconf 78' lang='grc'><strong>691.</strong></span> <span class='ocrx_word' id='word_1_488' title='bbox 1711 4961 1746 4974; x_wconf 88' lang='lat'>-·</span> 
     </span>
     <span class='ocr_line' id='line_1_45' title="bbox 198 5015 1741 5088; baseline 0 -16"><span class='ocrx_word' id='word_1_489' title='bbox 198 5024 246 5072; x_wconf 76' lang='grc' dir='ltr'>και</span> <span class='ocrx_word' id='word_1_490' title='bbox 256 5027 314 5084; x_wconf 72' lang='grc' dir='ltr'>τοῖς</span> <span class='ocrx_word' id='word_1_491' title='bbox 325 5025 384 5086; x_wconf 73' lang='lat' dir='ltr'>cept</span> <span class='ocrx_word' id='word_1_492' title='bbox 400 5023 502 5087; x_wconf 69' lang='grc' dir='ltr'>φύσεως</span> <span class='ocrx_word' id='word_1_493' title='bbox 513 5025 560 5074; x_wconf 77' lang='grc' dir='ltr'>και</span> <span class='ocrx_word' id='word_1_494' title='bbox 571 5022 700 5088; x_wconf 73' lang='grc' dir='ltr'>γινέσσως</span> <span class='ocrx_word' id='word_1_495' title='bbox 710 5023 764 5071; x_wconf 80' lang='grc' dir='ltr'>τῶν</span> <span class='ocrx_word' id='word_1_496' title='bbox 777 5019 853 5084; x_wconf 74' lang='grc' dir='ltr'>ζώων</span> <span class='ocrx_word' id='word_1_497' title='bbox 865 5033 949 5084; x_wconf 79' lang='grc' dir='ltr'>τραγ·</span> <span class='ocrx_word' id='word_1_498' title='bbox 992 5019 1028 5074; x_wconf 88' lang='lat' dir='ltr'>In</span> <span class='ocrx_word' id='word_1_499' title='bbox 1046 5016 1169 5073; x_wconf 80' lang='lat' dir='ltr'><em>obscuro</em></span> <span class='ocrx_word' id='word_1_500' title='bbox 1187 5015 1253 5071; x_wconf 90' lang='lat' dir='ltr'>loco</span> <span class='ocrx_word' id='word_1_501' title='bbox 1270 5022 1317 5071; x_wconf 84' lang='grc' dir='ltr'>ααῑ</span> <span class='ocrx_word' id='word_1_502' title='bbox 1332 5021 1421 5084; x_wconf 75' lang='grc' dir='ltr'>πασας</span> <span class='ocrx_word' id='word_1_503' title='bbox 1438 5023 1486 5088; x_wconf 78' lang='grc' dir='ltr'>της</span> <span class='ocrx_word' id='word_1_504' title='bbox 1504 5021 1576 5087; x_wconf 79' lang='grc' dir='ltr'>ζωῆς</span> <span class='ocrx_word' id='word_1_505' title='bbox 1592 5021 1652 5074; x_wconf 76' lang='grc' dir='ltr'>κτλ</span> <span class='ocrx_word' id='word_1_506' title='bbox 1671 5017 1741 5074; x_wconf 79' lang='lat' dir='ltr'>eod.</span> 
     </span>
    </p>
   </div>
   <div class='ocr_carea' id='block_1_3' title="bbox 198 5101 1742 5263">
    <p class='ocr_par' dir='ltr' id='par_1_15' title="bbox 198 5101 1742 5263">
     <span class='ocr_line' id='line_1_46' title="bbox 198 5101 1742 5175; baseline 0 -17"><span class='ocrx_word' id='word_1_507' title='bbox 198 5107 418 5174; x_wconf 81' lang='grc' dir='ltr'>ρατσνσσιμένοις,</span> <span class='ocrx_word' id='word_1_508' title='bbox 436 5109 553 5174; x_wconf 77' lang='grc' dir='ltr'>ἀόρατον</span> <span class='ocrx_word' id='word_1_509' title='bbox 569 5109 617 5161; x_wconf 84' lang='grc' dir='ltr'>καῑ</span> <span class='ocrx_word' id='word_1_510' title='bbox 634 5105 826 5174; x_wconf 76' lang='grc' dir='ltr'>ἀκατάληπτον</span> <span class='ocrx_word' id='word_1_511' title='bbox 843 5105 892 5172; x_wconf 84' lang='grc' dir='ltr'>την</span> <span class='ocrx_word' id='word_1_512' title='bbox 911 5107 948 5169; x_wconf 77' lang='grc' dir='ltr'>εἰς</span> <span class='ocrx_word' id='word_1_513' title='bbox 992 5101 1082 5158; x_wconf 73' lang='lat' dir='ltr'>habet</span> <span class='ocrx_word' id='word_1_514' title='bbox 1100 5105 1210 5168; x_wconf 78' lang='grc' dir='ltr'>έαωτσὺς</span> <span class='ocrx_word' id='word_1_515' title='bbox 1227 5105 1365 5172; x_wconf 75' lang='grc' dir='ltr'>διήγαγον.</span> <span class='ocrx_word' id='word_1_516' title='bbox 1377 5101 1456 5158; x_wconf 78' lang='lat' dir='ltr'>Nota</span> <span class='ocrx_word' id='word_1_517' title='bbox 1474 5103 1592 5175; x_wconf 75' lang='lat' dir='ltr'>egregie</span> <span class='ocrx_word' id='word_1_518' title='bbox 1609 5103 1688 5161; x_wconf 77' lang='lat' dir='ltr'>diota</span> <span class='ocrx_word' id='word_1_519' title='bbox 1705 5103 1742 5160; x_wconf 82' lang='lat' dir='ltr'>do</span> 
     </span>
     <span class='ocr_line' id='line_1_47' title="bbox 199 5188 1690 5263; baseline 0.003 -17"><span class='ocrx_word' id='word_1_520' title='bbox 199 5195 353 5248; x_wconf 77' lang='grc' dir='ltr'>ὀστέοντοῦ</span> <span class='ocrx_word' id='word_1_521' title='bbox 369 5197 483 5263; x_wconf 81' lang='grc' dir='ltr'>αῐματσς</span> <span class='ocrx_word' id='word_1_522' title='bbox 500 5193 660 5263; x_wconf 73' lang='grc' dir='ltr'>μστσοολην,</span> <span class='ocrx_word' id='word_1_523' title='bbox 678 5194 768 5246; x_wconf 78' lang='grc' dir='ltr'>καίτοι</span> <span class='ocrx_word' id='word_1_524' title='bbox 784 5195 837 5246; x_wconf 78' lang='grc' dir='ltr'>τῶν</span> <span class='ocrx_word' id='word_1_525' title='bbox 850 5192 948 5259; x_wconf 66' lang='grc' dir='ltr'>ἄλλων,</span> <span class='ocrx_word' id='word_1_526' title='bbox 992 5193 1111 5262; x_wconf 75' lang='lat' dir='ltr'>peccato</span> <span class='ocrx_word' id='word_1_527' title='bbox 1124 5188 1269 5260; x_wconf 68' lang='lat' dir='ltr'>originali,</span> <span class='ocrx_word' id='word_1_528' title='bbox 1283 5189 1320 5245; x_wconf 87' lang='lat' dir='ltr'>de</span> <span class='ocrx_word' id='word_1_529' title='bbox 1333 5189 1424 5246; x_wconf 71' lang='lat' dir='ltr'><em>variis</em></span> <span class='ocrx_word' id='word_1_530' title='bbox 1435 5189 1553 5247; x_wconf 80' lang='lat' dir='ltr'><em>mundis</em></span> <span class='ocrx_word' id='word_1_531' title='bbox 1566 5195 1625 5256; x_wconf 72' lang='lat' dir='ltr'>etc,</span> <span class='ocrx_word' id='word_1_532' title='bbox 1688 5247 1690 5250; x_wconf 86' lang='lat'>.</span> 
     </span>
    </p>
   </div>
   <div class='ocr_carea' id='block_1_4' title="bbox 0 0 2008 6085">
    <p class='ocr_par' dir='ltr' id='par_1_16' title="bbox 0 0 2008 6085">
     <span class='ocr_line' id='line_1_48' title="bbox 0 0 2008 6085; baseline 0 0"><span class='ocrx_word' id='word_1_533' title='bbox 0 0 2008 6085; x_wconf 95' lang='lat' dir='ltr'> </span> 
     </span>
    </p>
   </div>
  </div>
 </body>
</html>
