3966 6104
671 377 1273 496 ι.ιιοιιιοιιιιιιιιι.ιιιιιιιιι.Ι
1631 433 1694 496 soa

148 585 292 649 quorum
305 571 464 636 decernet
475 570 704 653 octopraebuit
715 569 821 636 codex
832 569 900 634 Mo·
942 567 1073 634 scholio
1087 568 1123 633 in
1135 568 1211 648 Job,
1223 587 1334 652 neque
1345 572 1535 655 Byzantina
1544 573 1692 656 sapiunt,
1714 573 1718 581 “

147 675 314 754 squensis,
323 679 469 756 quatuor
481 675 570 739 inter
578 675 811 758 priorapraese
823 689 899 736 con·
942 689 1006 736 nec
1024 676 1179 737 veterum
1201 673 1381 738 candorem
1400 676 1542 756 tugiunt
1564 682 1625 741 eut
1643 679 1694 743 in·

147 780 277 840 stanter
291 777 406 842 ferunt
427 795 550 843 nomen
565 778 629 842 hoo
651 794 779 843 novum
795 781 829 840 et
843 777 900 840 oie
942 793 1093 854 genuam
1109 777 1350 842 sinceritatem.

148 875 790 963 scutum,lletcttociltope1tacum
812 881 900 944 llos·
986 878 1163 960 Equidem,
1197 885 1283 945 teste
1320 883 1538 966 Hieronymo,
1568 885 1695 948 scimus

149 985 271 1064 quensi
288 989 434 1067 quatuor
449 984 616 1065 Vaticani,
635 983 760 1067 quibus
778 981 898 1047 suffra·
941 982 1150 1047 Methodium
1157 985 1353 1067 exposuisse
1365 989 1524 1051 Genesim
1536 992 1571 1051 et
1582 990 1694 1052 canti-

147 1092 276 1167 gentur
289 1090 410 1153 Veneti
426 1089 520 1153 codd.
536 1089 627 1171 ap'ud
642 1089 856 1153 Oomitolum.
941 1104 982 1150 oa
992 1087 1218 1169 canticorum3
1235 1106 1334 1153 nemo
1346 1095 1500 1158 veterum
1513 1093 1565 1156 illi
1581 1094 1616 1156 in
1629 1094 1694 1158 Job

190 1193 258 1255 Alii
277 1197 508 1257 memorantur
529 1192 702 1273 Methodii,
722 1209 812 1256 unus
828 1194 898 1276 My·
942 1189 1129 1272 quidquam
1144 1192 1311 1274 ascripsit,
1331 1199 1491 1258 caeterum
1511 1197 1613 1260 etiam
1625 1213 1694 1259 me·

146 1297 270 1376 reneis,
304 1297 393 1361 alius
431 1298 775 1380 Hierosolymitanus,
808 1296 898 1361 alius
942 1293 1052 1356 moria
1061 1294 1163 1375 periit
1173 1298 1224 1358 tot
1232 1299 1266 1358 et
1276 1299 1448 1360 tantorum
1458 1298 1608 1379 eiusdem
1617 1317 1693 1382 ope-

146 1399 549 1482 constantinopolitanus,
582 1402 671 1466 alius
701 1399 897 1482 monachus,
943 1413 1030 1476 rum,
1039 1395 1079 1460 de
1091 1397 1215 1478 quibus
1223 1398 1398 1480 praefracte
1406 1401 1574 1467 Eusebius
1585 1403 1694 1484 siluit,

146 1520 263 1567 omnes
292 1505 506 1568 recentiores.
530 1505 610 1580 Quis
640 1503 742 1568 fando
766 1504 899 1570 audivit
942 1502 1043 1580 mala,
1055 1503 1094 1564 ut
1104 1505 1236 1583 putant,
1252 1503 1383 1579 invidia
1394 1508 1429 1567 et
1440 1505 1516 1570 odio
1532 1509 1693 1589 percitus,

147 1605 355 1670 Methodium
378 1607 576 1688 Sidensem?
602 1609 651 1672 Ne
674 1609 710 1671 in
732 1613 803 1675 toto
825 1611 900 1693 qui·
942 1605 1033 1687 quod
1047 1606 1210 1670 nimirum
1226 1608 1350 1690 Tyrius
1366 1610 1543 1692 episcopus
1561 1612 1692 1694 stylum

148 1707 224 1771 dem
243 1709 372 1774 θνίοαίο
390 1710 574 1788 Οίιίιίιιραο
588 1713 899 1795 Lequienii,neque
942 1727 1054 1774 ocrem
1072 1709 1211 1774 strinxit
1232 1710 1394 1776 adversus
1419 1714 1612 1797 origenem,
1636 1732 1695 1778 ou-

149 1812 186 1876 in
201 1813 331 1876 Gemsii
346 1814 432 1878 cerie
449 1815 591 1879 οαιπίιαιι
609 1815 836 1898 episcoporum,
854 1817 900 1882 ci·
938 1811 996 1894 jus
1012 1813 1227 1878 cesariensis
1242 1819 1315 1878 eret
1328 1816 1608 1882 studiosissimus.

151 1917 240 1979 vitas
252 1915 328 1980 Side
344 1923 517 1999 comparet
530 1918 648 1983 infulis
665 1927 794 1984 ornata.
985 1919 1065 1982 Post
1086 1917 1174 1982 hanc
1195 1919 1318 1982 seriem
1334 1936 1421 2000 quae,
1436 1923 1634 1986 continuam
1654 1923 1691 1986 in

189 2021 305 2101 Neque
320 2020 542 2099 cogitandum
554 2021 595 2086 de
608 2025 729 2105 quinta
743 2025 822 2090 sede
838 2042 898 2091 no·
940 2022 1006 2087 Job
1021 2023 1276 2104 expositionem,
1298 2023 1427 2106 absque
1447 2027 1584 2091 errandi
1605 2028 1695 2108 peri-

145 2124 899 2207 strilletlrodii,quemveterestabulaefaciunt
941 2130 1029 2208 culo,
1045 2129 1158 2210 potius
1173 2128 1277 2193 refert
1299 2146 1402 2211 quam
1424 2132 1567 2196 lacinias
1591 2149 1633 2196 ex
1656 2151 1693 2196 a·

146 2228 341 2309 episcopum
368 2247 461 2293 nunc
476 2231 633 2312 Olympii,
650 2249 742 2297 nunc
763 2235 898 2298 Potare
942 2232 1055 2297 missis
1077 2233 1245 2315 operibus,
1268 2234 1369 2314 plura
1386 2233 1553 2315 addimus,
1568 2239 1693 2317 purtim

144 2349 222 2395 rum
234 2333 269 2394 in
284 2333 396 2414 Lycia,
411 2351 503 2397 nunc
518 2336 695 2418 Tyrorum,
712 2354 803 2402 nunc
820 2337 898 2402 Phi·
943 2353 985 2400 ex
999 2339 1120 2400 catena
1131 2336 1168 2400 in
1179 2336 1447 2401 Pentateuchum
1460 2345 1604 2422 receptu,
1617 2357 1693 2422 quae

145 2438 345 2519 lippensem,
368 2440 443 2500 tum
465 2436 602 2501 demum
625 2445 810 2523 martyrem
833 2442 898 2506 sub
942 2456 1086 2522 pronum
1103 2444 1192 2504 esset
1206 2439 1374 2504 ascribere
1396 2444 1640 2507 commentario
1655 2445 1693 2508 in

145 2541 356 2605 Diocletiano
375 2542 410 2605 in
427 2540 585 2606 Chalcide
601 2544 821 2626 CoeleSyriae.
837 2547 898 2609 Su·
942 2544 1090 2609 Genesin
1115 2544 1207 2626 apud
1228 2545 1474 2628 Hieronymum
1497 2554 1694 2628 memorato,
1795 2580 1808 2600 ·

145 2648 259 2728 perest
279 2649 319 2708 ut
340 2645 519 2726 opinemur
541 2646 748 2712 Methodium
767 2666 810 2712 ex
824 2649 899 2714 obs·
941 2648 1009 2712 nisi
1030 2649 1197 2712 nonnulla
1211 2644 1373 2724 αὒτολιξιι
1387 2649 1594 2729 legerentur,
1610 2654 1696 2714 tam-

145 2767 227 2814 curo
238 2750 383 2829 originis
395 2751 469 2815 loco
480 2751 629 2832 primum
642 2751 756 2816 Sidam
768 2752 897 2818 dictum
941 2769 1046 2834 quam
1061 2768 1103 2816 ex
1117 2751 1215 2816 libris
1228 2750 1270 2815 de
1281 2753 1537 2834 Ειοιιονοοίίοοο,
1554 2753 1644 2835 apud
1660 2757 1691 2820 S.

149 2853 265 2935 fuisse,
283 2854 334 2918 uti
354 2855 443 2918 alius
467 2855 634 2920 recentior
656 2857 835 2940 Philippus
849 2857 899 2923 si·
941 2855 1171 2939 Epiphaniam
1188 2860 1222 2920 et
1237 2856 1406 2922 Photium.

148 2957 262 3022 densis
277 2957 382 3023 audit.
398 2959 540 3042 Optime
562 2959 657 3040 frugi
679 2966 760 3026 sunt
783 2967 898 3028 nostra

569 3152 682 3222 ΛΒΤ.
715 3157 744 3221 1.
774 3158 1050 3224 ΑΝΕΟΒΟΤΑ
1080 3158 1271 3224 Ganos.

755 3351 938 3420 Mettodiue
958 3353 997 3418 ιἰι
1017 3350 1084 3417 lot.

192 3536 269 3614 Cep.
285 3551 331 3613 ιι,
348 3533 378 3596 3.
401 3528 473 3608 Πῶς
495 3531 557 3616 γὰρ
572 3531 661 3596 ἔσται
684 3527 803 3606 δίκαιος
826 3527 897 3614 βρο·
986 3533 1063 3595 cle.
1078 3549 1125 3613 rx,
1139 3533 1169 3596 3.
1182 3530 1697 3630 Qrwmodoutortcliejrtaluscrit

147 3639 201 3712 τὸς
216 3637 304 3719 παρὰ
318 3633 435 3720 Κυρίῳ.
452 3633 530 3700 Ἐὰν
544 3637 607 3720 γὰρ
630 3632 778 3721 βούλεται
792 3633 898 3720 κριθή·
941 3634 1136 3699 oDomicot
1147 3635 1187 3701 di
1197 3635 1283 3700 caim
1292 3637 1586 3720 oolmriljedicori
1596 3641 1634 3706 ab
1645 3659 1690 3722 co,

147 3761 199 3805 ναι
214 3740 308 3825 αὐτῷ,
324 3740 361 3804 οὐ
377 3742 420 3827 μὴ
438 3739 604 3824 ὑπακούσῃ
620 3738 715 3823 αὐτῷ.
938 3755 1003 3803 nort
1016 3739 1215 3806 ammiratio
1228 3740 1295 3806 illi.

192 3841 355 3910 Μεθοδίου.
369 3842 423 3922 Τίς
435 3844 496 3929 γὰρ
507 3843 647 3925 δύναται,
655 3841 896 3930 φησίγενέσθαι
983 3845 1117 3928 Aliquis
1139 3847 1231 3910 enim
1254 3851 1373 3928 potest,
1392 3849 1451 3930 nit,
1468 3849 1543 3914 fieri
1562 3849 1687 3932 justus,

148 3943 267 4024 δίκαιος
283 3945 443 4032 συγκρίσει
462 3945 650 4031 ἀνθρώπων·
673 3955 739 4024 πῶς
762 3947 798 4013 ol
819 3949 896 4032 πρὸς
940 3949 1190 4031 comparatione
1198 3949 1558 4034 hominum:quomodo
1569 3959 1695 4036 autem,
1757 3975 1760 3982 ·

147 4054 202 4117 τὸν
216 4060 279 4116 τῶν
293 4051 374 4117 ὅλων
389 4049 507 4136 Κύριον
523 4053 611 4116 ἔσται
627 4048 747 4128 δίκαιος
768 4049 895 4137 βροτός;
941 4056 1097 4134 respectu
1113 4047 1156 4117 ad
1171 4053 1408 4118 universorum
1424 4056 1617 4139 Dominum,
1630 4059 1697 4123 erit

145 4153 236 4240 Πλὴν
259 4154 332 4218 οὐδὲ
353 4161 500 4238 τυραννεῖ
518 4153 632 4240 κρίνων
654 4155 672 4219 ὁ
695 4152 785 4238 Θεὸς,
811 4153 895 4220 ἀλλὰ
937 4155 1053 4237 justus
1070 4157 1245 4220 mortalis?
1268 4158 1510 4223 Verumtamen
1522 4177 1590 4225 non
1603 4179 1696 4228 more

144 4255 245 4322 πείθει
267 4259 320 4323 τὸν
340 4256 521 4344 κρινόμενον
543 4261 598 4323 καί
619 4267 705 4323 ποιεί
720 4256 815 4328 αὐτὸν
838 4256 894 4324 de·
936 4261 1075 4343 tyranni
1086 4259 1220 4341 judicat
1234 4263 1334 4342 Deus,
1347 4264 1405 4327 sed
1417 4265 1556 4330 suadela
1572 4267 1692 4346 attigit

145 4359 241 4447 λῆσαι
260 4359 497 4446 παραδέξασθαι
518 4364 577 4448 τὴν
599 4359 760 4447 ἀπόφασιν
785 4361 891 4429 αὐτοῦ.
937 4366 1630 4446 reum,stfacitutvelitsententiamsuam
1646 4390 1696 4436 re·

146 4462 314 4552 Μὲλλομεν
337 4475 414 4553 γοῦν
436 4467 465 4531 ot
492 4466 667 4554 κρινόμενοι
692 4465 818 4554 βλέπειν
839 4471 893 4534 τὸν
938 4470 1061 4550 cipere.
1075 4471 1214 4551 Oportet
1228 4487 1311 4550 ergo
1324 4489 1393 4551 nos,
1410 4473 1469 4555 qui
1482 4472 1687 4556 judicemur,

146 4569 265 4654 Κύριον
288 4569 354 4657 μεθ’
364 4567 454 4657 ἡμῶν
479 4570 742 4657 συνδιιαζόμενον
767 4572 819 4638 ἐπί
840 4581 896 4638 τοῦ
940 4573 1067 4638 intueri
1097 4572 1267 4638 christum
1297 4575 1491 4660 Dominum,
1508 4579 1574 4661 ,qui
1597 4579 1691 4644 nobi-

147 4671 282 4757 Πατρός,
305 4674 361 4739 καί
385 4673 538 4760 λέγοντα·
563 4673 606 4740 Ὤ
629 4675 783 4761 ἄνθρωπε,
807 4674 851 4754 τίς
873 4675 895 4761 ἡ
941 4694 1037 4741 scum
1051 4675 1225 4757 judicetur
1240 4695 1354 4743 coram
1370 4682 1479 4762 Patre,
1499 4688 1533 4746 et
1547 4684 1690 4750 dicit:O

149 4776 287 4864 ὠφέλεια
302 4778 393 4863 ἐντῷ
409 4776 519 4865 alpert
534 4799 604 4866 pou,
620 4777 900 4868 ίντῷααταὸῆναί
945 4775 1056 4860 hoino,
1085 4798 1188 4863 «quae
1207 4782 1339 4847 utilitas
1357 4785 1394 4846 in
1414 4789 1586 4865 sanguine
1609 4806 1695 4870 meo,

153 4904 193 4971 με
209 4883 253 4961 εἰς
268 4881 460 4970 draeisma,
947 4884 1029 4949 dum
1044 4883 1208 4950 descendo
1224 4885 1260 4949 in
1275 4888 1581 4969 corruptionemta

185 5075 256 5147 Gap.
268 5089 309 5145 rx,
320 5073 346 5130 3.
359 5089 382 5130 ιι
399 5072 506 5146 Regin.
518 5074 534 5128 1
546 5072 568 5130 ί.
586 5073 630 5130 5ί.
646 5073 742 5130 Vatrc.
754 5073 809 5130 338
824 5073 847 5130 f.
857 5073 902 5146 41,
945 5069 1115 5144 Mosquensi
1126 5072 1181 5128 284
1191 5071 1212 5128 ί.
1224 5072 1268 5144 al,
1286 5073 1338 5146 qui
1355 5073 1387 5130 in
1398 5074 1457 5132 fine
1469 5075 1566 5134 addit:
1584 5080 1655 5148 Φιρι
1673 5098 1699 5136 ει

152 5159 206 5218 750
216 5160 237 5216 f.
248 5161 293 5231 86,
305 5159 358 5220 tta
369 5158 391 5216 i.
403 5161 438 5218 69
450 5159 482 5220 in
494 5175 552 5234 quo
563 5164 693 5219 nectar
711 5165 798 5232 Σίδης,
810 5159 854 5220 ita
870 5160 902 5222 in
945 5160 1134 5230 todsoodtsds
1143 5161 1243 5216 λοιπῶν
1251 5162 1313 5227 tete
1321 5165 1480 5234 πεποίηκας.
1486 5162 1532 5221 Cf.
1539 5167 1586 5223 Ps.
1594 5181 1645 5240 xx,
1652 5167 1697 5226 ³2.
