3966 6108
846 442 1051 510 susumus
1225 463 1226 468 ’
1660 448 1727 512 515

175 580 240 648 λων
251 579 411 669 ἐχρώμην.
420 578 595 648 Betucius
606 583 666 668 τὴν
677 577 927 668 ἱρμήνιιανταύ-
973 581 1189 650 lectionibus
1204 601 1265 668 pro
1280 586 1432 655 consiliis
1447 587 1577 654 utebar.
1597 587 1725 654 confir-

159 688 267 773 ’τηνο
284 685 509 774 perunctae,
525 685 631 753 εἰπών·
644 687 694 754 Τὰ
705 686 860 774 μαρτύριά
871 708 928 754 σου
973 693 1044 752 mat
1057 699 1062 712 ⁵
1073 689 1160 752 hauc
1184 689 1497 771 interpretationem
1520 695 1654 775 Aquila,
1677 693 1727 758 di·

177 787 351 869 ἀπόλαυσῑς
368 812 438 878 μου,
451 790 493 870 ὡς
508 791 618 876 ἄνδρας
631 789 747 878 βουλῆς
760 812 830 878 μου.
842 790 881 859 ‘0
893 793 928 857 δὲ
972 809 1068 856 cens:
1087 794 1286 860 Pectimom‘u
1308 797 1375 875 tuc,
1393 794 1559 862 delectatio
1580 813 1661 877 cccc,
1680 798 1725 862 ci-

176 893 370 982 Σὺμμαχος·
399 894 504 963 Ἀλλὰ
532 895 588 960 καὶ
618 897 658 960 τὰ
690 894 844 982 μαρτύριά
870 917 927 962 σου
972 900 1027 960 cut
1040 895 1182 960 homiues
1197 897 1414 963 concilii-mci.
1430 900 1653 983 Symmachus
1664 919 1725 965 eu-

179 995 287 1084 τέρψις
302 1019 372 1085 μον,
389 995 432 1077 ὡς
448 999 559 1086 ἄνδρες
575 997 747 1086 δμόιρρονὲς
762 1020 825 1087 μοι.
972 1004 1040 1062 tem
1050 1023 1063 1064 :-
1078 1001 1193 1068 Verum
1202 1004 1235 1066 ct
1244 1003 1498 1069 peticionique
1507 1003 1629 1070 delicio
1639 1023 1724 1086 cccc,

970 1103 1057 1169 sicut
1069 1103 1213 1169 comicos
1227 1105 1310 1169 miti
1324 1108 1562 1173 coesse-reticem.

220 1225 253 1271 ν.
270 1208 322 1272 25.
337 1205 519 1292 Ἐκολλψθη
536 1215 580 1294 τῷ
593 1206 702 1293 ἐδάφει
716 1206 738 1293 ψ
754 1207 843 1295 ψυχή
857 1229 926 1295 μου.
1013 1223 1045 1269 ν.
1058 1207 1110 1269 25.
1126 1205 1271 1272 Adtcsit
1279 1210 1464 1290 pavimento
1478 1211 1591 1278 σαίαια
1606 1227 1686 1279 mcc.

222 1305 412 1396 Ὦριχένους,
428 1308 592 1377 Εὐσεὸίου.
607 1310 789 1396 Ἐκολλτψθη
803 1321 846 1398 τῷ
856 1311 929 1377 tit·
1015 1298 1347 1390 Ouresurs,llusss11.
1360 1313 1724 1381 Adhaesitenimemee

177 1432 230 1498 ρει
243 1409 266 1496 ἡ
282 1411 371 1499 ψυχή
388 1432 459 1499 μου,
473 1415 529 1481 καὶ
542 1411 656 1500 γέγονε
670 1412 765 1498 σάρξ·
781 1415 815 1480 ἐν
830 1415 865 1479 δὲ
887 1425 926 1502 τῇ
971 1413 1176 1495 pavimento,
1193 1419 1227 1479 et
1238 1433 1316 1480 caro
1331 1416 1420 1480 lecte
1436 1423 1496 1482 est.
1513 1421 1553 1482 Iu
1567 1411 1723 1499 generali

177 1523 269 1601 κοινῇ
293 1515 474 1600 ἀναστάσει,
496 1515 765 1604 κολληθήσετωὴ
786 1516 865 1603 σὰρξ
886 1527 927 1604 τῇ
971 1524 1086 1582 eutem
1101 1521 1345 1584 resurreetione
1361 1538 1439 1585 caro
1455 1522 1637 1588 adherebit
1652 1527 1724 1615 upi-

177 1619 276 1706 ψυχῇ,
292 1621 347 1684 καὶ
362 1619 451 1685 ἔσται
466 1618 543 1685 θεία
557 1620 656 1707 ψυχὴ,
672 1621 743 1707 ἥτις
761 1621 927 1705 κολληθτῖ·
971 1639 1045 1702 mae,
1057 1630 1092 1687 et
1105 1624 1220 1687 euima
1230 1623 1290 1688 flet
1300 1625 1425 1706 divine,
1439 1632 1478 1690 ut
1490 1643 1567 1708 quae
1578 1628 1723 1693 Domino

176 1743 220 1788 σα
235 1733 279 1810 τῷ
294 1721 419 1810 Κυρίῳ·
435 1725 507 1790 τότε
522 1725 556 1790 ἐν
567 1735 606 1811 τῇ
622 1725 778 1812 καθολικῇ
791 1724 928 1793 ἀναστά-
970 1727 1159 1792 adheserit.
1190 1731 1284 1793 Tune
1307 1729 1342 1794 iu
1365 1732 1527 1796 universe
1556 1751 1725 1799 resurrec-

176 1849 227 1895 σει
251 1826 371 1916 γίνεται
397 1828 471 1896 ὅλον
499 1839 632 1917 πνεῦμα,
663 1829 807 1897 τουτέστι
835 1841 928 1918 σῶμα
971 1833 1062 1895 tione
1077 1830 1117 1895 fit
1131 1833 1223 1898 totus
1246 1835 1397 1915 spiritus,
1421 1835 1524 1900 idest
1544 1837 1723 1919 spirituale

180 1933 401 2021 πνευματικόν.
413 1927 547 2021 Ὅμοιον
561 1933 616 2000 τό·
631 1932 819 2022 Kastra-{tc
832 1956 871 2021 με
882 1935 926 2014 εἰς
970 1953 1101 2017 corpus.
1118 1938 1327 2014 Quibuscum
1339 1939 1421 2004 iecit
1435 1939 1515 2004 hoc:
1535 1942 1723 2008 «Eduxisti

180 2045 260 2123 χοῦν
289 2036 442 2121 θανάτου,
472 2040 527 2104 καὶ
556 2035 925 2125 τ5·’11ταπτινώθηείς
969 2058 1024 2105 me
1039 2042 1075 2105 in
1090 2043 1265 2122 pulverem
1281 2045 1436 2125 mortis»
1455 2050 1490 2108 et
1504 2045 1606 2109 illud:
1626 2049 1723 2111 «Hu-

178 2151 258 2230 χοῦν
272 2139 294 2228 ἡ
312 2141 400 2229 ψυχή
418 2165 487 2230 μου,
503 2146 559 2209 καὶ
573 2142 621 2209 τό·
636 2143 735 2230 Σῶμα
749 2153 806 2231 τῆς
821 2166 927 2212 ταπει-
970 2145 1101 2209 miliete
1115 2150 1167 2210 est
1182 2147 1218 2209 iu
1233 2149 1408 2228 pulverem
1423 2151 1538 2213 anima
1552 2167 1639 2232 mes,
1654 2171 1671 2212 κ
1689 2157 1723 2216 et

176 2246 302 2326 νὼσεως
317 2244 417 2334 ἡμῶν,
440 2250 496 2314 καὶ
517 2247 572 2314 τό·
587 2247 687 2335 Σῶμα
706 2258 764 2314 τοῦ
781 2248 925 2316 θανάτου
970 2247 1033 2313 hoe
1050 2252 1208 2331 «corpus
1224 2251 1428 2318 humilitatis
1443 2271 1568 2336 mem»
1588 2259 1622 2322 et
1636 2256 1722 2320 illud

175 2349 298 2417 τούτου.
315 2391 319 2400 ·
972 2355 1130 2436 «corpus
1146 2356 1265 2420 mortis
1281 2354 1396 2436 hujus.
1413 2377 1432 2416 ν

219 2473 253 2519 ν.
274 2455 327 2520 31.
344 2452 545 2541 Ἐκολλήθην
567 2463 633 2534 τοῖς
656 2455 834 2544 μαρτυρίοις
857 2478 925 2543 σου,
1012 2476 1043 2521 ν.
1059 2457 1257 2526 311111511τί
1276 2460 1469 2527 testimoniis
1490 2462 1569 2544 tuis,
1588 2461 1722 2528 cutim

175 2555 291 2644 Κύριε·
307 2556 351 2645 μή
368 2579 406 2646 με
420 2559 647 2645 καταισχύνῃς.
968 2561 1173 2646 conscendere.

219 2661 384 2730 Eteettcu.
400 2662 483 2731 Ἀπὸ
498 2664 596 2732 τοίων
617 2665 653 2729 δὲ
667 2665 712 2744 εἰς
727 2667 779 2731 οἶα
794 2665 926 2754 percli-
1010 2668 1202 2733 Eusus11.A
1218 2685 1286 2751 quo
1300 2668 1470 2752 profectus
1490 2673 1525 2733 et
1539 2685 1719 2752 quousque

174 2765 267 2834 λυθτν
291 2765 308 2832 ὁ
330 2769 416 2835 κατὰ
438 2768 519 2835 Θεὸν
541 2767 715 2854 προκόψας,
737 2768 925 2856 παρίστησιν
966 2771 1140 2836 transierit
1153 2773 1213 2854 qui
1228 2773 1446 2854 progreditur
1460 2775 1569 2837 Deum
1585 2791 1716 2854 versus,

174 2868 322 2956 ἀνωτέρω
345 2872 403 2958 μὲν
416 2870 531 2938 εἰπών·
552 2870 735 2959 Ἐκολλήθη
750 2883 795 2961 τῷ
815 2874 924 2961 ἐδάφει
966 2875 1123 2956 superius
1149 2877 1351 2957 enuntiavit,
1378 2877 1509 2942 dicens:
1542 2877 1717 2944 «Adhaesit

173 2973 196 3060 ἡ
222 2973 311 3062 ψυχή
336 2996 406 3061 μου,
428 2977 484 3041 καὶ
505 2977 580 3060 ἅνω,
604 2977 647 3054 ὡς
668 2979 713 3064 μὴ
737 2977 782 3043 ὢν
803 2978 837 3045 ἐν
851 2977 923 3060 ἔξει·
966 2978 1160 3058 pavimento
1175 2981 1290 3044 enims
1304 2997 1421 3061 mes,»
1449 2985 1524 3046 tum
1546 2999 1650 3065 supra
1660 2982 1719 3063 eit,

175 3077 311 3144 Βέὁαιόν
328 3101 376 3166 με,
389 3080 494 3167 φησίν.
507 3080 664 3147 Ἐνταῦθα
675 3081 727 3146 δέ·
742 3081 796 3168 Μή
813 3105 853 3170 μιν
866 3105 925 3150 κα-
967 3082 1226 3164 quasiuoudum
1239 3083 1555 3149 inhabitavirtutie
1569 3085 1718 3166 positus:
1768 3147 1774 3157 ,

175 3184 359 3270 ταιαχύνῃς,
376 3185 453 3270 ὅπερ
468 3185 535 3250 ἐστὶ
556 3195 612 3251 τοῦ
627 3183 831 3266 ἐκπίπτοντος
842 3190 924 3275 μετὰ
968 3185 1265 3251 σοο1111111111111ω.»
1283 3188 1347 3250 Hie
1361 3203 1441 3251 vero
1454 3188 1583 3269 inquit:
1611 3187 1705 3255 «Nol
1712 3188 1719 3202 ‘

175 3285 235 3372 τὴν
250 3287 284 3354 ὲν
298 3286 371 3374 Θεῷ
385 3287 562 3374 τροκοπψν.
965 3290 1233 3374 mccuscccdccc,
1249 3311 1267 3351 ν
1283 3291 1374 3371 quod
1389 3296 1520 3373 spectet
1541 3289 1584 3355 ad
1600 3290 1715 3356 leben·

966 3398 1036 3458 tem
1051 3401 1125 3476 post
1139 3394 1327 3476 proiectum
1343 3395 1379 3458 in
1395 3396 1474 3458 Deo.

215 3517 247 3564 ν.
266 3500 318 3563 33.
334 3495 558 3585 Νομοθίτρσόν
580 3519 630 3585 με,
652 3497 760 3584 Κύριε,
775 3500 835 3588 τὴν
848 3497 922 3567 ὁδὸν
1009 3515 1041 3562 v.
1057 3500 1109 3562 33.
1123 3501 1237 3581 Lepcm
1245 3516 1329 3580 ponc
1342 3499 1435 3580 milti,
1462 3498 1606 3578 Domine,
1624 3499 1713 3564 ciam

172 3609 235 3668 τῶν
251 3601 470 3690 δικαιωμάτων
486 3625 553 3688 σου,
568 3605 623 3668 καὶ
636 3601 807 3689 carneque>
823 3605 923 3691 αὐτὴν
957 3601 1233 3685 juetptcccioncm
1251 3607 1393 3684 iturum,
1411 3609 1443 3670 ct
1463 3603 1633 3686 ecquircm
1648 3620 1718 3669 cam

171 3703 354 3784 διαπαντός.
964 3723 1096 3788 ccmpcr.

215 3808 404 3896 Ὠριχένους,
427 3808 591 3876 sumtus.
615 3811 736 3897 Τὰμὲν
755 3811 921 3898 γὰρπαρὰ
1009 3813 1180 3892 osismus,
1203 3812 1352 3877 Eusuuu.
1378 3845 1418 3858 -
1438 3811 1516 3875 Alie
1537 3811 1675 3892 quidem
1694 3829 1717 3874 e

169 3923 226 3980 τοῦ
240 3913 324 3982 Θεοῦ
339 3915 429 3998 eluet,
445 3919 481 3982 τὸ
497 3915 531 3980 δὲ
551 3914 782 4003 ἐπαγγέλλεται
797 3915 831 3995 ἐξ
846 3913 928 3981 sau..
965 3916 1034 3978 Deo
1049 3917 1206 3996 postulet,
1221 3914 1281 3978 sed
1292 3914 1385 3978 eliud
1396 3932 1421 3978 ο
1435 3915 1546 3997 seipso
1561 3914 1713 3980 conferre

169 4029 225 4084 τοῦ
241 4018 461 4106 συνεισφέρειν.
478 4019 524 4086 Σὺ
541 4021 684 4106 μὲνγὰρ,
700 4019 919 4106 φησὶν,ὢΚ5·
963 4019 1140 4100 promittit
1171 4021 1222 4082 Tu
1248 4019 1350 4100 euim,
1373 4019 1432 4098 sit,
1455 4036 1472 4082 α
1494 4019 1640 4100 Domine,
1671 4020 1715 4084 lc·

168 4143 225 4207 ριτ,
239 4121 452 4210 νομοθέτρσόν
465 4144 504 4210 με
518 4125 577 4210 τὴν
589 4123 661 4189 ὁδὸν
675 4132 736 4190 τῶν
748 4124 919 4210 δικαιωμά-
959 4139 1032 4205 pem
1039 4139 1123 4203 poue
1144 4121 1229 4187 mccc
1244 4122 1332 4188 tium
1346 4109 1622 4204 justificationum
1643 4127 1715 4188 tecc-

169 4246 233 4291 των
247 4248 324 4292 σου·
346 4228 409 4314 ἐγὼ
425 4227 461 4292 δὲ
474 4227 527 4293 τὸν
542 4237 600 4312 τῆς
614 4227 700 4312 ζωῆς
717 4249 776 4314 μου
791 4230 919 4295 ἅπαντα
961 4243 1046 4290 rum.
1061 4227 1128 4309 Epo
1143 4230 1258 4290 autem
1273 4243 1373 4290 omne
1387 4230 1521 4312 tempus
1537 4227 1616 4290 vites
1631 4245 1715 4290 meae

166 4329 283 4416 χρόνον
297 4331 441 4396 ἐπιδώσω
457 4332 490 4398 ἐν
506 4331 590 4417 αὐτῷ
600 4332 645 4410 εἰς
657 4330 852 4417 ἀναζήτησιν
864 4332 918 4397 eit
962 4346 1001 4394 eo
1026 4329 1174 4411 tendam,
1188 4335 1227 4394 ut
1251 4331 1421 4413 ecquircm
1442 4346 1521 4394 σανα.
1544 4332 1608 4393 Pro
1632 4328 1714 4394 hoc:

167 4443 235 4522 τῆς.
253 4433 340 4502 ’Auel
363 4435 398 4500 δὲ
413 4445 487 4502 τοῦ·
509 4434 733 4523 Νομοθέτησόν
757 4457 805 4522 με,
826 4435 843 4500 ὁ
860 4437 917 4523 μὲν
961 4435 1061 4517 ἱσρανιι
1068 4451 1153 4517 ponc
1166 4433 1259 4514 milti,
1278 4434 1457 4498 ediderunt
1476 4435 1600 4514 Aquila
1610 4457 1617 4497 :
1629 4433 1714 4498 mu

34 4525 38 4534 ¹
166 4537 326 4619 Ἀκύλας·
349 4539 495 4608 pemeus
512 4563 560 4628 με,
577 4539 685 4626 Κύριε,
701 4539 720 4605 ὁ
738 4540 774 4605 δὲ
788 4540 916 4628 Σύμμα-
960 4540 1051 4604 minc
1061 4555 1120 4620 ccc,
1136 4539 1280 4620 Domine,
1300 4543 1335 4603 et
1350 4539 1591 4622 Symmachus:
1608 4539 1715 4604 Osten-

196 4837 224 4879 v.
241 4822 286 4877 25.
304 4820 399 4880 vetis
418 4821 460 4877 14.
479 4818 526 4877 cf.
543 4818 593 4875 Ps.
612 4836 678 4890 xxi,
701 4821 744 4876 16.
765 4835 850 4892 xuni,
868 4821 914 4876 25.
993 4834 1022 4874 ν.
1035 4815 1079 4872 31.
1091 4813 1187 4873 Vetic.
1201 4815 1243 4871 16.
1253 4811 1314 4869 Ιιιο.
1327 4815 1382 4869 ἀπὸ
1394 4810 1480 4868 eota?
1493 4811 1531 4869 ci.
1545 4831 1573 4873 ν.
1584 4813 1629 4870 25.
1642 4809 1715 4870 Ηωο

163 4905 249 4964 Rom.
263 4921 315 4979 ru,
323 4907 367 4979 24,
377 4906 455 4964 Phil.
468 4907 493 4978 1,
505 4907 549 4962 21.
563 4906 635 4974 Qure
647 4906 696 4962 hic
709 4906 799 4963 etiem
810 4907 914 4979 Orige-
958 4921 1030 4962 vero
1042 4902 1075 4959 in
1085 4899 1186 4958 codice
1198 4901 1301 4957 stetim
1313 4905 1382 4974 post
1400 4899 1480 4957 editu
1491 4900 1524 4957 in
1535 4899 1614 4956 hunc
1626 4918 1655 4959 ν.
1669 4917 1714 4959 se·

161 4992 193 5049 ni
204 4993 383 5064 tribuuntur,
401 5011 438 5049 ee
454 4991 640 5048 deosculatus
657 4991 765 5048 fuisset
782 4991 810 5048 b.
827 5011 914 5050 mem.
959 4995 1096 5064 quuntur.
1111 4986 1252 5056 Quaedam
1264 4985 1356 5042 hebet
1368 4985 1463 5043 Vetic.
1477 4986 1502 5042 5.

159 5081 195 5136 cl.
212 5079 395 5151 Vincentius,
414 5079 465 5153 qui
483 5077 603 5137 sudavit
621 5083 652 5136 et
669 5078 748 5150 elsit,
761 5084 797 5136 ut
808 5079 912 5154 Orige-
993 5093 1022 5134 ν.
1035 5075 1078 5131 33.
1092 5073 1187 5130 Vetic.
1208 5075 1251 5130 16.
1270 5072 1315 5130 cf.
1333 5071 1426 5132 Field.
1439 5088 1463 5130 ιι
1480 5072 1501 5129 1.
1514 5071 1712 5147 litorumque

159 5167 207 5225 uis
220 5167 397 5226 seutentiam
414 5165 450 5224 de
461 5164 677 5224 resurreetione
694 5164 864 5224 elucidaret
958 5160 1211 5236 Cantabrigiensie
1223 5161 1412 5220 confirmetur
1425 5166 1456 5219 et
1467 5163 1602 5235 augetur.
