4020 6098
303 429 369 494 202
970 429 1181 498 ORIGENES

302 570 395 654 ὕδωρ,
411 564 546 653 sapesso
567 564 638 654 ἤθει
659 564 828 653 ἀδρινιιιῦς
846 566 941 633 είπὼν
962 569 998 633 τὸ
1014 569 1050 634 δ-
1093 571 1152 635 siit
1166 569 1209 634 ad
1231 587 1356 654 aequor,
1372 583 1534 656 moreque
1559 574 1788 640 Hebraeorum
1812 595 1847 640 a·

305 672 429 755 δυσσος,
443 671 492 736 διδ
506 668 651 756 ἐπήγαγε
665 674 700 736 τδ
716 673 822 737 αὐτοῦ.
838 670 903 737 Καί
916 673 978 757 γὰρ
993 671 1048 738 Ἀ·
1093 675 1233 758 byssum
1247 677 1334 740 dixit
1345 679 1534 742 masculino
1555 695 1692 760 genere,
1704 680 1847 762 ideoque

306 778 406 855 ιιῦλας
420 778 475 842 καί
496 775 685 843 Θεοδοτίων·
699 773 860 842 Ἀδοσσον
875 773 948 840 ὡσεί
964 777 1049 842 ἔνδο-
1094 780 1229 843 induxit
1244 783 1401 844 voculam
1415 781 1492 862 ejice
1509 781 1642 866 (αὐτοῦ).
1659 785 1793 848 Etenim
1804 788 1847 849 A·

303 903 349 970 μσι
363 879 545 966 περιέδοιλες
567 881 676 966 αὐτὴν,
699 871 770 966 ἦτοι
792 889 831 964 τῇ
854 880 935 966 ὑγρᾷ
957 879 1049 968 οὐσίᾳ
1094 883 1187 965 quila
1202 888 1236 946 et
1257 883 1480 948 Theodotiou:
1505 885 1665 968 abyssum
1685 888 1771 954 sicut
1791 907 1843 954 oc-

305 989 365 1073 τὴν
379 995 440 1072 γῆν
460 983 641 1071 περιέσχες·
661 982 858 1072 πανταχόθεν
880 987 942 1070 γὰρ
957 985 1049 1052 ῦδασι
1091 987 1279 1051 seiunctum
1292 989 1443 1054 amisisti
1462 1004 1551 1053 com:
1577 991 1612 1054 id
1633 996 1685 1056 est
1707 993 1847 1056 humido

301 1089 493 1177 περιέχεται.
510 1089 578 1175 Τὴν
591 1089 654 1174 γὰρ
676 1089 775 1174 ippum
790 1088 897 1155 οὐσίαν
912 1087 1048 1157 διδυσσον
1093 1091 1260 1155 elemento
1291 1093 1417 1156 terram
1440 1095 1712 1177 circumdedisti3
1742 1099 1847 1161 unde-

303 1194 448 1279 ἐιιάλεσε,
464 1195 533 1278 ἥτις
547 1192 634 1276 πάσῃ
657 1202 696 1277 τῇ
711 1202 753 1278 γῇ
770 1191 811 1270 ὡς
826 1193 948 1279 ἱμάτιον
962 1215 1048 1279 περι·
1093 1213 1240 1277 cumque
1252 1197 1343 1259 enim
1356 1197 1448 1260 unda
1459 1199 1627 1278 cingitur.
1639 1202 1724 1264 Nam
1736 1201 1847 1266 humi·

303 1298 447 1386 κέχυται.
470 1295 545 1364 Οῑον
566 1297 621 1361 aui
635 1299 693 1382 τὴν
716 1295 861 1381 διδοσσσν,
877 1300 981 1384 φησίν,
998 1302 1048 1365 οῦ
1092 1298 1169 1363 dam
1185 1299 1412 1364 substantiam
1435 1302 1597 1385 abyssum
1619 1304 1841 1385 nuncupavit,

305 1425 367 1480 τως
382 1399 522 1487 συνέχεις
535 1400 591 1465 ιιαί
605 1398 813 1486 περιδάλλεις,
828 1400 870 1480 ὡς
885 1403 914 1468 εί
934 1425 980 1482 τις
994 1425 1049 1469 τε-
1092 1420 1169 1484 quae
1192 1404 1387 1468 universam
1410 1409 1551 1484 terram,
1578 1407 1670 1471 sicut
1691 1409 1845 1489 pallium,

304 1504 452 1595 μιδολαίιμ
475 1506 528 1570 καί
549 1504 661 1591 ίματίῳ
682 1504 845 1589 περιδάλσι
866 1531 897 1574 τι
917 1520 1049 1597 πρᾶγμα
1093 1505 1310 1571 circumfluit.
1339 1507 1514 1589 Videlicet,
1548 1511 1651 1572 etiam
1674 1511 1846 1594 abyssum,

287 1612 361 1678 Ιτιοιί
383 1609 510 1696 συνέχοι
531 1611 607 1674 αὐτὸ
621 1609 655 1677 ἐν
668 1619 713 1697 τῷ
736 1609 834 1696 μέσῳ·
856 1611 908 1676 διδι
929 1614 1047 1700 ταύτην
1093 1611 1215 1692 inquit,
1233 1613 1281 1676 ita
1295 1614 1448 1678 contines
1465 1619 1500 1677 et
1516 1616 1740 1697 amplecteris,
1755 1635 1795 1680 ac
1813 1619 1844 1680 si

302 1719 358 1783 οῦν
372 1718 430 1801 τὴν
445 1711 547 1780 αἰτίαν
561 1713 604 1791 ὡς
619 1713 814 1800 συνεχομένη
831 1717 888 1801 μὲν
902 1716 1045 1803 ὑψοῦται,
1095 1717 1171 1797 quis
1187 1717 1428 1798 paludamento
1440 1723 1502 1782 aut
1512 1723 1713 1797 tegumento
1727 1737 1799 1786 rem
1810 1739 1845 1783 a·

302 1820 487 1905 διπλωθῆναι
501 1818 536 1883 δὲ
551 1817 633 1903 πέρα
646 1827 708 1884 τῶν
723 1818 846 1886 οίιιείαιν
857 1822 936 1907 δρων
947 1823 984 1886 οῦ
995 1822 1046 1888 δῦ-
1092 1821 1222 1900 liquam
1245 1826 1443 1901 contegeret
1459 1826 1493 1885 et
1512 1823 1666 1904 ambiret,
1682 1824 1784 1905 idque
1806 1825 1844 1887 in

300 1946 402 1992 ναται.
425 1922 497 1988 ἀλλ’
507 1923 583 1990 δταν
604 1921 725 2008 ὑψωθῆ,
742 1924 848 2009 ὥσπερ
870 1925 1047 2013 ἐπιτίμησιν
1094 1924 1205 1988 medio
1227 1927 1317 1989 sinu.
1341 1927 1425 1990 Eam
1448 1928 1559 2006 igitur
1581 1928 1623 1992 ob
1644 1946 1727 2008 rem,
1744 1929 1843 2011 quasi

298 2025 465 2116 δεχομίνιμ,
480 2027 580 2113 δειλιᾷ
601 2028 656 2092 καί
678 2026 901 2093 συστέλλεται·
924 2028 1047 2116 μήποτε
1092 2032 1261 2092 coarctata
1276 2031 1430 2095 elevatur
1442 2031 1590 2115 quidem,
1602 2032 1661 2095 sed
1672 2036 1845 2110 transgre-

303 2134 339 2198 δὲ
353 2133 435 2197 οίδεν
449 2133 549 2218 αὐτὴν
570 2129 720 2216 ἀκίνητον
735 2135 789 2197 καί
803 2133 837 2200 ἐν
852 2141 895 2220 τῷ
918 2133 1047 2222 κέντρῳ.
1093 2131 1128 2194 di
1152 2133 1243 2196 ultra
1258 2135 1411 2214 proprios
1423 2133 1509 2197 fines
1526 2149 1593 2198 non
1615 2136 1723 2215 valet3
1739 2152 1845 2216 quan-

304 2238 409 2306 Τοῦτο
424 2239 478 2303 καί
493 2236 522 2301 σί
536 2235 609 2322 ἑξῆς
623 2234 726 2323 στίχοι
739 2237 897 2323 δηλοῦσιν.
1076 2319 1078 2324 Ι
1094 2235 1137 2298 (10
1152 2240 1267 2299 autem
1283 2238 1318 2300 in
1333 2239 1479 2303 sublime
1494 2242 1621 2318 turget,
1636 2245 1771 2320 recepta
1785 2257 1843 2302 ve-

1093 2340 1160 2403 luti
1183 2341 1422 2422 increpatione,
1438 2344 1678 2423 contremiscit,
1696 2347 1730 2407 et
1750 2360 1842 2407 coer·

1092 2448 1198 2523 cetur,
1225 2461 1288 2506 nec
1314 2448 1430 2509 tamen
1457 2463 1595 2510 cernere
1622 2450 1674 2510 est
1698 2448 1844 2529 pelagus

1091 2545 1271 2610 immotum
1285 2550 1361 2611 etin
1374 2553 1491 2612 centro
1504 2551 1693 2630 quiescens.
1703 2548 1741 2614 Id
1753 2550 1843 2634 quod

497 2661 510 2675 “
1090 2656 1272 2732 sequentes
1286 2670 1405 2717 versus
1420 2653 1632 2734 depromunt.

342 2765 374 2811 ν.
392 2745 421 2826 i,
438 2745 469 2809 8.
484 2742 558 2810 Ἐπί
578 2751 640 2812 τῶν
659 2743 757 2831 δρέων
779 2743 950 2832 στήσονται
973 2747 1047 2813 ῦδα-
1135 2772 1168 2817 ν.
1184 2736 1258 2834 7,'8.
1274 2755 1380 2836 Super
1388 2762 1510 2823 montes
1524 2757 1659 2822 stabunt
1670 2775 1782 2841 cqtcce,
1801 2757 1842 2823 ab

296 2870 347 2935 τοι,
376 2849 440 2916 ἀπὸ
461 2847 668 2936 ἐπιτιμήσεώς
697 2871 755 2915 σου
781 2851 956 2937 φεύξονται,
981 2853 1045 2918 ἀπὸ
1090 2857 1307 2939 οἰνονοροίίοινε
1329 2864 1387 2925 tuo
1400 2859 1547 2944 sapient,
1567 2877 1681 2927 οόοοα
1701 2862 1844 2928 tonitrui
1983 2821 1984 2824 Ἴ

294 2964 401 3040 φωνῆς
414 2953 545 3040 βροντῆς
557 2974 613 3018 σου
624 2953 829 3022 δειλιίισωσιν.
841 2953 1045 3024 ’Arctatus
1090 2964 1387 3046 tuiformziicbttrtt5
1402 2967 1579 3033 astatadstat
1599 2973 1730 3048 montes,
1748 2973 1781 3033 et
1793 2968 1847 3032 dc·

296 3080 345 3124 σιν
360 3060 418 3143 δρη
434 3060 489 3123 καί
504 3055 746 3124 καταδαίνουσιν
756 3057 849 3126 πεδία
863 3060 907 3140 είς
922 3063 977 3130 τὸν
991 3062 1043 3129 τό·
1089 3065 1250 3134 romunt
1264 3071 1379 3152 campi,
1405 3072 1443 3136 οἰι
1457 3072 1562 3139 torum
1582 3090 1676 3156 quem
1687 3073 1849 3157 sttudcsti

299 3183 369 3245 πον,
384 3163 420 3227 δν
434 3159 643 3247 ἐθεμελίωσας
658 3163 753 3249 αὐτῷ.
1091 3173 1133 3239 ιε’.
1288 3242 1290 3251 ,
1737 3174 1742 3183 “

341 3262 471 3350 Ὗδσιτα,
487 3264 556 3331 ἀντί
569 3275 640 3330 τοῦ·
656 3265 818 3353 ὑψοῦμενα
833 3267 899 3354 μὲν,
916 3269 974 3355 δρη
996 3293 1043 3358 μι-
1133 3274 1412 3358 chc,'videlicet
1433 3285 1604 3344 tumentes
1611 3279 1745 3362 fluctus,
1753 3299 1847 3346 mon·

298 3381 437 3458 μοῦντοιι,
452 3372 506 3434 aci
522 3368 563 3448 ὡς
575 3370 646 3455 δρας
662 3373 806 3457 ἕστηκεν.
822 3370 887 3438 Καὶ
898 3376 928 3439 τί
942 3378 978 3440 τδ
991 3397 1043 3462 με·
1089 3385 1140 3445 tes
1156 3382 1345 3462 imitantur,
1373 3387 1407 3446 et
1430 3385 1519 3447 sicut
1534 3402 1630 3448 mons
1647 3387 1846 3450 consistunt.

297 3478 463 3560 τδιταῦτα;
479 3475 748 3561 ἐπιτιμᾰςαύτσίς,
761 3475 892 3562 βροντὰς
905 3478 1042 3565 ἐπάγων,
1090 3484 1177 3560 Quid
1198 3487 1320 3566 porro?
1343 3469 1502 3568 increpas
1532 3489 1595 3569 eis,
1622 3488 1774 3553 tonitrua
1797 3491 1848 3554 vi·

297 3583 352 3646 ιιαί
374 3579 489 3665 τρόπον
509 3601 579 3646 τινα
600 3579 763 3647 διιλιῦντα
777 3582 821 3660 είς
842 3584 901 3668 τὴν
923 3583 1042 3650 οίκείαν
1089 3583 1203 3670 brans,
1216 3595 1250 3653 et
1266 3607 1358 3655 more
1377 3591 1524 3673 quodam
1547 3591 1752 3673 tremefiunt,
1770 3610 1848 3658 cou-

300 3683 387 3763 τάξιν
408 3682 670 3780 ἀποκαθίσταται.
692 3684 841 3770 ’Υψοῦται
856 3687 989 3774 μὲνγὰρ
1004 3691 1045 3756 τδι
1091 3700 1295 3777 suetumque
1318 3696 1354 3760 iu
1378 3696 1531 3760 ordinem
1557 3697 1846 3776 redintegrantur.

295 3787 424 3873 κύματα
438 3785 561 3873 iscipu.
573 3785 681 3853 Λείπει
695 3790 759 3874 γὰρ
774 3793 809 3856 τδ
821 3789 872 3874 ὡς,
890 3791 972 3877 δν’τ)’
988 3793 1043 3874 Ἃ,-
1089 3799 1277 3862 Elevantur
1309 3801 1400 3864 enim
1427 3797 1561 3880 fluctus,
1585 3800 1683 3881 quasi
1704 3804 1847 3882 montes,

295 3889 492 3958 ναδαίνουσιν
507 3891 548 3970 ὡς
564 3894 622 3978 δμη
639 3895 679 3958 τὰ
701 3895 802 3960 ῦδατσ
816 3895 877 3961 ὑπὸ
892 3906 955 3964 τῦν
974 3896 1043 3964 ἀνί·
1093 3903 1153 3966 ubi
1169 3902 1381 3968 desideratur
1403 3903 1571 3984 particula
1590 3903 1698 3986 quari,
1718 3909 1758 3968 ut
1771 3923 1847 3968 sen·

297 4017 363 4083 μων
377 3995 618 4082 ἐξοιδαινόμενα.
634 3996 681 4063 Οὐ
701 3999 763 4084 μὴν
777 4001 832 4064 καί
849 4000 1044 4086 διαμένουσιν
1089 4007 1197 4076 tentia
1221 4007 1286 4071 sit:
1312 4006 1487 4073 αειονιιίιινιί
1507 4005 1642 4092 [veluti]
1661 4013 1783 4074 numa
1804 4027 1840 4072 a·

295 4101 404 4182 οδτως,
417 4099 502 4164 ἀλλὰ
515 4101 795 4186 ιιαταστοροῦμενα
805 4103 900 4169 πάλιν
915 4103 1042 4188 πεδίοις,
1091 4129 1178 4192 quae,
1202 4115 1381 4176 ventorum
1405 4112 1545 4176 turbine
1569 4113 1844 4176 intumescentes.

295 4205 446 4292 δμαλίσιν
476 4205 709 4292 ἀφομοιοῦντα,
735 4209 789 4272 καί
820 4219 930 4294 ταῦτα,
954 4213 1042 4296 φησί,
1090 4215 1217 4277 Verum
1232 4231 1300 4278 non
1324 4216 1372 4278 ita
1387 4219 1600 4296 permanent,
1623 4215 1683 4280 sed
1698 4220 1845 4280 conster-

294 4307 414 4397 γίνεται
429 4312 463 4376 ἐν
478 4320 521 4396 τῷ
536 4309 621 4394 τόπῳ
636 4311 669 4376 ἐν
684 4312 710 4397 ᾧ
725 4313 784 4397 τὴν
799 4311 970 4378 θάλασσαν
988 4325 1042 4378 πε-
1088 4317 1209 4382 nendee
1231 4319 1366 4400 iterum,
1391 4321 1537 4401 aequatis
1560 4319 1690 4401 campis
1712 4321 1844 4385 assimi-

298 4413 769 4503 μιγεγράφθοιιπροσέταξας.-
782 4413 1044 4501 Στήσσνταιῦδα-
1088 4422 1215 4503 lentur,
1239 4421 1340 4502 idque
1362 4421 1411 4504 tit,
1439 4423 1497 4504 ait,
1528 4424 1564 4486 in
1593 4424 1667 4488 loco
1691 4424 1749 4488 illo
1775 4443 1842 4508 quo

327 4845 356 4888 v.
369 4829 394 4902 t,
406 4829 432 4886 8.
445 4829 514 4889 Vct.
525 4831 552 4886 4.
567 4829 656 4888 Hand
673 4831 746 4889 trita
763 4835 810 4890 est
824 4830 992 4906 explanatio
1005 4848 1044 4890 ex
1087 4832 1232 4892 montium
1248 4831 1389 4893 sublimes
1406 4835 1583 4908 insurgunt,
1601 4841 1633 4893 et
1654 4834 1740 4908 quasi
1755 4834 1841 4892 ruini-

292 4916 466 4990 metaphora
481 4911 625 4974 fluctuum
641 4925 673 4976 et
689 4919 843 4990 montium,
860 4919 951 4992 digna
968 4935 1044 4992 quae
1088 4927 1191 4977 tantur
1207 4921 1394 4994 submergere
1409 4928 1527 4993 terram,
1546 4921 1599 4978 sed
1616 4927 1691 4978 nutu
1709 4927 1741 4979 et
1758 4926 1839 4996 potc-

294 5019 364 5059 sune
374 5003 479 5060 horum
488 5004 700 5064 versiculorum
710 5005 747 5062 ab
757 5005 890 5078 exegetis
899 5006 1044 5080 expenda-
1089 5012 1167 5064 stata
1184 5013 1245 5080 tue,
1264 5025 1330 5081 ques
1350 5027 1404 5083 per
1421 5008 1535 5065 tonitru
1553 5008 1745 5081 sigrnficatur,
1763 5025 1841 5066 rece·

294 5095 352 5145 tur.
366 5087 481 5145 Similis
493 5090 1045 5166 quaedamincompendiotreusiercnt
1088 5093 1197 5166 dunt„
1220 5095 1357 5158 Breviter
1378 5093 1580 5155 Theodoretus
1602 5095 1635 5155 iu
1654 5093 1758 5155 eadem
1774 5112 1841 5154 con·

294 5173 327 5230 iu
340 5173 492 5246 vulgatum
503 5176 707 5236 Athanasium:
721 5177 847 5252 “Abyssi
856 5195 939 5253 aquae
950 5179 1044 5238 instar
1090 5180 1190 5238 scutit.
