4008 6094
817 443 860 504 IN
883 441 1069 506 PSALMOS

767 677 936 776 num
961 696 1123 776 nvrrr.
1258 703 1261 712 ·

221 958 253 1003 v.
267 939 296 1003 4.
309 932 381 1004 Ὅτι
396 939 462 1006 ἰδού
478 937 720 1028 έθήρτυσαντὴν
736 939 843 1029 ψυχήν
856 963 925 1028 μου.
1015 963 1046 1008 v.
1073 946 1104 1008 4.
1134 945 1216 1023 ρινάι
1241 962 1308 1011 eece
1332 945 1442 1012 venuti
1466 949 1545 1012 sunt
1569 945 1712 1017 animm

187 1045 254 1110 Vnt.
272 1044 346 1127 659,
363 1046 395 1110 2.
442 1069 444 1074 ·
971 1065 1086 1113 meam.
1720 1047 1722 1052 ’

221 1146 397 1232 Θηρεύουσι
419 1151 476 1234 τὴν
499 1150 606 1237 ψυχὴν
629 1151 680 1216 διά
695 1160 756 1216 των
779 1159 926 1235 πονηρῶν
1016 1153 1349 1217 Venanturanimam
1362 1154 1720 1234 perpravastentatio-

177 1251 344 1336 λογισμῶν,
360 1252 436 1319 όταν
452 1253 531 1339 αὐτῇ
547 1253 634 1319 καλά
656 1253 870 1342 ὑποβάλλουσι
885 1256 926 1319 τά
969 1271 1040 1333 nes,
1057 1255 1193 1336 quando
1210 1257 1261 1320 illi
1278 1259 1316 1320 ut
1338 1257 1427 1320 bona
1441 1253 1629 1336 subjiciunt
1645 1273 1720 1337 quae

178 1355 222 1440 μὴ
238 1355 314 1450 ὄντα
328 1355 423 1439 κοιλόι,
440 1356 544 1441 ὥσπερ
559 1358 634 1423 ότοιν
649 1357 763 1444 δέλεαρ
784 1367 828 1446 τῷ
843 1358 923 1446 χαλ-
969 1357 1057 1422 bona
1072 1374 1140 1421 non
1154 1363 1245 1440 sunt,
1269 1359 1554 1444 quemadmodum
1574 1361 1717 1441 piscato-

178 1466 225 1543 κῷ
243 1455 273 1521 οἱ
287 1456 384 1535 ἁλιεῖς
398 1457 629 1544 περιύάλλουσι.
967 1478 1021 1525 res
1037 1479 1148 1526 escam
1163 1462 1263 1526 hamo
1279 1463 1549 1544 circumponunt.

220 1581 252 1625 v,
271 1563 300 1626 7.
314 1560 573 1648 Ἐπιστρέψουσιν
589 1565 632 1643 εἰς
649 1563 794 1650 ἑσπέραν,
810 1567 865 1630 καὶ
880 1564 924 1630 λι·
1011 1583 1043 1628 ν.
1059 1567 1090 1629 ’7.
1106 1567 1333 1632 Convertuntur
1346 1565 1389 1631 nd
1402 1583 1576 1648 temerant,
1587 1565 1717 1649 samem

179 1661 332 1749 μύξουσιν
346 1663 387 1743 ὡς
402 1665 495 1748 κύων,
510 1668 565 1732 καὶ
580 1669 778 1734 κυκλύσουσι
792 1668 892 1734 πόλιν.
960 1669 1132 1750 parumn
1141 1671 1290 1751 αόοαιιτὲι,
1306 1676 1337 1736 et
1347 1669 1529 1735 cirninum
1539 1671 1711 1736 civitatem.

223 1765 400 1855 Λιμύξουσι
423 1771 488 1856 μέν,
505 1771 557 1837 διὰ
575 1775 611 1836 τό
635 1775 678 1860 μὴ
702 1772 849 1853 δέξασθαι
869 1775 924 1838 nt·
1011 1773 1122 1836 Judaei
1139 1773 1275 1855 quidem
1289 1772 1418 1855 sunum
1439 1773 1515 1836 ideo
1530 1775 1712 1854 potientur,

180 1873 251 1949 τοὺς
265 1873 319 1938 τόν
334 1874 428 1957 άρτον
443 1876 497 1939 τόν
516 1874 687 1954 ζωοποιόν·
709 1877 805 1955 κύνας
819 1877 855 1942 δέ
870 1879 924 1944 ab·
968 1874 1059 1955 quod
1073 1893 1195 1957 panem
1211 1874 1386 1940 vivificum
1409 1892 1476 1939 non
1500 1881 1712 1956 acceperunt3

179 1977 251 2052 τοὺς
266 1975 318 2040 διά
332 1979 367 2040 τό
380 1966 504 2056 άναιόές
515 1980 726 2067 κατονομάζει
737 1991 794 2069 τῆς
806 1983 921 2069 ψυχῆς.
967 1995 1062 2044 ennes
1076 1983 1192 2042 autem
1212 1983 1310 2044 vocat
1328 1971 1385 2043 eos
1410 1979 1453 2042 ob
1472 1979 1717 2061 impudentiam

180 2077 225 2144 Τό
240 2076 294 2143 δέ·
308 2078 525 2166 Κυκλύσουσι,
539 2085 586 2148 ότι
597 2083 783 2162 ἐκπεσόντες
794 2093 852 2168 τῆς
864 2105 924 2149 πα·
968 2083 1085 2147 animi.
1108 2083 1198 2147 Illud
1213 2101 1293 2147 vero
1316 2085 1381 2148 ait:
1405 2083 1586 2148 οἱνιιιίάαιιό
1605 2084 1718 2149 endor

179 2179 290 2266 τρίδος,
306 2182 410 2268 νόμοις
432 2207 467 2250 τι
482 2184 652 2272 βασιλικοῖς
675 2188 849 2275 εἰργόμενοι
871 2191 925 2254 ab
968 2189 1041 2264 tem,
1067 2186 1149 2267 quia
1170 2188 1281 2268 patria
1303 2185 1413 2267 ejecti,
1432 2190 1467 2250 et
1489 2187 1716 2268 imperatoriis

179 2291 237 2369 τῆς
252 2286 373 2371 ἔξωθεν,
388 2288 495 2374 κύκλῳ
516 2289 743 2378 περιέρχονται,
764 2293 851 2378 μόλις
868 2314 925 2379 μα-
970 2289 1112 2354 decretis
1134 2291 1295 2371 prohibiti
1321 2291 1363 2354 ah
1386 2289 1459 2370 ejus
1486 2309 1634 2370 accessu,
1657 2293 1716 2355 vix

179 2389 290 2475 κρόύεν
302 2390 399 2477 αὐτόν
411 2414 487 2459 ποτε
499 2393 657 2480 θεύμενοι.
670 2395 852 2483 Ἐναλλαγὴ
863 2399 927 2484 γάρ
971 2393 1271 2476 eamelonginqno
1279 2393 1541 2477 considerantes,
1550 2395 1718 2460 extrinse-

180 2496 372 2581 πραγμάτων
394 2496 531 2584 έγύνετο·
546 2499 575 2565 oi
597 2498 697 2566 πάλαι
718 2500 787 2584 υἱοὶ,
803 2502 855 2566 διά
869 2504 927 2587 τὴν
971 2516 1031 2562 cus
1042 2499 1264 2561 circumeunt
1281 2499 1423 2562 Mutatio
1435 2500 1526 2563 enim
1538 2517 1653 2564 rerum
1669 2499 1718 2563 ia·

180 2598 297 2665 οἰκείαν
313 2600 473 2685 πονηρίαν,
496 2611 558 2667 των
576 2612 677 2668 κυνιῖιν
696 2603 815 2690 ἔλαχον
830 2603 925 2689 τάξιν,
970 2605 1025 2665 cta
1053 2606 1120 2665 est:
1153 2603 1212 2683 qui
1236 2603 1317 2666 olim
1339 2601 1403 2669 filii
1425 2607 1532 2682 erant,
1555 2621 1616 2684 per
1644 2622 1719 2685 pro·

179 2703 221 2766 τά
235 2702 270 2766 δὲ
284 2701 358 2788 ἔθνη
374 2705 415 2768 τά
429 2704 528 2771 πάλαι
543 2707 632 2772 κυσὶν
644 2705 770 2772 ἐοικότα
785 2716 842 2794 τῆς
865 2717 927 2774 τῶν
970 2706 1080 2788 priam
1095 2706 1346 2787 improbitatem
1361 2725 1485 2770 canum
1498 2725 1654 2789 recepere
1670 2710 1717 2774 lo·

181 2805 256 2872 υἱιῐιν
271 2806 390 2894 ἠξιώθη
406 2817 507 2894 τιμῆς.
974 2828 1074 2890 oum,·
1089 2814 1210 2889 gentes
1225 2827 1306 2875 vero
1322 2811 1403 2874 olim
1419 2811 1561 2876 canibus
1581 2813 1722 2893 simileS,

224 2909 312 2988 Τίνες
328 2911 363 2976 δὲ
385 2897 622 2998 ἐπιστρέψουσιν
645 2913 689 2991 εἰς
711 2913 858 3000 ἑσπέραν,
874 2916 930 2980 καὶ
977 2914 1084 2978 nobili
1099 2913 1248 2978 filiorum
1263 2916 1441 2996 adoptione
1458 2915 1609 2995 dignatae
1631 2922 1722 2982 sunt.

182 3013 367 3101 λιμύξοιισιν
380 3013 422 3092 te
437 3016 817 3100 κύνες,καὶκυκλύσουσι
832 3018 932 3104 πόλιν,
980 3053 1018 3064 -
1036 3020 1181 3095 Quinum
1204 3037 1285 3084 vero
1307 3024 1530 3085 convertentur
1552 3021 1596 3086 ud
1615 3038 1722 3102 cespe-

180 3117 251 3183 ἀλλ’
262 3120 284 3204 ἢ
297 3117 335 3184 ἀν
355 3118 383 3183 οἱ
401 3121 512 3202 ἄνδρες
531 3130 592 3186 των
608 3121 749 3207 αἱμάτων
764 3124 819 3187 καὶ
838 3123 867 3188 ci
885 3123 934 3209 έρ-
978 3136 1059 3200 rum,
1074 3120 1239 3202 etsumem
1246 3124 1428 3202 potientur,
1442 3128 1594 3203 κάτοινοι,
1612 3129 1644 3189 et
1657 3126 1720 3192 eir-

183 3221 352 3309 γάζομενοι
375 3226 434 3309 τὴν
471 3224 618 3311 άνομίαν;
645 3226 697 3291 διά
714 3225 745 3291 τέ
765 3225 800 3290 δέ
826 3228 869 3305 εἰς
885 3225 935 3293 έσ-
978 3225 1110 3290 minut
1122 3225 1294 3305 ιιόἱίαόιιιι,
1309 3226 1376 3290 nisi
1391 3247 1408 3286 «
1420 3227 1487 3290 viri
1498 3231 1719 3310 sanguinum,

179 3323 288 3413 πέραν,
310 3326 418 3414 ἐπειδὴ
440 3328 490 3393 ἐπὶ
506 3328 668 3394 συντελείοι
693 3339 749 3395 τού
773 3332 884 3409 αἰῶνος
902 3332 933 3395 έ-
978 3330 1082 3411 etqui
1094 3334 1277 3411 operantur
1291 3331 1551 3412 iniquitatemtu
1567 3353 1629 3397 cur
1641 3352 1722 3398 vero

182 3431 279 3517 μιλλε
289 3442 389 3497 ταῦτα
400 3430 696 3518 piractus—’Arri
708 3433 742 3498 δέ
754 3444 819 3518 τοῦ,
837 3434 932 3520 λιμό-
976 3429 1312 3514 adveneruntque
1320 3434 1356 3497 in
1365 3437 1654 3500 consummatione
1666 3456 1725 3501 σω-

179 3531 265 3614 ξουσι
280 3534 322 3615 ὡς
345 3535 446 3620 κύνες,
464 3537 481 3601 ό
497 3537 554 3622 μὲν
568 3535 728 3615 Ἀκύλας·
748 3537 814 3604 Καὶ
829 3538 931 3625 όχλω-
974 3536 1044 3600 culi
1059 3554 1100 3599 ea
1114 3534 1231 3600 futura
1245 3541 1335 3608 sunt.
1355 3573 1393 3582 -
1411 3540 1454 3601 At
1469 3556 1530 3620 pro
1546 3538 1639 3603 hisce
1650 3539 1722 3621 :su-

180 3638 328 3705 σάτωσαν
351 3639 392 3718 ύς
415 3640 515 3723 κύων,
539 3642 557 3706 ὃ
587 3643 622 3706 δὲ
653 3641 842 3728 Σύμμαχος·
865 3642 931 3708 Καὶ
973 3657 1056 3704 ntem
1063 3640 1236 3721 potientur
1246 3644 1284 3706 nt
1294 3656 1397 3720 cume,
1414 3642 1628 3724 interpretati
1639 3647 1721 3706 sunt

180 3742 414 3830 συνηχήσουσιν
430 3744 471 3822 ὡς
482 3743 584 3826 κύνες,
600 3744 812 3832 ἡρμήνευσαν.
830 3745 929 3811 Kato
974 3745 1097 3826 Aquila
1113 3742 1267 3825 quidem:
1284 3745 1330 3808 nt
1340 3743 1538 3809 condolentes
1552 3748 1725 3810 conuentus

181 3847 373 3916 Θεοδοτίων·
394 3847 588 3935 Ἠχήσουσιν
603 3848 645 3928 ὡς
661 3850 754 3916 κύων.
773 3889 813 3899 -
829 3849 930 3917 Ἀντι-
972 3852 1081 3931 want,
1099 3851 1139 3912 nt
1151 3847 1256 3927 cunin
1267 3847 1489 3931 Symmachus
1501 3865 1596 3913 vero:
1612 3851 1659 3914 nt
1670 3867 1722 3914 oo-

227 4075 398 4138 Hunnrus.
414 4093 446 4137 ν.
463 4074 572 4138 7-14.
597 4073 685 4149 Quin
709 4075 811 4138 etiam
835 4093 928 4141 nnnc
973 4072 1059 4148 Quia
1080 4071 1117 4134 in
1139 4071 1233 4134 coelis
1256 4070 1413 4136 habitans
1429 4073 1520 4136 Deus
1535 4073 1723 4138 subsanna-

183 4163 341 4240 ingressu
363 4164 512 4226 civitatis
535 4161 703 4242 ejusdem,
728 4163 837 4226 edicto
867 4169 928 4229 Ro-
971 4161 1023 4224 bit
1038 4160 1199 4223 adversus
1214 4161 1322 4223 Deum
1339 4165 1373 4224 et
1388 4160 1561 4225 Christum
1578 4160 1652 4240 eJ'us
1672 4181 1722 4226 re·
1772 4239 1774 4244 Ι

183 4251 276 4314 mani
291 4251 394 4331 regis,
410 4252 616 4316 inhibentur.
637 4253 681 4313 Et
702 4269 780 4314 oum
796 4251 928 4317 deserta
972 4266 1033 4328 ges
1046 4267 1085 4312 ac
1097 4249 1265 4329 principes
1277 4253 1504 4328 congregatos
1514 4298 1521 4312 .
1532 4297 1538 4312 .
1550 4298 1556 4311 .
1570 4251 1721 4332 Dispersi

182 4343 377 4403 sanctorum
398 4345 525 4419 sancta,
548 4344 583 4404 et
603 4339 796 4421 prophetias
815 4343 926 4422 silere,
972 4337 1109 4419 quidem
1125 4338 1262 4400 interim
1277 4338 1406 4400 circum
1423 4354 1538 4402 omnes
1553 4337 1623 4402 iere
1639 4356 1722 4417 gen·

184 4432 218 4491 et
232 4429 455 4508 placationem
479 4428 596 4493 hostia
611 4428 735 4509 deesse,
759 4433 794 4492 et
815 4429 928 4508 digni·
972 4431 1075 4489 tes...
1088 4427 1313 4490 Destruentur
1329 4443 1420 4506 ergo,
1444 4443 1511 4489 non
1535 4427 1648 4507 occisi,
1663 4428 1723 4494 sed

183 4520 288 4580 tutem
322 4533 456 4581 omnem
491 4518 711 4582 deformatam
746 4519 927 4582 ministerii
972 4515 1125 4595 dispersi,
1136 4519 1169 4577 et
1178 4513 1395 4578 destruentur
1403 4517 1438 4578 in
1447 4515 1579 4579 delictis
1591 4516 1658 4579 oris
1671 4533 1725 4580 eo-

184 4606 311 4670 levitici
333 4607 569 4686 recordantur,
593 4607 746 4670 conversi
770 4623 871 4686 nunc,
895 4612 930 4670 et
973 4621 1049 4667 rum
1068 4607 1102 4666 et
1116 4619 1271 4666 sermone
1286 4603 1465 4683 labiorum,
1481 4621 1559 4666 cum
1576 4620 1618 4665 ex
1640 4603 1720 4668 Sion
1760 4609 1763 4614 '

183 4694 271 4758 fame
287 4695 381 4758 verbi
398 4696 459 4759 Dei
483 4701 517 4759 et
535 4695 602 4759 cibi
624 4694 783 4758 salutaris
806 4693 928 4774 affecti,
973 4691 1089 4755 veniet
1115 4691 1285 4770 liberator,
1314 4690 1355 4754 de
1383 4709 1449 4774 quo
1474 4692 1721 4757 clamavemnt:

183 4782 227 4846 ad
237 4785 396 4847 solatium
411 4786 629 4864 praesentium
641 4783 855 4846 miseriarum
867 4785 931 4847 cir·
977 4777 1194 4858 «crucifige,
1218 4779 1397 4858 crucifige.
1422 4779 1621 4862 (Joan.x1x,
1646 4777 1719 4862 6).»

184 4873 314 4936 cumire
328 4877 409 4936 sunt
431 4873 520 4936 soliti
533 4873 738 4937 civitatem]
756 4870 930 4952 impuden-
974 4869 1018 4931 Et
1044 4869 1102 4932 cui
1117 4868 1293 4931 dixerunt:
1313 4889 1330 4927 «
1344 4869 1425 4943 Quis
1440 4868 1503 4932 tihi
1519 4868 1612 4932 dedit
1634 4868 1722 4933 hanc

184 4962 267 5024 tiam
284 4977 400 5028 corum
415 4979 455 5026 ac
469 4961 598 5025 rabiem
618 4961 654 5023 in
677 4961 930 5040 nuncupatione
975 4960 1174 5038 potestatem
1192 4953 1281 5037 (Luc.
1298 4973 1359 5035 xx,
1375 4953 1406 5039 2)
1423 4960 1472 5022 et:
1499 4958 1568 5020 «In
1584 4974 1652 5037 qua
1665 4975 1722 5040 po·

184 5067 307 5114 canum
337 5067 498 5130 arguens,
528 5049 716 5114 seeundum
748 5048 833 5112 illud
869 5052 931 5113 etc.
976 5049 1097 5110 testate
1112 5043 1185 5108 haec
1199 5045 1275 5123 agis
1292 5043 1624 5129 (nattn.xx1,23).»

184 5140 236 5203 Ps.
253 5139 518 5219 xx1,22.d⁷ttn,
537 5138 683 5218 Domine,
702 5137 860 5204 uriam
870 5155 930 5204 eos.
