3966 6108
190 507 194 514 .
271 465 335 529 494
432 523 434 529 ,
497 539 500 546 ,
950 464 1160 531 onrennns

224 665 228 670 .
271 603 461 691 νικηθέντες,
473 611 550 692 πρὸς
562 604 619 692 μὸν
629 602 737 692 ὸλίγον
753 605 941 672 ἐπίστευσαν
955 615 1021 683 τοῖς
1065 607 1148 670 victi
1164 603 1295 668 modico
1307 607 1467 687 tempore,
1480 603 1684 672 crediderunt
1697 624 1818 673 aermo-

269 707 376 795 λόγοις
398 711 507 793 αὸτού,
531 708 706 789 διελθόντες
729 713 787 797 τήν
807 709 939 796 ἐρυθρὸν
961 709 1022 776 θόι-
1065 709 1162 774 πίθου
1188 709 1269 790 ejus,
1300 707 1382 772 dum
1405 725 1499 772 marc
1521 711 1715 791 transirent,
1739 729 1821 776 cum

269 811 403 897 λασσαν,
420 813 473 878 ότε
487 815 542 879 καί
564 816 681 900 ᾔνεσαν
696 817 755 900 τήν
778 815 894 880 αἴνεσιν
917 815 1017 879 αύτού
1068 816 1171 878 etiam
1206 811 1435 877 laudaverunt
1470 812 1605 876 laudem
1635 813 1709 894 eJus
1739 833 1823 878 cum

270 920 328 983 σὺν
343 926 386 1003 τῳ
409 917 529 1004 Mutua
552 921 607 985 καί
622 916 758 1003 Ἀαρὼν,
774 920 833 1004 τήν
854 916 940 1004 ᾠδὴν
960 921 1019 1004 τήν
1066 919 1184 1001 Moyse
1201 921 1236 980 et
1258 919 1379 996 Aaron,
1396 915 1432 979 in
1448 917 1580 980 cantico
1602 917 1726 981 Exodi:
1750 919 1822 983 cito

269 1019 306 1085 ἐν
327 1030 366 1106 τῇ
389 1020 517 1106 Ἐξόδῳ,
540 1021 722 1107 παραυτίκα
743 1023 798 1087 καί
816 1023 1017 1109 παρόχρημα
1066 1029 1100 1086 et
1115 1022 1208 1086 illico
1221 1020 1356 1101 mutati,
1363 1017 1585 1102 festinemini,
1596 1024 1629 1098 ct
1638 1020 1729 1087 obliti
1741 1027 1826 1087 suat

271 1122 551 1211 μεταύαλλόμενοι,
575 1124 732 1212 ἐτόιχυναν
746 1127 802 1191 καί
825 1126 1019 1193 ἐπελάθοντο
1066 1143 1197 1207 operum
1214 1125 1294 1207 ejus.

270 1237 333 1294 τῶν
348 1229 449 1314 ἐργυν
464 1229 572 1295 αὐτοῦ.
706 1279 708 1284 ,
1811 1293 1817 1304 ,

315 1352 347 1398 v.
366 1336 474 1400 13·15.
491 1332 561 1420 Οὐχ
575 1332 744 1421 ὑπέμειναν
756 1338 816 1422 τήν
830 1335 949 1424 βουλήν
964 1339 1018 1404 ct·
1108 1333 1260 1397 v.l3.l5.
1279 1331 1817 1398 Btcocstartioccrootcoasilima

271 1446 339 1522 τοῦ,
355 1439 410 1502 καί
432 1437 634 1524 ἐπεθύμησαν
656 1438 819 1525 ἐπιθυμίαν
841 1441 875 1507 ἐν
890 1451 929 1527 τῇ
949 1440 1021 1527 ἐρή-
1063 1438 1144 1519 ejice.
1159 1439 1206 1503 m
1226 1437 1453 1518 comptorum
1476 1435 1764 1516 compactarum
1779 1435 1819 1500 ia

271 1563 331 1629 μῳ,
355 1543 409 1606 καί
431 1539 601 1626 ἐπείρασαν
623 1545 677 1608 τὸν
711 1542 793 1609 Θεὸν
822 1544 857 1609 ἐν
887 1543 1019 1630 ἀνύδρῳ,
1063 1541 1196 1622 deserte,
1215 1545 1465 1621 attentatam
1479 1539 1633 1604 Ροκνκίκ
1648 1541 1815 1621 inaquoso,

267 1648 325 1711 καί
347 1646 465 1711 ἐὸιυκεν
488 1647 593 1724 αὐτοῖς
615 1650 651 1713 τὸ
679 1647 799 1734 αἴτημα
826 1648 939 1734 αὐτῶν,
962 1651 1018 1715 καί
1063 1651 1094 1712 et
1115 1645 1204 1711 dedit
1219 1646 1267 1711 eis
1282 1645 1472 1726 petitionem
1493 1645 1647 1726 ι’μευνανα,
1673 1648 1706 1709 et
1720 1645 1817 1710 misit

269 1747 473 1828 ἐξαπέστειλε
495 1748 683 1836 πλησμονήν
698 1750 743 1828 είς
762 1753 821 1838 τήν
836 1753 943 1839 ψυχὴν
965 1752 1021 1819 αύ-
1063 1749 1270 1815 sommam
1285 1750 1323 1814 ic
1336 1749 1467 1815 animas
1480 1765 1600 1814 eorum.

270 1861 342 1918 τῶν.
837 1881 840 1890 ·

313 1955 542 2042 Μνημονεύσας
565 1958 601 2022 δέ
623 1958 721 2026 όντιυν
743 1959 777 2026 ἐν
792 1957 943 2045 Αἰγύπτῳ
965 1962 1019 2025 καί
1108 1959 1291 2040 Postquam
1303 1957 1506 2020 memoravit
1520 1959 1815 2038 eaquaespectant

267 2069 330 2126 τῶν
350 2061 402 2125 ἐπί
417 2069 474 2148 ιης
488 2061 620 2147 ἐρυθρᾶς
641 2064 822 2149 θαλάσσης,
848 2064 904 2128 καὶ
926 2085 1020 2148 προσ·
1062 2062 1106 2127 ad
1120 2065 1307 2146 AEgyptum
1323 2066 1357 2124 et
1372 2078 1464 2124 mare
1475 2061 1628 2141 rubrum,
1641 2061 1743 2123 etiam
1756 2059 1815 2123 ad-

268 2164 411 2250 ὸοκήσας
425 2185 455 2231 τι
470 2165 564 2254 μέγα,
579 2169 632 2232 ὸτε
653 2168 687 2234 ἐν
702 2179 741 2255 τη
757 2169 865 2256 ἐρήμῳ
881 2167 1020 2235 ἐκλελοί-
1062 2166 1150 2231 didit
1164 2167 1247 2248 quid
1263 2182 1439 2245 magnum,
1464 2163 1599 2247 quando
1618 2154 1658 2228 ¹in
1681 2163 1815 2256 deserto

269 2289 321 2332 πει
341 2269 447 2348 αὐτοῖς
469 2269 490 2355 ή
514 2268 626 2355 τροφή.
650 2270 690 2338 Οί
712 2273 747 2338 δὲ
769 2276 828 2339 οὐκ
849 2274 1018 2361 ὑπέμειναν
1062 2271 1160 2336 cibus
1174 2272 1244 2336 iliis
1260 2269 1377 2334 defuit.
1406 2267 1449 2332 Hi
1464 2285 1545 2331 vero
1566 2285 1631 2332 αοιι
1650 2268 1815 2333 castinac-

267 2374 328 2459 τήν
351 2371 469 2459 βουλήν
490 2375 598 2456 αὐτοῦ,
621 2375 706 2442 ἀλλὰ
727 2377 964 2462 παραλαύὸνιες
987 2380 1018 2445 ἐ·
1061 2379 1142 2439 runt
1152 2373 1323 2440 cornilione
1333 2373 1415 2454 ejus,
1430 2371 1489 2436 sed
1501 2371 1544 2435 ab
1556 2387 1595 2434 eo
1607 2371 1814 2454 recedentes,

269 2475 423 2561 πείρασαν
438 2479 491 2544 τὸν
513 2477 604 2562 Θεὸν,
621 2478 715 2546 πόλιν
734 2481 1019 2568 καταλαλήσαντες
1063 2483 1266 2544 tentaverant
1277 2480 1391 2557 Deum,
1408 2479 1533 2540 iterum
1544 2475 1815 2540 contradicentes

268 2579 303 2646 ἐν
329 2591 369 2668 τή
395 2580 514 2669 ἐρήμῳ,
541 2584 594 2648 ὅτε
615 2585 816 2671 ἐπεθύμησαν
842 2587 1015 2673 ἐπιθυμίαν,
1061 2585 1099 2650 ic
1123 2584 1256 2663 deserte,
1282 2581 1407 2663 quando
1421 2581 1651 2662 omnipatrem
1672 2580 1818 2662 concapi-

269 2683 445 2770 φθθαντῑς·
461 2685 683 2773 Ἐμνήσθημεν
697 2697 759 2754 τῶν
771 2699 872 2775 κρεῶν
887 2691 942 2755 καί
958 2698 1019 2754 τῶν
1061 2690 1226 2768 καταίθεται,
1238 2687 1399 2750 dicentes:
1410 2685 1650 2750 «Meminimus
1659 2685 1816 2747 carnium

268 2787 488 2873 istrianorum
511 2785 787 2879 ἐνΑἰγύπτῳ.οὸ
810 2795 906 2881 μήνό
928 2793 1019 2876 Θεὸς,
1063 2797 1097 2857 et
1112 2793 1257 2856 ollarum
1280 2791 1465 2873 Aegypti.»
1487 2791 1614 2854 verum
1631 2789 1721 2851 Deus
1744 2803 1816 2850 non

269 2893 343 2958 οὸδέ
358 2895 409 2960 ἐπὶ
431 2895 531 2980 τούτῳ
546 2895 710 2981 ἀλλότριόν
732 2920 763 2963 τι
776 2909 832 2964 τοῦ
855 2896 971 2964 οἰκείου
988 2899 1018 2963 ἐ·
1063 2894 1188 2966 idcirco
1204 2894 1380 2974 quippiam
1396 2910 1416 2954 a
1432 2893 1567 2975 propria
1583 2890 1817 2955 misericordia

270 2995 361 3076 λέυυς
390 2997 619 3085 ἐύουλεύσατο,
650 3002 723 3068 ἀλλ’
744 3003 787 3082 ὡς
817 3003 935 3090 ἀγαθὸς
966 3005 1021 3068 καί
1062 3001 1213 3065 alienum
1229 2997 1405 3075 cogitavit,
1420 2995 1480 3060 sed
1502 2999 1679 3076 tamquam
1701 2995 1814 3058 bonus

270 3103 419 3184 χρηστὸς,
435 3102 554 3190 ἐδυκεγ
568 3104 674 3184 αὐτοῖς
690 3107 810 3193 αἴτημα
821 3107 934 3192 αὐτῶν,
946 3107 1019 3184 δούς
1063 3108 1097 3166 et
1126 3103 1310 3182 benignus,
1333 3099 1421 3165 dedit
1445 3100 1494 3166 eis
1516 3100 1709 3180 pretorem
1729 3100 1816 3182 ἱρου-

272 3205 379 3281 αύτοῖς
393 3208 451 3292 τήν
467 3208 715 3295 ὸρτυγομήτραν.
1061 3223 1146 3286 rum,
1167 3206 1318 3284 largiens
1331 3205 1401 3267 iliis
1416 3203 1636 3266 coturnicem.

314 3310 557 3376 ν.19-22.Καῑ
578 3311 732 3398 ἐποίησαν
748 3313 869 3401 μόσχον
891 3315 925 3381 ἐν
947 3315 1020 3382 xa
1107 3329 1139 3374 r.
1156 3311 1264 3374 19-22.
1294 3306 1511 3389 utsecooct
1530 3306 1671 3371 vitulam
1688 3306 1727 3371 ιά
1748 3309 1816 3372 Ho-

271 3411 342 3500 ρήβ,
358 3415 413 3479 καί
427 3415 668 3501 προσεκύνησαν
679 3426 723 3504 τῷ
733 3418 876 3504 γλυπτῳ·
893 3421 949 3484 καὶ
959 3420 1018 3507 ήλ-
1061 3414 1126 3495 reb,
1147 3421 1180 3481 et
1201 3412 1418 3478 amraoermt
1438 3410 1599 3492 rcttlptile,
1622 3414 1654 3475 et
1673 3415 1819 3476 mutaue-

271 3516 408 3598 λύξαντο
433 3520 493 3604 τήν
526 3519 619 3600 δόξαν
646 3521 749 3590 αὐτῶν
782 3523 815 3588 ἐν
846 3521 1020 3610 ὸμοιύματι
1061 3521 1143 3582 rum
1152 3517 1295 3600 plotium
1309 3531 1404 3580 ettam
1418 3515 1456 3578 in
1474 3514 1694 3580 similitudem
1714 3516 1818 3580 viteli

271 3623 393 3710 μόσχου
411 3622 567 3703 ἐσθίοντος
583 3627 708 3712 χόρτον.
728 3625 942 3692 Ἐπελάθοντο
964 3637 1019 3692 τοῦ
1061 3620 1249 3686 commotis
1262 3618 1391 3702 secum.
1419 3617 1519 3682 obliti
1539 3621 1618 3682 auct
1638 3621 1741 3682 Deum
1755 3620 1817 3701 qui

271 3727 365 3813 Θεοῦ,
381 3738 439 3793 τοῦ
451 3728 606 3808 σώζοντος
618 3730 743 3813 αύτούς,
754 3740 811 3796 τού
824 3729 1016 3815 ποιήσαντος
1061 3725 1203 3792 saluauit
1214 3741 1274 3802 cos,
1295 3721 1353 3805 qui
1360 3719 1450 3804 sctit
1463 3721 1630 3805 ιααρπαίία
1644 3723 1682 3786 ia
1692 3728 1818 3805 Aepyp-

270 3832 397 3920 μεγάλα
412 3833 445 3899 ἐν
460 3833 621 3918 Αἰγύπτῳ,
633 3832 807 3920 θαυμαστὰ
822 3834 856 3900 ἐν
870 3845 913 3922 γη
927 3834 1017 3922 Χάμ.
1064 3834 1105 3909 to,
1123 3827 1343 3893 mirabilium
1358 3831 1450 3892 terra
1469 3825 1577 3890 Otom.

313 3937 368 4023 Μή
392 3937 597 4024 ἀρκεσθέντες
618 3948 682 4016 τοῖς
708 3937 870 4024 προτέροις
893 3949 1015 4021 κακοῖς,
1105 3932 1205 3997 Haud
1234 3932 1384 3994 contenti
1415 3929 1585 4012 prioribus
1615 3929 1812 4010 sceleribus

268 4042 538 4129 ἐμοσχοποίησαν,
561 4043 667 4130 μησίν,
690 4043 724 4108 ἐν
750 4053 789 4130 τή
816 4041 934 4130 ἐρήμῳ,
960 4046 1016 4108 καὶ
1059 4035 1434 4119 citolcmsotricommt,
1454 4035 1577 4115 inquit,
1590 4035 1625 4096 in
1642 4051 1764 4114 eremo,
1780 4038 1814 4099 ct

268 4149 328 4234 τήν
343 4147 436 4226 δόξαν
453 4148 564 4232 αὐτῶν,
580 4149 650 4232 ήτις
664 4146 705 4233 ήν
721 4146 739 4210 ό
754 4145 844 4230 Θεὸς,
860 4146 1018 4233 ήλλὸξαν-
1057 4143 1199 4226 pluriam
1213 4143 1368 4222 ipsomet,
1396 4157 1472 4221 qnae
1488 4142 1561 4201 erat
1584 4139 1684 4218 Deus,
1707 4142 1813 4203 αιιιία·

268 4271 305 4316 το
320 4249 354 4316 ἐν
370 4249 543 4336 ὸμοιύματι
559 4250 696 4337 μόσχου·
721 4252 757 4314 τὸ
777 4248 947 4335 σεύάσμιον
963 4251 1018 4316 ούν
1059 4249 1177 4312 oemunt
1200 4247 1238 4308 iu
1263 4242 1482 4309 similitudine
1503 4242 1622 4308 αι’ίιιίίι
1649 4259 1813 4306 veneran-

268 4355 369 4442 ὸνομα
384 4353 560 4439 περιθέντες
582 4354 665 4434 ζύου
686 4349 803 4440 ἀλόγου
819 4353 925 4436 εἰκόνι,
948 4354 1019 4419 ἐπε·
1060 4351 1143 4415 dum
1166 4364 1249 4426 ergo
1264 4364 1387 4411 nomen
1403 4346 1643 4410 transferentes
1667 4346 1814 4426 imagini

267 4458 402 4526 λάθοντο
414 4458 496 4526 Θεοῦ
505 4468 561 4523 τοῦ
570 4457 726 4536 σώζοντος
739 4460 852 4537 αὐτοὺς
862 4461 918 4524 καὶ
928 4458 1019 4544 ποιή-
1060 4453 1188 4536 stupidi
1212 4451 1379 4532 animalis,
1402 4452 1506 4514 Deum
1529 4449 1621 4514 obliti
1640 4453 1729 4530 suat,
1755 4452 1815 4534 qui

268 4585 382 4643 σαντος
400 4563 525 4650 μεγάλα
539 4562 705 4650 θαυμάσια
720 4563 753 4629 ἐν
768 4573 810 4650 γη
826 4563 915 4648 Χόμ.
975 4621 980 4632 ,
1058 4557 1203 4625 sulcavit
1219 4571 1280 4634 cos,
1308 4554 1411 4635 etqui
1423 4552 1514 4635 fecit
1526 4568 1644 4636 παραυ
1658 4558 1814 4636 portenta

1059 4665 1097 4728 ic
1111 4666 1203 4728 ιιααυ
1221 4658 1328 4725 Oltam.

309 4791 342 4838 v.
359 4774 412 4838 23.
428 4770 494 4837 Καί
508 4771 578 4837 τίπε
592 4779 647 4836 τοῦ
660 4768 880 4856 ἐξολοθριύσαι
891 4771 1016 4852 αύτούς,
1036 4811 1041 4826 ·
1103 4785 1135 4830 v.
1151 4766 1205 4829 23.
1228 4764 1273 4828 Iit
1293 4761 1389 4842 dicit,
1415 4767 1454 4828 ut
1474 4761 1672 4844 disperderet
1693 4779 1755 4842 cos,
1781 4760 1815 4826 ri

299 5028 328 5068 ν.
346 5011 437 5068 13-15.
454 5009 530 5067 Ibid.
548 5009 634 5067 Num.
652 5027 696 5083 xr,
714 5011 740 5066 5.
760 5008 881 5081 Qaedarn
902 5009 935 5067 in
957 5009 1017 5067 flnc
1093 5021 1122 5060 v.
1136 4999 1229 5058 19-22.
1241 4997 1318 5054 Ῑὸὶᾶ.

263 5096 449 5242 ἕῳῳῳὲῳζιο
468 5096 625 5156 Oorderius
636 5095 782 5172 ascripsit,
802 5114 868 5171 qua
884 5096 1019 5171 neglexit
1095 5108 1122 5148 v.
1136 5088 1172 5145 23
1184 5085 1259 5145 Ibid.
1273 5083 1368 5143 Exod.
1382 5083 1540 5156 xxx11‚32·
