<?xml version="1.0" encoding="UTF-8"?>
<!DOCTYPE html PUBLIC "-//W3C//DTD XHTML 1.0 Transitional//EN"
    "http://www.w3.org/TR/xhtml1/DTD/xhtml1-transitional.dtd">
<html xmlns="http://www.w3.org/1999/xhtml" xml:lang="en" lang="en">
 <head>
  <title>
</title>
<meta http-equiv="Content-Type" content="text/html;charset=utf-8" />
  <meta name='ocr-system' content='tesseract 3.04.00' />
  <meta name='ocr-capabilities' content='ocr_page ocr_carea ocr_par ocr_line ocrx_word'/>
</head>
<body>
  <div class='ocr_page' id='page_1' title='image "./analectasacrasp00pitrgoog_0211.png"; bbox 0 0 4020 6098; ppageno 0'>
   <div class='ocr_carea' id='block_1_1' title="bbox 296 417 1180 481">
    <p class='ocr_par' dir='ltr' id='par_1_1' title="bbox 296 417 1180 481">
     <span class='ocr_line' id='line_1_1' title="bbox 296 417 1180 481; baseline 0 -1"><span class='ocrx_word' id='word_1_1' title='bbox 296 419 359 480; x_wconf 81' lang='lat'><strong>200</strong></span> <span class='ocrx_word' id='word_1_2' title='bbox 970 417 1180 481; x_wconf 82' lang='lat' dir='ltr'><strong>ORIGENES</strong></span> 
     </span>
    </p>
   </div>
   <div class='ocr_carea' id='block_1_2' title="bbox 294 551 1852 954">
    <p class='ocr_par' dir='ltr' id='par_1_2' title="bbox 294 551 1852 741">
     <span class='ocr_line' id='line_1_2' title="bbox 295 551 1852 641; baseline -0.001 -22"><span class='ocrx_word' id='word_1_3' title='bbox 295 553 427 640; x_wconf 78' lang='grc' dir='ltr'><strong>σφόδρα.</strong></span> <span class='ocrx_word' id='word_1_4' title='bbox 443 553 694 641; x_wconf 77' lang='grc' dir='ltr'><strong>Ἐξομολόγησιν</strong></span> <span class='ocrx_word' id='word_1_5' title='bbox 707 556 763 619; x_wconf 86' lang='grc' dir='ltr'><strong>καί</strong></span> <span class='ocrx_word' id='word_1_6' title='bbox 778 551 967 638; x_wconf 77' lang='grc' dir='ltr'><strong>εὐπρέπειαν</strong></span> <span class='ocrx_word' id='word_1_7' title='bbox 981 553 1047 619; x_wconf 87' lang='grc' dir='ltr'><strong>ἐνε-</strong></span> <span class='ocrx_word' id='word_1_8' title='bbox 1092 559 1147 620; x_wconf 76' lang='lat' dir='ltr'><strong>tua</strong></span> <span class='ocrx_word' id='word_1_9' title='bbox 1164 573 1199 620; x_wconf 80' lang='grc' dir='ltr'><strong>αν</strong></span> <span class='ocrx_word' id='word_1_10' title='bbox 1212 557 1431 635; x_wconf 64' lang='lat' dir='ltr'>commum</span> <span class='ocrx_word' id='word_1_11' title='bbox 1456 554 1689 638; x_wconf 64' lang='lat' dir='ltr'>suffossionem</span> <span class='ocrx_word' id='word_1_12' title='bbox 1710 558 1743 619; x_wconf 81' lang='lat' dir='ltr'><strong>et</strong></span> <span class='ocrx_word' id='word_1_13' title='bbox 1762 553 1852 619; x_wconf 79' lang='lat' dir='ltr'>deto-</span> 
     </span>
     <span class='ocr_line' id='line_1_3' title="bbox 294 658 1329 741; baseline -0.003 -16"><span class='ocrx_word' id='word_1_14' title='bbox 294 660 389 725; x_wconf 83' lang='grc' dir='ltr'>δύσω.</span> <span class='ocrx_word' id='word_1_15' title='bbox 415 664 482 728; x_wconf 81' lang='lat' dir='ltr'>Vot.</span> <span class='ocrx_word' id='word_1_16' title='bbox 501 662 575 741; x_wconf 88' lang='grc'><strong>690,</strong></span> <span class='ocrx_word' id='word_1_17' title='bbox 592 662 623 724; x_wconf 83' lang='grc'><strong>2.</strong></span> <span class='ocrx_word' id='word_1_18' title='bbox 1095 658 1329 724; x_wconf 68' lang='lat' dir='ltr'>semicincti.</span> 
     </span>
    </p>

    <p class='ocr_par' dir='ltr' id='par_1_3' title="bbox 295 760 1851 954">
     <span class='ocr_line' id='line_1_4' title="bbox 339 760 1851 850; baseline -0.003 -20"><span class='ocrx_word' id='word_1_19' title='bbox 339 764 395 830; x_wconf 89' lang='grc' dir='ltr'><strong>Ἐν</strong></span> <span class='ocrx_word' id='word_1_20' title='bbox 421 765 478 850; x_wconf 83' lang='grc' dir='ltr'><strong>μέν</strong></span> <span class='ocrx_word' id='word_1_21' title='bbox 501 773 566 841; x_wconf 87' lang='grc' dir='ltr'><strong>τοῖς</strong></span> <span class='ocrx_word' id='word_1_22' title='bbox 590 765 651 849; x_wconf 88' lang='grc' dir='ltr'><strong>πρό</strong></span> <span class='ocrx_word' id='word_1_23' title='bbox 686 761 798 829; x_wconf 81' lang='grc' dir='ltr'><strong>τούτου</strong></span> <span class='ocrx_word' id='word_1_24' title='bbox 830 761 966 848; x_wconf 77' lang='grc' dir='ltr'><strong>ψαλμοῖς</strong></span> <span class='ocrx_word' id='word_1_25' title='bbox 996 760 1048 826; x_wconf 83' lang='grc' dir='ltr'><strong>διὰ</strong></span> <span class='ocrx_word' id='word_1_26' title='bbox 1138 765 1178 825; x_wconf 92' lang='lat' dir='ltr'><strong>In</strong></span> <span class='ocrx_word' id='word_1_27' title='bbox 1197 763 1336 844; x_wconf 90' lang='lat' dir='ltr'>psalmis</span> <span class='ocrx_word' id='word_1_28' title='bbox 1351 765 1503 844; x_wconf 85' lang='lat' dir='ltr'>proxime</span> <span class='ocrx_word' id='word_1_29' title='bbox 1527 762 1758 846; x_wconf 90' lang='lat' dir='ltr'>superioribus</span> <span class='ocrx_word' id='word_1_30' title='bbox 1772 778 1851 844; x_wconf 94' lang='lat' dir='ltr'>pro-</span> 
     </span>
     <span class='ocr_line' id='line_1_5' title="bbox 295 866 1850 954; baseline -0.003 -22"><span class='ocrx_word' id='word_1_31' title='bbox 295 867 448 934; x_wconf 87' lang='grc' dir='ltr'><strong>πλειόνυν</strong></span> <span class='ocrx_word' id='word_1_32' title='bbox 474 867 683 954; x_wconf 75' lang='grc' dir='ltr'>προτρέπεται</span> <span class='ocrx_word' id='word_1_33' title='bbox 712 871 772 954; x_wconf 80' lang='grc' dir='ltr'><strong>τὴν</strong></span> <span class='ocrx_word' id='word_1_34' title='bbox 799 868 914 934; x_wconf 80' lang='grc' dir='ltr'><strong>ἑαυτοῦ</strong></span> <span class='ocrx_word' id='word_1_35' title='bbox 940 868 1048 953; x_wconf 79' lang='grc' dir='ltr'><strong>ψυχὴν</strong></span> <span class='ocrx_word' id='word_1_36' title='bbox 1092 866 1194 947; x_wconf 90' lang='lat' dir='ltr'>pheta</span> <span class='ocrx_word' id='word_1_37' title='bbox 1217 867 1378 947; x_wconf 90' lang='lat' dir='ltr'>pluribus</span> <span class='ocrx_word' id='word_1_38' title='bbox 1399 885 1497 932; x_wconf 90' lang='lat' dir='ltr'>suam</span> <span class='ocrx_word' id='word_1_39' title='bbox 1520 869 1675 932; x_wconf 79' lang='lat' dir='ltr'>hortatur</span> <span class='ocrx_word' id='word_1_40' title='bbox 1696 867 1850 930; x_wconf 88' lang='lat' dir='ltr'>animam</span> 
     </span>
    </p>
   </div>
   <div class='ocr_carea' id='block_1_3' title="bbox 294 967 1983 1058">
    <p class='ocr_par' dir='ltr' id='par_1_4' title="bbox 294 967 1983 1058">
     <span class='ocr_line' id='line_1_6' title="bbox 294 967 1983 1058; baseline -0.002 -22"><span class='ocrx_word' id='word_1_41' title='bbox 294 973 437 1058; x_wconf 81' lang='grc' dir='ltr'><strong>εὐλογεῖν</strong></span> <span class='ocrx_word' id='word_1_42' title='bbox 446 976 502 1039; x_wconf 86' lang='grc' dir='ltr'><strong>τόν</strong></span> <span class='ocrx_word' id='word_1_43' title='bbox 512 971 847 1058; x_wconf 79' lang='grc' dir='ltr'><strong>Κόριονὸπροιρήτης,</strong></span> <span class='ocrx_word' id='word_1_44' title='bbox 863 972 919 1036; x_wconf 81' lang='grc' dir='ltr'><strong>καί</strong></span> <span class='ocrx_word' id='word_1_45' title='bbox 933 967 1048 1055; x_wconf 88' lang='grc' dir='ltr'><strong>διεξέρ-</strong></span> <span class='ocrx_word' id='word_1_46' title='bbox 1094 968 1137 1031; x_wconf 85' lang='lat' dir='ltr'><strong>ad</strong></span> <span class='ocrx_word' id='word_1_47' title='bbox 1156 969 1426 1034; x_wconf 86' lang='lat' dir='ltr'>benedicendum</span> <span class='ocrx_word' id='word_1_48' title='bbox 1449 971 1699 1050; x_wconf 72' lang='lat' dir='ltr'>hominumue</span> <span class='ocrx_word' id='word_1_49' title='bbox 1717 970 1851 1048; x_wconf 80' lang='lat' dir='ltr'>sigilla·</span> <span class='ocrx_word' id='word_1_50' title='bbox 1982 979 1983 1002; x_wconf 69' lang='lat'>¹</span> 
     </span>
    </p>
   </div>
   <div class='ocr_carea' id='block_1_4' title="bbox 296 1072 1850 1266">
    <p class='ocr_par' dir='ltr' id='par_1_5' title="bbox 296 1072 1850 1266">
     <span class='ocr_line' id='line_1_7' title="bbox 296 1072 1850 1161; baseline -0.004 -19"><span class='ocrx_word' id='word_1_51' title='bbox 296 1075 389 1160; x_wconf 87' lang='grc' dir='ltr'><strong>χεταί</strong></span> <span class='ocrx_word' id='word_1_52' title='bbox 402 1097 473 1142; x_wconf 87' lang='grc' dir='ltr'><strong>τινα</strong></span> <span class='ocrx_word' id='word_1_53' title='bbox 487 1078 559 1160; x_wconf 82' lang='grc' dir='ltr'><strong>περὶ</strong></span> <span class='ocrx_word' id='word_1_54' title='bbox 573 1077 670 1141; x_wconf 73' lang='grc' dir='ltr'><strong>αὐτοῦ</strong></span> <span class='ocrx_word' id='word_1_55' title='bbox 686 1076 722 1140; x_wconf 84' lang='grc' dir='ltr'><strong>ἐν</strong></span> <span class='ocrx_word' id='word_1_56' title='bbox 739 1077 840 1161; x_wconf 73' lang='grc' dir='ltr'><strong>αὐτῇ·</strong></span> <span class='ocrx_word' id='word_1_57' title='bbox 855 1077 876 1161; x_wconf 78' lang='grc' dir='ltr'>ἢ</span> <span class='ocrx_word' id='word_1_58' title='bbox 893 1075 983 1140; x_wconf 80' lang='grc' dir='ltr'><strong>οὐδὲν</strong></span> <span class='ocrx_word' id='word_1_59' title='bbox 998 1072 1048 1138; x_wconf 85' lang='grc' dir='ltr'><strong>λέ·</strong></span> <span class='ocrx_word' id='word_1_60' title='bbox 1094 1073 1157 1135; x_wconf 89' lang='lat' dir='ltr'>tim</span> <span class='ocrx_word' id='word_1_61' title='bbox 1173 1074 1344 1136; x_wconf 81' lang='lat' dir='ltr'>recensuit</span> <span class='ocrx_word' id='word_1_62' title='bbox 1362 1072 1515 1156; x_wconf 84' lang='lat' dir='ltr'>quaedam</span> <span class='ocrx_word' id='word_1_63' title='bbox 1539 1075 1574 1137; x_wconf 92' lang='lat' dir='ltr'><strong>in</strong></span> <span class='ocrx_word' id='word_1_64' title='bbox 1591 1091 1631 1138; x_wconf 90' lang='lat' dir='ltr'>ea</span> <span class='ocrx_word' id='word_1_65' title='bbox 1646 1075 1686 1138; x_wconf 92' lang='lat' dir='ltr'>de</span> <span class='ocrx_word' id='word_1_66' title='bbox 1702 1091 1738 1138; x_wconf 92' lang='lat' dir='ltr'><strong>se</strong></span> <span class='ocrx_word' id='word_1_67' title='bbox 1761 1075 1850 1137; x_wconf 86' lang='lat' dir='ltr'>inte-</span> 
     </span>
     <span class='ocr_line' id='line_1_8' title="bbox 299 1176 1850 1266; baseline -0.003 -22"><span class='ocrx_word' id='word_1_68' title='bbox 299 1201 364 1266; x_wconf 88' lang='grc' dir='ltr'><strong>γιυν</strong></span> <span class='ocrx_word' id='word_1_69' title='bbox 376 1184 454 1265; x_wconf 83' lang='grc' dir='ltr'><strong>πρὸς</strong></span> <span class='ocrx_word' id='word_1_70' title='bbox 466 1179 612 1262; x_wconf 62' lang='lat' dir='ltr'>abibalo</span> <span class='ocrx_word' id='word_1_71' title='bbox 624 1187 688 1257; x_wconf 88' lang='grc' dir='ltr'><strong>τοῖς</strong></span> <span class='ocrx_word' id='word_1_72' title='bbox 701 1178 940 1266; x_wconf 85' lang='grc' dir='ltr'><strong>μεγόιλοιςθεδς</strong></span> <span class='ocrx_word' id='word_1_73' title='bbox 953 1199 1049 1265; x_wconf 91' lang='grc' dir='ltr'><strong>μεγα-</strong></span> <span class='ocrx_word' id='word_1_74' title='bbox 1093 1176 1201 1256; x_wconf 88' lang='lat' dir='ltr'>riora;</span> <span class='ocrx_word' id='word_1_75' title='bbox 1224 1178 1279 1240; x_wconf 83' lang='lat' dir='ltr'>vel</span> <span class='ocrx_word' id='word_1_76' title='bbox 1294 1176 1335 1241; x_wconf 92' lang='lat' dir='ltr'>de</span> <span class='ocrx_word' id='word_1_77' title='bbox 1350 1195 1387 1240; x_wconf 89' lang='lat' dir='ltr'><strong>se</strong></span> <span class='ocrx_word' id='word_1_78' title='bbox 1410 1179 1482 1258; x_wconf 89' lang='lat' dir='ltr'>ipso</span> <span class='ocrx_word' id='word_1_79' title='bbox 1498 1182 1623 1257; x_wconf 81' lang='lat' dir='ltr'>tacens,</span> <span class='ocrx_word' id='word_1_80' title='bbox 1648 1179 1684 1241; x_wconf 91' lang='lat' dir='ltr'><strong>in</strong></span> <span class='ocrx_word' id='word_1_81' title='bbox 1709 1179 1850 1256; x_wconf 80' lang='lat' dir='ltr'>magnis</span> 
     </span>
    </p>
   </div>
   <div class='ocr_carea' id='block_1_5' title="bbox 297 1281 1983 1369">
    <p class='ocr_par' dir='ltr' id='par_1_6' title="bbox 297 1281 1983 1369">
     <span class='ocr_line' id='line_1_9' title="bbox 297 1281 1983 1369; baseline -0.001 -21"><span class='ocrx_word' id='word_1_82' title='bbox 297 1283 433 1367; x_wconf 86' lang='grc' dir='ltr'><strong>λθνεται,</strong></span> <span class='ocrx_word' id='word_1_83' title='bbox 452 1283 559 1361; x_wconf 88' lang='grc' dir='ltr'><strong>όποῖος</strong></span> <span class='ocrx_word' id='word_1_84' title='bbox 576 1284 617 1369; x_wconf 77' lang='grc' dir='ltr'><strong>ην</strong></span> <span class='ocrx_word' id='word_1_85' title='bbox 632 1281 836 1368; x_wconf 88' lang='grc' dir='ltr'><strong>όπροόαίνιυν</strong></span> <span class='ocrx_word' id='word_1_86' title='bbox 851 1281 974 1365; x_wconf 82' lang='grc' dir='ltr'><strong>Ἰσαὰκ,</strong></span> <span class='ocrx_word' id='word_1_87' title='bbox 990 1283 1051 1346; x_wconf 86' lang='grc' dir='ltr'><strong>καί.</strong></span> <span class='ocrx_word' id='word_1_88' title='bbox 1093 1281 1177 1344; x_wconf 85' lang='lat' dir='ltr'>viris</span> <span class='ocrx_word' id='word_1_89' title='bbox 1192 1281 1302 1344; x_wconf 90' lang='lat' dir='ltr'>Deum</span> <span class='ocrx_word' id='word_1_90' title='bbox 1324 1299 1490 1361; x_wconf 82' lang='lat' dir='ltr'>magnum</span> <span class='ocrx_word' id='word_1_91' title='bbox 1509 1282 1710 1346; x_wconf 89' lang='lat' dir='ltr'>celebravit:</span> <span class='ocrx_word' id='word_1_92' title='bbox 1735 1283 1849 1364; x_wconf 88' lang='lat' dir='ltr'>qualis</span> <span class='ocrx_word' id='word_1_93' title='bbox 1982 1313 1983 1322; x_wconf 37' lang='grc' dir='ltr'><strong>ι</strong></span> 
     </span>
    </p>
   </div>
   <div class='ocr_carea' id='block_1_6' title="bbox 260 1385 1851 1786">
    <p class='ocr_par' dir='ltr' id='par_1_7' title="bbox 260 1385 1851 1786">
     <span class='ocr_line' id='line_1_10' title="bbox 297 1385 1848 1474; baseline -0.001 -22"><span class='ocrx_word' id='word_1_94' title='bbox 297 1386 465 1473; x_wconf 90' lang='grc' dir='ltr'><strong>γενόμενος</strong></span> <span class='ocrx_word' id='word_1_95' title='bbox 473 1386 800 1474; x_wconf 80' lang='grc' dir='ltr'><strong>μείζων,έιυςγένηται</strong></span> <span class='ocrx_word' id='word_1_96' title='bbox 809 1385 907 1474; x_wconf 84' lang='grc' dir='ltr'><strong>μέγας</strong></span> <span class='ocrx_word' id='word_1_97' title='bbox 915 1385 1047 1472; x_wconf 84' lang='grc' dir='ltr'><strong>σφόδρα,</strong></span> <span class='ocrx_word' id='word_1_98' title='bbox 1096 1389 1168 1448; x_wconf 90' lang='lat' dir='ltr'>erat</span> <span class='ocrx_word' id='word_1_99' title='bbox 1179 1386 1328 1448; x_wconf 87' lang='lat' dir='ltr'>anterior</span> <span class='ocrx_word' id='word_1_100' title='bbox 1339 1386 1398 1449; x_wconf 90' lang='lat' dir='ltr'>ille</span> <span class='ocrx_word' id='word_1_101' title='bbox 1409 1389 1514 1467; x_wconf 91' lang='lat' dir='ltr'>Isaac,</span> <span class='ocrx_word' id='word_1_102' title='bbox 1524 1388 1560 1450; x_wconf 92' lang='lat' dir='ltr'><strong>in</strong></span> <span class='ocrx_word' id='word_1_103' title='bbox 1572 1385 1848 1465; x_wconf 80' lang='lat' dir='ltr'>magnitudinem</span> 
     </span>
     <span class='ocr_line' id='line_1_11' title="bbox 297 1488 1851 1577; baseline -0.001 -22"><span class='ocrx_word' id='word_1_104' title='bbox 297 1489 439 1576; x_wconf 86' lang='grc' dir='ltr'><strong>σρόδρα·</strong></span> <span class='ocrx_word' id='word_1_105' title='bbox 461 1493 516 1556; x_wconf 81' lang='grc' dir='ltr'><strong>καὶ</strong></span> <span class='ocrx_word' id='word_1_106' title='bbox 539 1489 689 1577; x_wconf 83' lang='grc' dir='ltr'><strong>Μυσηςδ</strong></span> <span class='ocrx_word' id='word_1_107' title='bbox 710 1488 810 1577; x_wconf 84' lang='grc' dir='ltr'><strong>μέγας</strong></span> <span class='ocrx_word' id='word_1_108' title='bbox 826 1493 913 1575; x_wconf 79' lang='grc' dir='ltr'><strong>παρὰ</strong></span> <span class='ocrx_word' id='word_1_109' title='bbox 927 1489 1048 1567; x_wconf 78' lang='grc' dir='ltr'><strong>πάντας</strong></span> <span class='ocrx_word' id='word_1_110' title='bbox 1093 1507 1257 1569; x_wconf 89' lang='lat' dir='ltr'>crescens,</span> <span class='ocrx_word' id='word_1_111' title='bbox 1274 1491 1380 1554; x_wconf 92' lang='lat' dir='ltr'>donec</span> <span class='ocrx_word' id='word_1_112' title='bbox 1402 1490 1500 1554; x_wconf 89' lang='lat' dir='ltr'>fieret</span> <span class='ocrx_word' id='word_1_113' title='bbox 1521 1493 1645 1570; x_wconf 81' lang='lat' dir='ltr'>ingens</span> <span class='ocrx_word' id='word_1_114' title='bbox 1667 1490 1851 1554; x_wconf 91' lang='lat' dir='ltr'>vehemen-</span> 
     </span>
     <span class='ocr_line' id='line_1_12' title="bbox 304 1592 1849 1680; baseline -0.001 -20"><span class='ocrx_word' id='word_1_115' title='bbox 304 1593 486 1680; x_wconf 79' lang='grc' dir='ltr'><strong>ἀνθρώπους</strong></span> <span class='ocrx_word' id='word_1_116' title='bbox 500 1597 573 1672; x_wconf 80' lang='grc' dir='ltr'><strong>τοὺς</strong></span> <span class='ocrx_word' id='word_1_117' title='bbox 589 1595 639 1660; x_wconf 82' lang='grc' dir='ltr'><strong>ἐπί</strong></span> <span class='ocrx_word' id='word_1_118' title='bbox 654 1604 712 1679; x_wconf 82' lang='grc' dir='ltr'><strong>της</strong></span> <span class='ocrx_word' id='word_1_119' title='bbox 727 1603 798 1680; x_wconf 81' lang='grc' dir='ltr'><strong>γης.</strong></span> <span class='ocrx_word' id='word_1_120' title='bbox 822 1592 891 1660; x_wconf 83' lang='grc' dir='ltr'><strong>Οὐκ</strong></span> <span class='ocrx_word' id='word_1_121' title='bbox 906 1595 991 1679; x_wconf 89' lang='grc' dir='ltr'><strong>οίμαι</strong></span> <span class='ocrx_word' id='word_1_122' title='bbox 1013 1593 1049 1658; x_wconf 85' lang='grc' dir='ltr'><strong>δέ</strong></span> <span class='ocrx_word' id='word_1_123' title='bbox 1094 1599 1156 1674; x_wconf 90' lang='lat' dir='ltr'>ter,</span> <span class='ocrx_word' id='word_1_124' title='bbox 1183 1595 1412 1660; x_wconf 82' lang='lat' dir='ltr'>vehementer.</span> <span class='ocrx_word' id='word_1_125' title='bbox 1438 1599 1523 1660; x_wconf 90' lang='lat' dir='ltr'>Item</span> <span class='ocrx_word' id='word_1_126' title='bbox 1550 1600 1584 1660; x_wconf 90' lang='lat' dir='ltr'><strong>et</strong></span> <span class='ocrx_word' id='word_1_127' title='bbox 1605 1599 1746 1680; x_wconf 63' lang='lat' dir='ltr'>Moyses</span> <span class='ocrx_word' id='word_1_128' title='bbox 1776 1613 1849 1659; x_wconf 91' lang='lat' dir='ltr'><strong>ma-</strong></span> 
     </span>
     <span class='ocr_line' id='line_1_13' title="bbox 260 1697 1848 1786; baseline -0.001 -20"><span class='ocrx_word' id='word_1_129' title='bbox 260 1772 261 1776; x_wconf 44' lang='lat'>,</span> <span class='ocrx_word' id='word_1_130' title='bbox 295 1701 390 1766; x_wconf 82' lang='grc' dir='ltr'><strong>αὐτόν</strong></span> <span class='ocrx_word' id='word_1_131' title='bbox 405 1700 439 1764; x_wconf 91' lang='grc' dir='ltr'><strong>ἐν</strong></span> <span class='ocrx_word' id='word_1_132' title='bbox 453 1709 518 1777; x_wconf 86' lang='grc' dir='ltr'><strong>τοῖς</strong></span> <span class='ocrx_word' id='word_1_133' title='bbox 534 1709 655 1786; x_wconf 79' lang='grc' dir='ltr'><strong>μικροῖς</strong></span> <span class='ocrx_word' id='word_1_134' title='bbox 670 1701 725 1764; x_wconf 83' lang='grc' dir='ltr'><strong>καὶ</strong></span> <span class='ocrx_word' id='word_1_135' title='bbox 740 1697 983 1786; x_wconf 80' lang='grc' dir='ltr'><strong>ἐπιδεχομένοις,</strong></span> <span class='ocrx_word' id='word_1_136' title='bbox 996 1697 1049 1764; x_wconf 86' lang='grc' dir='ltr'><strong>διόι</strong></span> <span class='ocrx_word' id='word_1_137' title='bbox 1095 1715 1186 1777; x_wconf 80' lang='lat' dir='ltr'>gnus</span> <span class='ocrx_word' id='word_1_138' title='bbox 1198 1701 1436 1780; x_wconf 83' lang='lat' dir='ltr'>praeomnibus</span> <span class='ocrx_word' id='word_1_139' title='bbox 1450 1701 1651 1766; x_wconf 75' lang='lat' dir='ltr'><strong>mortalibus</strong></span> <span class='ocrx_word' id='word_1_140' title='bbox 1666 1703 1848 1782; x_wconf 89' lang='lat' dir='ltr'>superter-</span> 
     </span>
    </p>
   </div>
   <div class='ocr_carea' id='block_1_7' title="bbox 294 1799 1983 1994">
    <p class='ocr_par' dir='ltr' id='par_1_8' title="bbox 294 1799 1983 1994">
     <span class='ocr_line' id='line_1_14' title="bbox 294 1799 1983 1890; baseline 0 -22"><span class='ocrx_word' id='word_1_141' title='bbox 294 1806 354 1890; x_wconf 78' lang='grc' dir='ltr'><strong>την</strong></span> <span class='ocrx_word' id='word_1_142' title='bbox 370 1803 555 1890; x_wconf 79' lang='grc' dir='ltr'><strong>μικρότητα,</strong></span> <span class='ocrx_word' id='word_1_143' title='bbox 570 1807 606 1869; x_wconf 86' lang='grc' dir='ltr'><strong>τό</strong></span> <span class='ocrx_word' id='word_1_144' title='bbox 629 1801 904 1882; x_wconf 79' lang='grc' dir='ltr'><strong>σκανδαλίζεσθαι,</strong></span> <span class='ocrx_word' id='word_1_145' title='bbox 920 1805 990 1886; x_wconf 83' lang='grc' dir='ltr'><strong>περὶ</strong></span> <span class='ocrx_word' id='word_1_146' title='bbox 1005 1804 1049 1868; x_wconf 83' lang='grc' dir='ltr'><strong>όιν</strong></span> <span class='ocrx_word' id='word_1_147' title='bbox 1093 1819 1176 1866; x_wconf 91' lang='lat' dir='ltr'>ram.</span> <span class='ocrx_word' id='word_1_148' title='bbox 1191 1799 1238 1868; x_wconf 85' lang='lat' dir='ltr'>At</span> <span class='ocrx_word' id='word_1_149' title='bbox 1260 1805 1400 1868; x_wconf 88' lang='lat' dir='ltr'>minime</span> <span class='ocrx_word' id='word_1_150' title='bbox 1415 1822 1537 1869; x_wconf 88' lang='lat' dir='ltr'>censeo</span> <span class='ocrx_word' id='word_1_151' title='bbox 1553 1805 1716 1868; x_wconf 85' lang='lat' dir='ltr'><strong>Davidem</strong></span> <span class='ocrx_word' id='word_1_152' title='bbox 1739 1804 1846 1868; x_wconf 82' lang='lat' dir='ltr'>fnisse</span> <span class='ocrx_word' id='word_1_153' title='bbox 1982 1829 1983 1890; x_wconf 84' lang='lat' dir='ltr'>j</span> 
     </span>
     <span class='ocr_line' id='line_1_15' title="bbox 299 1904 1983 1994; baseline -0.001 -20"><span class='ocrx_word' id='word_1_154' title='bbox 299 1907 499 1994; x_wconf 86' lang='grc' dir='ltr'><strong>είοδεόμενοι,</strong></span> <span class='ocrx_word' id='word_1_155' title='bbox 522 1906 761 1992; x_wconf 70' lang='grc' dir='ltr'><strong>ἐντολῆς-ἄνευ,</strong></span> <span class='ocrx_word' id='word_1_156' title='bbox 785 1904 1049 1992; x_wconf 75' lang='grc' dir='ltr'><strong>κατευφρονησιυ-</strong></span> <span class='ocrx_word' id='word_1_157' title='bbox 1094 1925 1136 1972; x_wconf 82' lang='lat' dir='ltr'>ex</span> <span class='ocrx_word' id='word_1_158' title='bbox 1155 1908 1210 1971; x_wconf 92' lang='lat' dir='ltr'>his</span> <span class='ocrx_word' id='word_1_159' title='bbox 1231 1910 1376 1990; x_wconf 84' lang='lat' dir='ltr'><em>pusillis,</em></span> <span class='ocrx_word' id='word_1_160' title='bbox 1399 1911 1458 1990; x_wconf 91' lang='lat' dir='ltr'><strong>qni</strong></span> <span class='ocrx_word' id='word_1_161' title='bbox 1480 1914 1620 1992; x_wconf 89' lang='lat' dir='ltr'>propter</span> <span class='ocrx_word' id='word_1_162' title='bbox 1642 1909 1846 1988; x_wconf 72' lang='lat' dir='ltr'><strong>tenuitatem</strong></span> <span class='ocrx_word' id='word_1_163' title='bbox 1982 1937 1983 1940; x_wconf 39' lang='lat'>¹</span> 
     </span>
    </p>
   </div>
   <div class='ocr_carea' id='block_1_8' title="bbox 269 2011 1850 2404">
    <p class='ocr_par' dir='ltr' id='par_1_9' title="bbox 269 2011 1850 2404">
     <span class='ocr_line' id='line_1_16' title="bbox 297 2011 1846 2099; baseline -0.001 -21"><span class='ocrx_word' id='word_1_164' title='bbox 297 2033 353 2099; x_wconf 91' lang='grc' dir='ltr'><strong>μεν</strong></span> <span class='ocrx_word' id='word_1_165' title='bbox 376 2013 415 2078; x_wconf 78' lang='grc' dir='ltr'><strong>ἂν</strong></span> <span class='ocrx_word' id='word_1_166' title='bbox 435 2012 559 2088; x_wconf 79' lang='grc' dir='ltr'><strong>αὐτοῖς·</strong></span> <span class='ocrx_word' id='word_1_167' title='bbox 584 2011 787 2098; x_wconf 82' lang='grc' dir='ltr'><strong>μανθάνωμεν</strong></span> <span class='ocrx_word' id='word_1_168' title='bbox 810 2011 867 2076; x_wconf 79' lang='grc' dir='ltr'><strong>οὖν</strong></span> <span class='ocrx_word' id='word_1_169' title='bbox 884 2012 927 2096; x_wconf 77' lang='grc' dir='ltr'><strong>μὴ</strong></span> <span class='ocrx_word' id='word_1_170' title='bbox 952 2030 1051 2075; x_wconf 89' lang='grc' dir='ltr'><strong>κατα-</strong></span> <span class='ocrx_word' id='word_1_171' title='bbox 1093 2012 1243 2077; x_wconf 88' lang='lat' dir='ltr'>scandali</span> <span class='ocrx_word' id='word_1_172' title='bbox 1255 2013 1846 2094; x_wconf 83' lang='lat' dir='ltr'>periculumobeunt3propterquos</span> 
     </span>
     <span class='ocr_line' id='line_1_17' title="bbox 269 2114 1850 2203; baseline -0.003 -19"><span class='ocrx_word' id='word_1_173' title='bbox 269 2140 271 2144; x_wconf 89' lang='lat'>·</span> <span class='ocrx_word' id='word_1_174' title='bbox 298 2125 423 2203; x_wconf 78' lang='grc' dir='ltr'><strong>φρονεῖν</strong></span> <span class='ocrx_word' id='word_1_175' title='bbox 438 2125 499 2182; x_wconf 82' lang='grc' dir='ltr'><strong>τῶν</strong></span> <span class='ocrx_word' id='word_1_176' title='bbox 515 2125 634 2203; x_wconf 81' lang='grc' dir='ltr'><strong>μικρῶν</strong></span> <span class='ocrx_word' id='word_1_177' title='bbox 647 2114 797 2182; x_wconf 78' lang='grc' dir='ltr'><strong>τούτων...</strong></span> <span class='ocrx_word' id='word_1_178' title='bbox 1094 2117 1283 2180; x_wconf 88' lang='lat' dir='ltr'>reverentia</span> <span class='ocrx_word' id='word_1_179' title='bbox 1294 2118 1450 2197; x_wconf 85' lang='lat' dir='ltr'>correpti,</span> <span class='ocrx_word' id='word_1_180' title='bbox 1462 2116 1594 2198; x_wconf 82' lang='lat' dir='ltr'>absque</span> <span class='ocrx_word' id='word_1_181' title='bbox 1605 2120 1782 2196; x_wconf 77' lang='lat' dir='ltr'>praecepto,</span> <span class='ocrx_word' id='word_1_182' title='bbox 1794 2117 1850 2180; x_wconf 90' lang='lat' dir='ltr'>nil-</span> 
     </span>
     <span class='ocr_line' id='line_1_18' title="bbox 1094 2218 1850 2284; baseline -0.003 0"><span class='ocrx_word' id='word_1_183' title='bbox 1094 2221 1161 2284; x_wconf 91' lang='lat' dir='ltr'>nisi</span> <span class='ocrx_word' id='word_1_184' title='bbox 1175 2221 1301 2284; x_wconf 89' lang='lat' dir='ltr'>bonnm</span> <span class='ocrx_word' id='word_1_185' title='bbox 1317 2220 1359 2284; x_wconf 91' lang='lat' dir='ltr'>de</span> <span class='ocrx_word' id='word_1_186' title='bbox 1368 2221 1438 2284; x_wconf 90' lang='lat' dir='ltr'>illis</span> <span class='ocrx_word' id='word_1_187' title='bbox 1453 2221 1648 2283; x_wconf 88' lang='lat' dir='ltr'>sentiamus.</span> <span class='ocrx_word' id='word_1_188' title='bbox 1671 2218 1850 2283; x_wconf 89' lang='lat' dir='ltr'>Discamus</span> 
     </span>
     <span class='ocr_line' id='line_1_19' title="bbox 1094 2324 1848 2404; baseline 0.001 -17"><span class='ocrx_word' id='word_1_189' title='bbox 1094 2339 1177 2402; x_wconf 82' lang='lat' dir='ltr'>ergo</span> <span class='ocrx_word' id='word_1_190' title='bbox 1191 2341 1260 2388; x_wconf 91' lang='lat' dir='ltr'><strong>non</strong></span> <span class='ocrx_word' id='word_1_191' title='bbox 1274 2327 1424 2388; x_wconf 88' lang='lat' dir='ltr'>temnere</span> <span class='ocrx_word' id='word_1_192' title='bbox 1440 2325 1582 2404; x_wconf 89' lang='lat' dir='ltr'>pusillos</span> <span class='ocrx_word' id='word_1_193' title='bbox 1598 2325 1690 2388; x_wconf 89' lang='lat' dir='ltr'>istos.</span> <span class='ocrx_word' id='word_1_194' title='bbox 1707 2359 1749 2370; x_wconf 89' lang='lat'><em>-</em></span> <span class='ocrx_word' id='word_1_195' title='bbox 1769 2324 1848 2389; x_wconf 77' lang='lat' dir='ltr'>eou-</span> 
     </span>
    </p>
   </div>
   <div class='ocr_carea' id='block_1_9' title="bbox 339 2425 1983 2515">
    <p class='ocr_par' dir='ltr' id='par_1_10' title="bbox 339 2425 1983 2515">
     <span class='ocr_line' id='line_1_20' title="bbox 339 2425 1983 2515; baseline -0.002 -22"><span class='ocrx_word' id='word_1_196' title='bbox 339 2427 587 2515; x_wconf 84' lang='grc' dir='ltr'><strong>Ἐξομολόγησιν</strong></span> <span class='ocrx_word' id='word_1_197' title='bbox 608 2430 663 2493; x_wconf 81' lang='grc' dir='ltr'><strong>καὶ</strong></span> <span class='ocrx_word' id='word_1_198' title='bbox 685 2426 874 2512; x_wconf 79' lang='grc' dir='ltr'><strong>εὐπρέπειαν</strong></span> <span class='ocrx_word' id='word_1_199' title='bbox 900 2426 1047 2494; x_wconf 87' lang='grc' dir='ltr'><strong>ἐνεδόσιυ.</strong></span> <span class='ocrx_word' id='word_1_200' title='bbox 1085 2425 1269 2509; x_wconf 75' lang='lat' dir='ltr'>sessionum</span> <span class='ocrx_word' id='word_1_201' title='bbox 1284 2431 1315 2491; x_wconf 83' lang='lat' dir='ltr'>ei</span> <span class='ocrx_word' id='word_1_202' title='bbox 1330 2427 1631 2493; x_wconf 60' lang='lat' dir='ltr'>manimundulus</span> <span class='ocrx_word' id='word_1_203' title='bbox 1643 2431 1690 2492; x_wconf 82' lang='lat' dir='ltr'><strong>hc</strong></span> <span class='ocrx_word' id='word_1_204' title='bbox 1705 2429 1734 2492; x_wconf 88' lang='lat' dir='ltr'>si</span> <span class='ocrx_word' id='word_1_205' title='bbox 1746 2428 1847 2492; x_wconf 86' lang='lat' dir='ltr'>dicet:</span> <span class='ocrx_word' id='word_1_206' title='bbox 1982 2431 1983 2498; x_wconf 63' lang='grc' dir='ltr'>ζ</span> 
     </span>
    </p>
   </div>
   <div class='ocr_carea' id='block_1_10' title="bbox 299 2531 1848 2620">
    <p class='ocr_par' dir='ltr' id='par_1_11' title="bbox 299 2531 1848 2620">
     <span class='ocr_line' id='line_1_21' title="bbox 299 2531 1848 2620; baseline -0.003 -19"><span class='ocrx_word' id='word_1_207' title='bbox 299 2533 446 2600; x_wconf 81' lang='grc' dir='ltr'><strong>-Ἀντί</strong></span> <span class='ocrx_word' id='word_1_208' title='bbox 466 2543 522 2599; x_wconf 79' lang='grc' dir='ltr'><strong>τοῦ</strong></span> <span class='ocrx_word' id='word_1_209' title='bbox 545 2533 706 2600; x_wconf 79' lang='grc' dir='ltr'><strong>πάντατὰ</strong></span> <span class='ocrx_word' id='word_1_210' title='bbox 728 2536 808 2620; x_wconf 82' lang='grc' dir='ltr'><strong>ἔργα</strong></span> <span class='ocrx_word' id='word_1_211' title='bbox 830 2554 887 2599; x_wconf 91' lang='grc' dir='ltr'><strong>σου</strong></span> <span class='ocrx_word' id='word_1_212' title='bbox 903 2535 1050 2620; x_wconf 85' lang='grc' dir='ltr'><strong>εὐχαρισ-</strong></span> <span class='ocrx_word' id='word_1_213' title='bbox 1095 2531 1215 2593; x_wconf 87' lang='lat' dir='ltr'>Omnia</span> <span class='ocrx_word' id='word_1_214' title='bbox 1230 2547 1331 2612; x_wconf 89' lang='lat' dir='ltr'>opera</span> <span class='ocrx_word' id='word_1_215' title='bbox 1354 2536 1414 2596; x_wconf 88' lang='lat' dir='ltr'><strong>tua</strong></span> <span class='ocrx_word' id='word_1_216' title='bbox 1429 2533 1620 2610; x_wconf 81' lang='lat' dir='ltr'>gratiarum</span> <span class='ocrx_word' id='word_1_217' title='bbox 1643 2533 1848 2596; x_wconf 85' lang='lat' dir='ltr'><strong>testimoniis</strong></span> 
     </span>
    </p>
   </div>
   <div class='ocr_carea' id='block_1_11' title="bbox 297 2635 1983 2725">
    <p class='ocr_par' dir='ltr' id='par_1_12' title="bbox 297 2635 1983 2725">
     <span class='ocr_line' id='line_1_22' title="bbox 297 2635 1983 2725; baseline -0.003 -22"><span class='ocrx_word' id='word_1_218' title='bbox 297 2637 366 2716; x_wconf 88' lang='grc' dir='ltr'><strong>τίας</strong></span> <span class='ocrx_word' id='word_1_219' title='bbox 393 2638 599 2724; x_wconf 73' lang='grc' dir='ltr'><strong>πεπλήρωται</strong></span> <span class='ocrx_word' id='word_1_220' title='bbox 612 2640 668 2704; x_wconf 86' lang='grc' dir='ltr'><strong>καί</strong></span> <span class='ocrx_word' id='word_1_221' title='bbox 694 2637 855 2725; x_wconf 89' lang='grc' dir='ltr'><strong>μεγέθους,</strong></span> <span class='ocrx_word' id='word_1_222' title='bbox 872 2641 927 2704; x_wconf 85' lang='grc' dir='ltr'><strong>καὶ</strong></span> <span class='ocrx_word' id='word_1_223' title='bbox 954 2658 1050 2724; x_wconf 79' lang='grc' dir='ltr'><strong>μεγα·</strong></span> <span class='ocrx_word' id='word_1_224' title='bbox 1095 2639 1129 2698; x_wconf 89' lang='lat' dir='ltr'><strong>et</strong></span> <span class='ocrx_word' id='word_1_225' title='bbox 1140 2635 1378 2713; x_wconf 84' lang='lat' dir='ltr'>magnitudine</span> <span class='ocrx_word' id='word_1_226' title='bbox 1391 2637 1566 2699; x_wconf 90' lang='lat' dir='ltr'>cumulata</span> <span class='ocrx_word' id='word_1_227' title='bbox 1577 2639 1666 2714; x_wconf 87' lang='lat' dir='ltr'>sunt,</span> <span class='ocrx_word' id='word_1_228' title='bbox 1675 2635 1849 2699; x_wconf 91' lang='lat' dir='ltr'>omnibus-</span> <span class='ocrx_word' id='word_1_229' title='bbox 1982 2701 1983 2714; x_wconf 32' lang='grc' dir='ltr'><strong>γ</strong></span> 
     </span>
    </p>
   </div>
   <div class='ocr_carea' id='block_1_12' title="bbox 285 2739 1854 5225">
    <p class='ocr_par' dir='ltr' id='par_1_13' title="bbox 285 2739 1854 5225">
     <span class='ocr_line' id='line_1_23' title="bbox 297 2739 1849 2828; baseline -0.003 -20"><span class='ocrx_word' id='word_1_230' title='bbox 297 2743 488 2828; x_wconf 89' lang='grc' dir='ltr'><strong>λοπρέπειαν</strong></span> <span class='ocrx_word' id='word_1_231' title='bbox 503 2753 569 2822; x_wconf 89' lang='grc' dir='ltr'><strong>τοῖς</strong></span> <span class='ocrx_word' id='word_1_232' title='bbox 580 2753 658 2810; x_wconf 86' lang='grc' dir='ltr'><strong>πᾶσι</strong></span> <span class='ocrx_word' id='word_1_233' title='bbox 669 2741 860 2825; x_wconf 85' lang='grc' dir='ltr'><strong>ἐδείκνυσας,</strong></span> <span class='ocrx_word' id='word_1_234' title='bbox 873 2742 915 2819; x_wconf 82' lang='grc' dir='ltr'><strong>ὡς</strong></span> <span class='ocrx_word' id='word_1_235' title='bbox 930 2741 964 2822; x_wconf 86' lang='grc' dir='ltr'><strong>ἐξ</strong></span> <span class='ocrx_word' id='word_1_236' title='bbox 979 2741 1050 2828; x_wconf 88' lang='grc' dir='ltr'><strong>ίμα-</strong></span> <span class='ocrx_word' id='word_1_237' title='bbox 1095 2756 1161 2821; x_wconf 90' lang='lat' dir='ltr'><strong>que</strong></span> <span class='ocrx_word' id='word_1_238' title='bbox 1183 2739 1361 2804; x_wconf 87' lang='lat' dir='ltr'>ostendisti</span> <span class='ocrx_word' id='word_1_239' title='bbox 1387 2739 1688 2820; x_wconf 78' lang='lat' dir='ltr'>magnificentiam,</span> <span class='ocrx_word' id='word_1_240' title='bbox 1705 2746 1745 2804; x_wconf 90' lang='lat' dir='ltr'><strong>ut</strong></span> <span class='ocrx_word' id='word_1_241' title='bbox 1759 2758 1849 2822; x_wconf 88' lang='lat' dir='ltr'>saepe</span> 
     </span>
     <span class='ocr_line' id='line_1_24' title="bbox 299 2843 1851 2934; baseline -0.004 -22"><span class='ocrx_word' id='word_1_242' title='bbox 299 2845 372 2914; x_wconf 88' lang='grc' dir='ltr'><strong>τίυν</strong></span> <span class='ocrx_word' id='word_1_243' title='bbox 398 2846 545 2934; x_wconf 74' lang='grc' dir='ltr'><strong>καθαρῶν</strong></span> <span class='ocrx_word' id='word_1_244' title='bbox 571 2849 727 2926; x_wconf 81' lang='grc' dir='ltr'><strong>πολλάκις</strong></span> <span class='ocrx_word' id='word_1_245' title='bbox 748 2847 778 2912; x_wconf 82' lang='grc' dir='ltr'><strong>οἱ</strong></span> <span class='ocrx_word' id='word_1_246' title='bbox 801 2847 958 2932; x_wconf 76' lang='grc' dir='ltr'><strong>ἅνθρωποι</strong></span> <span class='ocrx_word' id='word_1_247' title='bbox 985 2854 1050 2924; x_wconf 89' lang='grc' dir='ltr'><strong>τοῖς</strong></span> <span class='ocrx_word' id='word_1_248' title='bbox 1096 2860 1138 2905; x_wconf 86' lang='lat' dir='ltr'>ex</span> <span class='ocrx_word' id='word_1_249' title='bbox 1152 2843 1338 2924; x_wconf 88' lang='lat' dir='ltr'>splendidis</span> <span class='ocrx_word' id='word_1_250' title='bbox 1354 2844 1507 2908; x_wconf 88' lang='lat' dir='ltr'>vestibus</span> <span class='ocrx_word' id='word_1_251' title='bbox 1520 2844 1723 2927; x_wconf 88' lang='lat' dir='ltr'>superbiunt</span> <span class='ocrx_word' id='word_1_252' title='bbox 1742 2845 1851 2908; x_wconf 90' lang='lat' dir='ltr'>homi-</span> 
     </span>
     <span class='ocr_line' id='line_1_25' title="bbox 299 2950 1851 3039; baseline -0.001 -23"><span class='ocrx_word' id='word_1_253' title='bbox 299 2951 404 3035; x_wconf 82' lang='grc' dir='ltr'><strong>όρῶσι.</strong></span> <span class='ocrx_word' id='word_1_254' title='bbox 421 2952 523 3018; x_wconf 84' lang='grc' dir='ltr'><strong>Τοῦτο</strong></span> <span class='ocrx_word' id='word_1_255' title='bbox 539 2955 603 3039; x_wconf 80' lang='grc' dir='ltr'><strong>γὰρ</strong></span> <span class='ocrx_word' id='word_1_256' title='bbox 618 2950 786 3017; x_wconf 76' lang='grc' dir='ltr'><strong>αἰνίττεται</strong></span> <span class='ocrx_word' id='word_1_257' title='bbox 797 2953 833 3016; x_wconf 86' lang='grc' dir='ltr'><strong>τό</strong></span> <span class='ocrx_word' id='word_1_258' title='bbox 848 2950 994 3018; x_wconf 85' lang='grc' dir='ltr'><strong>ἐνεδόσυ.</strong></span> <span class='ocrx_word' id='word_1_259' title='bbox 1008 2987 1047 2998; x_wconf 88' lang='grc'>-</span> <span class='ocrx_word' id='word_1_260' title='bbox 1095 2967 1157 3012; x_wconf 90' lang='lat' dir='ltr'><strong>nes</strong></span> <span class='ocrx_word' id='word_1_261' title='bbox 1172 2966 1285 3013; x_wconf 91' lang='lat' dir='ltr'>coram</span> <span class='ocrx_word' id='word_1_262' title='bbox 1308 2951 1570 3032; x_wconf 77' lang='lat' dir='ltr'>spectatoribus:</span> <span class='ocrx_word' id='word_1_263' title='bbox 1594 2951 1628 3014; x_wconf 92' lang='lat' dir='ltr'><strong>id</strong></span> <span class='ocrx_word' id='word_1_264' title='bbox 1651 2952 1776 3034; x_wconf 89' lang='lat' dir='ltr'>quippe</span> <span class='ocrx_word' id='word_1_265' title='bbox 1799 2952 1851 3015; x_wconf 92' lang='lat' dir='ltr'><strong>in-</strong></span> 
     </span>
     <span class='ocr_line' id='line_1_26' title="bbox 303 3053 1851 3143; baseline -0.001 -22"><span class='ocrx_word' id='word_1_266' title='bbox 303 3054 443 3141; x_wconf 62' lang='grc' dir='ltr'><strong>Ινησίυς</strong></span> <span class='ocrx_word' id='word_1_267' title='bbox 455 3056 743 3143; x_wconf 84' lang='grc' dir='ltr'><strong>ἐξομολογούμενοι,</strong></span> <span class='ocrx_word' id='word_1_268' title='bbox 755 3054 1051 3140; x_wconf 85' lang='grc' dir='ltr'><strong>καθέκόιτερονση-</strong></span> <span class='ocrx_word' id='word_1_269' title='bbox 1095 3053 1172 3114; x_wconf 89' lang='lat' dir='ltr'>nuit</span> <span class='ocrx_word' id='word_1_270' title='bbox 1192 3053 1335 3116; x_wconf 87' lang='lat' dir='ltr'>verbnm</span> <span class='ocrx_word' id='word_1_271' title='bbox 1356 3053 1513 3119; x_wconf 78' lang='lat' dir='ltr'>induisti.</span> <span class='ocrx_word' id='word_1_272' title='bbox 1533 3089 1571 3100; x_wconf 92' lang='lat'>—</span> <span class='ocrx_word' id='word_1_273' title='bbox 1589 3056 1792 3119; x_wconf 87' lang='lat' dir='ltr'>Germanam</span> <span class='ocrx_word' id='word_1_274' title='bbox 1817 3073 1851 3119; x_wconf 92' lang='lat' dir='ltr'>e-</span> 
     </span>
     <span class='ocr_line' id='line_1_27' title="bbox 304 3155 1852 3249; baseline -0.001 -26"><span class='ocrx_word' id='word_1_275' title='bbox 304 3158 490 3245; x_wconf 87' lang='grc' dir='ltr'><strong>μαινόμενον</strong></span> <span class='ocrx_word' id='word_1_276' title='bbox 505 3162 594 3244; x_wconf 73' lang='grc' dir='ltr'><strong>παρὰ</strong></span> <span class='ocrx_word' id='word_1_277' title='bbox 609 3170 663 3225; x_wconf 79' lang='grc' dir='ltr'><strong>τοῦ</strong></span> <span class='ocrx_word' id='word_1_278' title='bbox 678 3158 943 3249; x_wconf 82' lang='grc' dir='ltr'><strong>ἐξομολογεῖσθαι,</strong></span> <span class='ocrx_word' id='word_1_279' title='bbox 962 3158 1052 3244; x_wconf 83' lang='grc' dir='ltr'><strong>όραί-</strong></span> <span class='ocrx_word' id='word_1_280' title='bbox 1095 3155 1212 3219; x_wconf 90' lang='lat' dir='ltr'>dentes</span> <span class='ocrx_word' id='word_1_281' title='bbox 1240 3156 1507 3238; x_wconf 86' lang='lat' dir='ltr'>confessionem,</span> <span class='ocrx_word' id='word_1_282' title='bbox 1530 3163 1631 3240; x_wconf 90' lang='lat' dir='ltr'>prout</span> <span class='ocrx_word' id='word_1_283' title='bbox 1657 3160 1783 3241; x_wconf 87' lang='lat' dir='ltr'>cuique</span> <span class='ocrx_word' id='word_1_284' title='bbox 1807 3160 1852 3222; x_wconf 88' lang='lat' dir='ltr'>si·</span> 
     </span>
     <span class='ocr_line' id='line_1_28' title="bbox 301 3258 1851 3356; baseline -0.002 -28"><span class='ocrx_word' id='word_1_285' title='bbox 301 3283 394 3348; x_wconf 88' lang='grc' dir='ltr'><strong>νομεν</strong></span> <span class='ocrx_word' id='word_1_286' title='bbox 406 3261 513 3348; x_wconf 85' lang='grc' dir='ltr'><strong>Κυρίῳ</strong></span> <span class='ocrx_word' id='word_1_287' title='bbox 528 3273 572 3350; x_wconf 81' lang='grc' dir='ltr'><strong>τῷ</strong></span> <span class='ocrx_word' id='word_1_288' title='bbox 587 3263 658 3349; x_wconf 84' lang='grc' dir='ltr'><strong>Θεῷ</strong></span> <span class='ocrx_word' id='word_1_289' title='bbox 672 3262 762 3350; x_wconf 81' lang='grc' dir='ltr'><strong>ἡμῶν</strong></span> <span class='ocrx_word' id='word_1_290' title='bbox 774 3262 1001 3349; x_wconf 81' lang='grc' dir='ltr'><strong>ἐξομολόγησιν</strong></span> <span class='ocrx_word' id='word_1_291' title='bbox 1011 3262 1051 3346; x_wconf 78' lang='grc' dir='ltr'><strong>ἣν</strong></span> <span class='ocrx_word' id='word_1_292' title='bbox 1102 3258 1245 3356; x_wconf 80' lang='lat' dir='ltr'>gnificat</span> <span class='ocrx_word' id='word_1_293' title='bbox 1259 3261 1315 3323; x_wconf 86' lang='lat' dir='ltr'>lex</span> <span class='ocrx_word' id='word_1_294' title='bbox 1329 3260 1521 3343; x_wconf 87' lang='lat' dir='ltr'>confitendi,</span> <span class='ocrx_word' id='word_1_295' title='bbox 1541 3263 1691 3326; x_wconf 80' lang='lat' dir='ltr'>teximus</span> <span class='ocrx_word' id='word_1_296' title='bbox 1706 3263 1851 3326; x_wconf 90' lang='lat' dir='ltr'>Domino</span> 
     </span>
     <span class='ocr_line' id='line_1_29' title="bbox 285 3363 1853 3454; baseline -0.001 -23"><span class='ocrx_word' id='word_1_297' title='bbox 285 3366 450 3433; x_wconf 87' lang='grc' dir='ltr'><strong>ἐνδύεται.</strong></span> <span class='ocrx_word' id='word_1_298' title='bbox 463 3366 554 3433; x_wconf 73' lang='lat' dir='ltr'>hier&amp;</span> <span class='ocrx_word' id='word_1_299' title='bbox 569 3369 604 3433; x_wconf 86' lang='grc' dir='ltr'><strong>δὲ</strong></span> <span class='ocrx_word' id='word_1_300' title='bbox 619 3370 679 3454; x_wconf 77' lang='grc' dir='ltr'><strong>την</strong></span> <span class='ocrx_word' id='word_1_301' title='bbox 697 3366 932 3453; x_wconf 81' lang='grc' dir='ltr'><strong>ἐξομολόγησιν,</strong></span> <span class='ocrx_word' id='word_1_302' title='bbox 948 3366 1052 3431; x_wconf 87' lang='grc' dir='ltr'><strong>πόιντα</strong></span> <span class='ocrx_word' id='word_1_303' title='bbox 1101 3363 1170 3427; x_wconf 90' lang='lat' dir='ltr'>Deo</span> <span class='ocrx_word' id='word_1_304' title='bbox 1186 3366 1300 3426; x_wconf 85' lang='lat' dir='ltr'>nostro</span> <span class='ocrx_word' id='word_1_305' title='bbox 1315 3365 1450 3428; x_wconf 89' lang='lat' dir='ltr'>landem</span> <span class='ocrx_word' id='word_1_306' title='bbox 1467 3383 1570 3447; x_wconf 89' lang='lat' dir='ltr'>quam</span> <span class='ocrx_word' id='word_1_307' title='bbox 1587 3367 1712 3429; x_wconf 90' lang='lat' dir='ltr'>induit.</span> <span class='ocrx_word' id='word_1_308' title='bbox 1724 3368 1853 3431; x_wconf 80' lang='lat' dir='ltr'>Praeter</span> 
     </span>
     <span class='ocr_line' id='line_1_30' title="bbox 305 3469 1852 3557; baseline -0.001 -22"><span class='ocrx_word' id='word_1_309' title='bbox 305 3471 467 3557; x_wconf 81' lang='grc' dir='ltr'><strong>εὐπρέπυις</strong></span> <span class='ocrx_word' id='word_1_310' title='bbox 485 3475 527 3538; x_wconf 79' lang='grc' dir='ltr'><strong>τὰ</strong></span> <span class='ocrx_word' id='word_1_311' title='bbox 541 3473 653 3538; x_wconf 84' lang='grc' dir='ltr'><strong>δέοντα</strong></span> <span class='ocrx_word' id='word_1_312' title='bbox 672 3472 858 3557; x_wconf 81' lang='grc' dir='ltr'><strong>πράξαντες,</strong></span> <span class='ocrx_word' id='word_1_313' title='bbox 873 3474 928 3537; x_wconf 85' lang='grc' dir='ltr'><strong>καὶ</strong></span> <span class='ocrx_word' id='word_1_314' title='bbox 943 3471 1053 3550; x_wconf 85' lang='grc' dir='ltr'><strong>εόξαν-</strong></span> <span class='ocrx_word' id='word_1_315' title='bbox 1101 3473 1217 3532; x_wconf 89' lang='lat' dir='ltr'>autem</span> <span class='ocrx_word' id='word_1_316' title='bbox 1240 3469 1380 3532; x_wconf 91' lang='lat' dir='ltr'>landum</span> <span class='ocrx_word' id='word_1_317' title='bbox 1402 3487 1553 3550; x_wconf 89' lang='lat' dir='ltr'>munera,</span> <span class='ocrx_word' id='word_1_318' title='bbox 1576 3472 1606 3534; x_wconf 89' lang='lat' dir='ltr'>si</span> <span class='ocrx_word' id='word_1_319' title='bbox 1632 3475 1756 3535; x_wconf 86' lang='lat' dir='ltr'>cuncta</span> <span class='ocrx_word' id='word_1_320' title='bbox 1774 3488 1852 3551; x_wconf 81' lang='lat' dir='ltr'>quae</span> 
     </span>
     <span class='ocr_line' id='line_1_31' title="bbox 301 3561 1853 3662; baseline -0.001 -21"><span class='ocrx_word' id='word_1_321' title='bbox 301 3597 363 3659; x_wconf 94' lang='grc' dir='ltr'><strong>τες,</strong></span> <span class='ocrx_word' id='word_1_322' title='bbox 380 3578 435 3641; x_wconf 89' lang='grc' dir='ltr'><strong>καί</strong></span> <span class='ocrx_word' id='word_1_323' title='bbox 454 3575 640 3662; x_wconf 84' lang='grc' dir='ltr'><strong>εὐπρεπείας</strong></span> <span class='ocrx_word' id='word_1_324' title='bbox 664 3561 771 3662; x_wconf 77' lang='grc' dir='ltr'><strong>ἕτερον</strong></span> <span class='ocrx_word' id='word_1_325' title='bbox 786 3585 905 3662; x_wconf 85' lang='grc' dir='ltr'><strong>χιτῶνα</strong></span> <span class='ocrx_word' id='word_1_326' title='bbox 927 3573 1053 3661; x_wconf 84' lang='grc' dir='ltr'><strong>θραίνο-</strong></span> <span class='ocrx_word' id='word_1_327' title='bbox 1099 3577 1232 3654; x_wconf 86' lang='lat' dir='ltr'>oportet</span> <span class='ocrx_word' id='word_1_328' title='bbox 1247 3573 1443 3653; x_wconf 65' lang='lat' dir='ltr'>fecerimus,</span> <span class='ocrx_word' id='word_1_329' title='bbox 1471 3576 1614 3640; x_wconf 88' lang='lat' dir='ltr'>alteram</span> <span class='ocrx_word' id='word_1_330' title='bbox 1639 3593 1773 3657; x_wconf 87' lang='lat' dir='ltr'>qnoque</span> <span class='ocrx_word' id='word_1_331' title='bbox 1796 3574 1853 3640; x_wconf 88' lang='lat' dir='ltr'>de-</span> 
     </span>
     <span class='ocr_line' id='line_1_32' title="bbox 302 3675 1853 3768; baseline -0.003 -23"><span class='ocrx_word' id='word_1_332' title='bbox 302 3700 358 3766; x_wconf 92' lang='grc' dir='ltr'><strong>μεν</strong></span> <span class='ocrx_word' id='word_1_333' title='bbox 379 3679 488 3765; x_wconf 82' lang='grc' dir='ltr'><strong>Κυρίῳ</strong></span> <span class='ocrx_word' id='word_1_334' title='bbox 511 3689 555 3766; x_wconf 82' lang='grc' dir='ltr'><strong>τῷ</strong></span> <span class='ocrx_word' id='word_1_335' title='bbox 574 3681 656 3768; x_wconf 70' lang='grc' dir='ltr'><strong>Θεῷ,</strong></span> <span class='ocrx_word' id='word_1_336' title='bbox 673 3719 714 3730; x_wconf 91' lang='lat'><em>-</em></span> <span class='ocrx_word' id='word_1_337' title='bbox 731 3675 777 3746; x_wconf 92' lang='grc' dir='ltr'><strong>Ἣ</strong></span> <span class='ocrx_word' id='word_1_338' title='bbox 790 3684 906 3759; x_wconf 64' lang='lat' dir='ltr'>osecg·</span> <span class='ocrx_word' id='word_1_339' title='bbox 930 3681 947 3744; x_wconf 87' lang='grc' dir='ltr'><strong>ό</strong></span> <span class='ocrx_word' id='word_1_340' title='bbox 970 3681 1052 3767; x_wconf 86' lang='grc' dir='ltr'><strong>Σθμ-</strong></span> <span class='ocrx_word' id='word_1_341' title='bbox 1098 3678 1187 3740; x_wconf 87' lang='lat' dir='ltr'>coris</span> <span class='ocrx_word' id='word_1_342' title='bbox 1211 3676 1413 3741; x_wconf 88' lang='lat' dir='ltr'>chlamidem</span> <span class='ocrx_word' id='word_1_343' title='bbox 1440 3680 1583 3742; x_wconf 90' lang='lat' dir='ltr'>Domino</span> <span class='ocrx_word' id='word_1_344' title='bbox 1609 3680 1679 3742; x_wconf 92' lang='lat' dir='ltr'>Deo</span> <span class='ocrx_word' id='word_1_345' title='bbox 1702 3679 1853 3744; x_wconf 85' lang='lat' dir='ltr'>subtexi·</span> 
     </span>
     <span class='ocr_line' id='line_1_33' title="bbox 302 3782 1853 3872; baseline -0.002 -23"><span class='ocrx_word' id='word_1_346' title='bbox 302 3805 423 3871; x_wconf 84' lang='grc' dir='ltr'><strong>μαχος·</strong></span> <span class='ocrx_word' id='word_1_347' title='bbox 437 3782 554 3872; x_wconf 87' lang='grc' dir='ltr'><strong>Ὕμνον</strong></span> <span class='ocrx_word' id='word_1_348' title='bbox 568 3787 623 3850; x_wconf 85' lang='grc' dir='ltr'><strong>καί</strong></span> <span class='ocrx_word' id='word_1_349' title='bbox 637 3785 731 3864; x_wconf 89' lang='grc' dir='ltr'><strong>δόξαν</strong></span> <span class='ocrx_word' id='word_1_350' title='bbox 745 3783 900 3871; x_wconf 81' lang='grc' dir='ltr'><strong>ἡμφιέσυ.</strong></span> <span class='ocrx_word' id='word_1_351' title='bbox 917 3783 986 3850; x_wconf 76' lang='grc' dir='ltr'><strong>Οὐκ</strong></span> <span class='ocrx_word' id='word_1_352' title='bbox 1000 3787 1051 3850; x_wconf 90' lang='grc' dir='ltr'><strong>έσ-</strong></span> <span class='ocrx_word' id='word_1_353' title='bbox 1098 3799 1184 3845; x_wconf 86' lang='lat' dir='ltr'>mus.</span> <span class='ocrx_word' id='word_1_354' title='bbox 1205 3817 1242 3827; x_wconf 94' lang='lat'><em>-</em></span> <span class='ocrx_word' id='word_1_355' title='bbox 1260 3782 1323 3846; x_wconf 90' lang='lat' dir='ltr'>Vel</span> <span class='ocrx_word' id='word_1_356' title='bbox 1346 3783 1382 3845; x_wconf 92' lang='lat' dir='ltr'><strong>in</strong></span> <span class='ocrx_word' id='word_1_357' title='bbox 1404 3783 1497 3847; x_wconf 92' lang='lat' dir='ltr'>huno</span> <span class='ocrx_word' id='word_1_358' title='bbox 1520 3783 1675 3864; x_wconf 81' lang='lat' dir='ltr'>modum3</span> <span class='ocrx_word' id='word_1_359' title='bbox 1699 3785 1853 3865; x_wconf 85' lang='lat' dir='ltr'>Symma-</span> 
     </span>
     <span class='ocr_line' id='line_1_34' title="bbox 301 3885 1851 3976; baseline -0.005 -20"><span class='ocrx_word' id='word_1_360' title='bbox 301 3911 348 3956; x_wconf 92' lang='grc' dir='ltr'><strong>τιν</strong></span> <span class='ocrx_word' id='word_1_361' title='bbox 362 3892 425 3976; x_wconf 84' lang='grc' dir='ltr'><strong>γὰρ</strong></span> <span class='ocrx_word' id='word_1_362' title='bbox 447 3892 483 3954; x_wconf 86' lang='grc' dir='ltr'><strong>σὲ</strong></span> <span class='ocrx_word' id='word_1_363' title='bbox 498 3890 675 3975; x_wconf 75' lang='grc' dir='ltr'><strong>ἀγνοοῦσιν,</strong></span> <span class='ocrx_word' id='word_1_364' title='bbox 699 3889 808 3974; x_wconf 82' lang='grc' dir='ltr'><strong>[αλλὰ]</strong></span> <span class='ocrx_word' id='word_1_365' title='bbox 825 3899 889 3968; x_wconf 91' lang='grc' dir='ltr'><strong>τοῖς</strong></span> <span class='ocrx_word' id='word_1_366' title='bbox 905 3897 966 3955; x_wconf 82' lang='grc' dir='ltr'><strong>τῶν</strong></span> <span class='ocrx_word' id='word_1_367' title='bbox 988 3897 1052 3954; x_wconf 84' lang='grc' dir='ltr'><strong>σῶν</strong></span> <span class='ocrx_word' id='word_1_368' title='bbox 1098 3885 1200 3952; x_wconf 77' lang='grc' dir='ltr'><strong>ολιυει</strong></span> <span class='ocrx_word' id='word_1_369' title='bbox 1217 3888 1384 3967; x_wconf 67' lang='lat' dir='ltr'>dymnum</span> <span class='ocrx_word' id='word_1_370' title='bbox 1397 3891 1430 3951; x_wconf 79' lang='lat' dir='ltr'><strong>et</strong></span> <span class='ocrx_word' id='word_1_371' title='bbox 1439 3887 1582 3970; x_wconf 69' lang='lat' dir='ltr'>pierium</span> <span class='ocrx_word' id='word_1_372' title='bbox 1596 3886 1657 3952; x_wconf 83' lang='lat' dir='ltr'>tibi</span> <span class='ocrx_word' id='word_1_373' title='bbox 1668 3888 1851 3953; x_wconf 71' lang='lat' dir='ltr'>occimirti.</span> 
     </span>
     <span class='ocr_line' id='line_1_35' title="bbox 302 3988 1852 4081; baseline -0.003 -23"><span class='ocrx_word' id='word_1_374' title='bbox 302 3994 503 4058; x_wconf 79' lang='grc' dir='ltr'><strong>ἀπολαύσασι</strong></span> <span class='ocrx_word' id='word_1_375' title='bbox 518 3994 663 4081; x_wconf 81' lang='grc' dir='ltr'><strong>ἀγαθῶν·</strong></span> <span class='ocrx_word' id='word_1_376' title='bbox 687 3994 759 4059; x_wconf 80' lang='grc' dir='ltr'><strong>οὐδὲ</strong></span> <span class='ocrx_word' id='word_1_377' title='bbox 775 4002 839 4071; x_wconf 79' lang='grc' dir='ltr'><strong>τοῖς</strong></span> <span class='ocrx_word' id='word_1_378' title='bbox 862 3993 1000 4071; x_wconf 81' lang='grc' dir='ltr'><strong>εἰδώλοις</strong></span> <span class='ocrx_word' id='word_1_379' title='bbox 1015 3995 1051 4058; x_wconf 88' lang='grc' dir='ltr'><strong>τό</strong></span> <span class='ocrx_word' id='word_1_380' title='bbox 1099 3988 1193 4064; x_wconf 92' lang='lat' dir='ltr'>Quod</span> <span class='ocrx_word' id='word_1_381' title='bbox 1210 4007 1277 4052; x_wconf 92' lang='lat' dir='ltr'><strong>non</strong></span> <span class='ocrx_word' id='word_1_382' title='bbox 1293 3989 1388 4052; x_wconf 89' lang='lat' dir='ltr'>decet</span> <span class='ocrx_word' id='word_1_383' title='bbox 1403 4007 1459 4054; x_wconf 93' lang='lat' dir='ltr'><strong>eos</strong></span> <span class='ocrx_word' id='word_1_384' title='bbox 1475 3993 1534 4072; x_wconf 91' lang='lat' dir='ltr'>qui</span> <span class='ocrx_word' id='word_1_385' title='bbox 1557 3995 1591 4054; x_wconf 89' lang='lat' dir='ltr'><strong>te</strong></span> <span class='ocrx_word' id='word_1_386' title='bbox 1607 3993 1777 4072; x_wconf 75' lang='lat' dir='ltr'>ignorant,</span> <span class='ocrx_word' id='word_1_387' title='bbox 1791 3992 1852 4056; x_wconf 91' lang='lat' dir='ltr'><strong>sed</strong></span> 
     </span>
     <span class='ocr_line' id='line_1_36' title="bbox 302 4094 1854 4183; baseline 0 -22"><span class='ocrx_word' id='word_1_388' title='bbox 302 4098 358 4163; x_wconf 88' lang='grc' dir='ltr'><strong>σόν</strong></span> <span class='ocrx_word' id='word_1_389' title='bbox 378 4095 472 4174; x_wconf 83' lang='grc' dir='ltr'><strong>σε’θας</strong></span> <span class='ocrx_word' id='word_1_390' title='bbox 496 4097 733 4183; x_wconf 84' lang='grc' dir='ltr'><strong>προσφέρουσιν,</strong></span> <span class='ocrx_word' id='word_1_391' title='bbox 758 4097 842 4162; x_wconf 79' lang='grc' dir='ltr'><strong>ἀλλὰ</strong></span> <span class='ocrx_word' id='word_1_392' title='bbox 864 4098 900 4161; x_wconf 89' lang='grc' dir='ltr'><strong>σέ</strong></span> <span class='ocrx_word' id='word_1_393' title='bbox 923 4098 1052 4183; x_wconf 79' lang='grc' dir='ltr'><strong>ὑμνοῦσι</strong></span> <span class='ocrx_word' id='word_1_394' title='bbox 1098 4111 1155 4157; x_wconf 93' lang='lat' dir='ltr'><strong>eos</strong></span> <span class='ocrx_word' id='word_1_395' title='bbox 1171 4094 1295 4175; x_wconf 90' lang='lat' dir='ltr'>quibus</span> <span class='ocrx_word' id='word_1_396' title='bbox 1311 4094 1408 4158; x_wconf 90' lang='lat' dir='ltr'>donis</span> <span class='ocrx_word' id='word_1_397' title='bbox 1421 4095 1474 4158; x_wconf 92' lang='lat' dir='ltr'>his</span> <span class='ocrx_word' id='word_1_398' title='bbox 1489 4096 1557 4160; x_wconf 84' lang='lat' dir='ltr'>frui</span> <span class='ocrx_word' id='word_1_399' title='bbox 1571 4096 1688 4159; x_wconf 89' lang='lat' dir='ltr'>datum</span> <span class='ocrx_word' id='word_1_400' title='bbox 1706 4101 1774 4176; x_wconf 88' lang='lat' dir='ltr'>est;</span> <span class='ocrx_word' id='word_1_401' title='bbox 1795 4115 1854 4161; x_wconf 92' lang='lat' dir='ltr'>ne-</span> 
     </span>
     <span class='ocr_line' id='line_1_37' title="bbox 301 4198 1851 4289; baseline -0.001 -23"><span class='ocrx_word' id='word_1_402' title='bbox 301 4203 356 4266; x_wconf 83' lang='grc' dir='ltr'><strong>καί</strong></span> <span class='ocrx_word' id='word_1_403' title='bbox 371 4204 420 4266; x_wconf 85' lang='grc' dir='ltr'><strong>σοὶ</strong></span> <span class='ocrx_word' id='word_1_404' title='bbox 435 4205 470 4267; x_wconf 86' lang='grc' dir='ltr'><strong>τό</strong></span> <span class='ocrx_word' id='word_1_405' title='bbox 486 4213 543 4289; x_wconf 82' lang='grc' dir='ltr'><strong>της</strong></span> <span class='ocrx_word' id='word_1_406' title='bbox 558 4199 742 4287; x_wconf 82' lang='grc' dir='ltr'><strong>δοξολογίκς</strong></span> <span class='ocrx_word' id='word_1_407' title='bbox 757 4199 930 4267; x_wconf 83' lang='grc' dir='ltr'><strong>ἐκτείνουσι</strong></span> <span class='ocrx_word' id='word_1_408' title='bbox 945 4201 1049 4288; x_wconf 80' lang='grc' dir='ltr'><strong>χρέος.</strong></span> <span class='ocrx_word' id='word_1_409' title='bbox 1098 4215 1164 4278; x_wconf 91' lang='lat' dir='ltr'><strong>que</strong></span> <span class='ocrx_word' id='word_1_410' title='bbox 1187 4215 1243 4262; x_wconf 90' lang='lat' dir='ltr'><strong>eos</strong></span> <span class='ocrx_word' id='word_1_411' title='bbox 1263 4198 1322 4280; x_wconf 91' lang='lat' dir='ltr'>qui</span> <span class='ocrx_word' id='word_1_412' title='bbox 1345 4199 1538 4263; x_wconf 89' lang='lat' dir='ltr'>simulacris</span> <span class='ocrx_word' id='word_1_413' title='bbox 1561 4206 1664 4263; x_wconf 88' lang='lat' dir='ltr'>tunm</span> <span class='ocrx_word' id='word_1_414' title='bbox 1688 4200 1851 4264; x_wconf 89' lang='lat' dir='ltr'>honorem</span> 
     </span>
     <span class='ocr_line' id='line_1_38' title="bbox 302 4299 1850 4392; baseline -0.001 -25"><span class='ocrx_word' id='word_1_415' title='bbox 302 4345 343 4354; x_wconf 89' lang='lat'><em>-</em></span> <span class='ocrx_word' id='word_1_416' title='bbox 360 4299 407 4371; x_wconf 87' lang='lat' dir='ltr'><strong>&#39;H</strong></span> <span class='ocrx_word' id='word_1_417' title='bbox 421 4308 537 4383; x_wconf 78' lang='grc' dir='ltr'><strong>οὕτως·</strong></span> <span class='ocrx_word' id='word_1_418' title='bbox 561 4306 739 4390; x_wconf 67' lang='grc' dir='ltr'><strong>ἀφορῶντες</strong></span> <span class='ocrx_word' id='word_1_419' title='bbox 754 4307 797 4383; x_wconf 81' lang='grc' dir='ltr'><strong>εἰς</strong></span> <span class='ocrx_word' id='word_1_420' title='bbox 820 4307 878 4392; x_wconf 76' lang='grc' dir='ltr'><strong>την</strong></span> <span class='ocrx_word' id='word_1_421' title='bbox 894 4307 954 4392; x_wconf 64' lang='lat' dir='ltr'><strong>opo</strong></span> <span class='ocrx_word' id='word_1_422' title='bbox 977 4306 1050 4391; x_wconf 78' lang='grc' dir='ltr'><strong>πρό-</strong></span> <span class='ocrx_word' id='word_1_423' title='bbox 1098 4306 1259 4381; x_wconf 89' lang='lat' dir='ltr'>mactant,</span> <span class='ocrx_word' id='word_1_424' title='bbox 1281 4303 1340 4366; x_wconf 92' lang='lat' dir='ltr'><strong>sed</strong></span> <span class='ocrx_word' id='word_1_425' title='bbox 1356 4321 1414 4368; x_wconf 90' lang='lat' dir='ltr'><strong>eos</strong></span> <span class='ocrx_word' id='word_1_426' title='bbox 1436 4304 1543 4386; x_wconf 90' lang='lat' dir='ltr'>quite</span> <span class='ocrx_word' id='word_1_427' title='bbox 1566 4304 1707 4386; x_wconf 89' lang='lat' dir='ltr'>hymnis</span> <span class='ocrx_word' id='word_1_428' title='bbox 1723 4305 1850 4385; x_wconf 88' lang='lat' dir='ltr'>colunt,</span> 
     </span>
     <span class='ocr_line' id='line_1_39' title="bbox 302 4406 1852 4497; baseline -0.001 -23"><span class='ocrx_word' id='word_1_429' title='bbox 302 4429 399 4493; x_wconf 93' lang='grc' dir='ltr'><strong>νοιαν,</strong></span> <span class='ocrx_word' id='word_1_430' title='bbox 427 4411 488 4495; x_wconf 89' lang='grc' dir='ltr'><strong>[σέ]</strong></span> <span class='ocrx_word' id='word_1_431' title='bbox 516 4411 540 4474; x_wconf 81' lang='grc' dir='ltr'>ὼ</span> <span class='ocrx_word' id='word_1_432' title='bbox 567 4409 715 4490; x_wconf 89' lang='grc' dir='ltr'><strong>δέσποτα,</strong></span> <span class='ocrx_word' id='word_1_433' title='bbox 743 4408 970 4496; x_wconf 83' lang='grc' dir='ltr'><strong>μεγαλύνομεν,</strong></span> <span class='ocrx_word' id='word_1_434' title='bbox 993 4420 1051 4497; x_wconf 85' lang='grc' dir='ltr'><strong>της</strong></span> <span class='ocrx_word' id='word_1_435' title='bbox 1097 4406 1227 4488; x_wconf 89' lang='lat' dir='ltr'>tibique</span> <span class='ocrx_word' id='word_1_436' title='bbox 1243 4408 1441 4489; x_wconf 79' lang='lat' dir='ltr'>expandunt</span> <span class='ocrx_word' id='word_1_437' title='bbox 1453 4426 1578 4471; x_wconf 90' lang='lat' dir='ltr'>munus</span> <span class='ocrx_word' id='word_1_438' title='bbox 1591 4408 1785 4488; x_wconf 82' lang='lat' dir='ltr'>doxologiae</span> <span class='ocrx_word' id='word_1_439' title='bbox 1796 4408 1852 4472; x_wconf 90' lang='lat' dir='ltr'>de-</span> 
     </span>
     <span class='ocr_line' id='line_1_40' title="bbox 302 4501 1851 4599; baseline -0.001 -20"><span class='ocrx_word' id='word_1_440' title='bbox 302 4522 361 4598; x_wconf 83' lang='grc' dir='ltr'><strong>σης</strong></span> <span class='ocrx_word' id='word_1_441' title='bbox 386 4513 536 4598; x_wconf 86' lang='grc' dir='ltr'><strong>προνοίας</strong></span> <span class='ocrx_word' id='word_1_442' title='bbox 565 4517 601 4579; x_wconf 86' lang='grc' dir='ltr'><strong>τό</strong></span> <span class='ocrx_word' id='word_1_443' title='bbox 628 4512 760 4599; x_wconf 91' lang='grc' dir='ltr'><strong>μέγεθος</strong></span> <span class='ocrx_word' id='word_1_444' title='bbox 788 4512 1051 4599; x_wconf 88' lang='grc' dir='ltr'><strong>ἐκπληττόμενοι·</strong></span> <span class='ocrx_word' id='word_1_445' title='bbox 1097 4511 1217 4574; x_wconf 89' lang='lat' dir='ltr'>bitum.</span> <span class='ocrx_word' id='word_1_446' title='bbox 1236 4547 1274 4556; x_wconf 84' lang='lat'>—</span> <span class='ocrx_word' id='word_1_447' title='bbox 1291 4512 1352 4575; x_wconf 90' lang='lat' dir='ltr'>Vel</span> <span class='ocrx_word' id='word_1_448' title='bbox 1368 4513 1431 4576; x_wconf 93' lang='lat' dir='ltr'><strong>hoc</strong></span> <span class='ocrx_word' id='word_1_449' title='bbox 1446 4513 1561 4576; x_wconf 89' lang='lat' dir='ltr'>modo:</span> <span class='ocrx_word' id='word_1_450' title='bbox 1580 4514 1761 4577; x_wconf 82' lang='lat' dir='ltr'>intuentes</span> <span class='ocrx_word' id='word_1_451' title='bbox 1776 4501 1851 4595; x_wconf 80' lang='lat' dir='ltr'>pro-</span> 
     </span>
     <span class='ocr_line' id='line_1_41' title="bbox 303 4617 1849 4705; baseline -0.001 -22"><span class='ocrx_word' id='word_1_452' title='bbox 303 4621 401 4696; x_wconf 82' lang='grc' dir='ltr'><strong>οδτιυς</strong></span> <span class='ocrx_word' id='word_1_453' title='bbox 423 4621 482 4705; x_wconf 76' lang='grc' dir='ltr'><strong>την</strong></span> <span class='ocrx_word' id='word_1_454' title='bbox 504 4617 663 4704; x_wconf 81' lang='grc' dir='ltr'><strong>ἡμετέραν</strong></span> <span class='ocrx_word' id='word_1_455' title='bbox 685 4617 912 4703; x_wconf 84' lang='grc' dir='ltr'><strong>ἐξομολόγησιν</strong></span> <span class='ocrx_word' id='word_1_456' title='bbox 933 4619 989 4682; x_wconf 83' lang='grc' dir='ltr'><strong>καὶ</strong></span> <span class='ocrx_word' id='word_1_457' title='bbox 1003 4619 1052 4682; x_wconf 79' lang='grc' dir='ltr'><strong>εὐ·</strong></span> <span class='ocrx_word' id='word_1_458' title='bbox 1096 4617 1281 4680; x_wconf 78' lang='lat' dir='ltr'>videntium</span> <span class='ocrx_word' id='word_1_459' title='bbox 1296 4621 1401 4696; x_wconf 88' lang='lat' dir='ltr'>tuam,</span> <span class='ocrx_word' id='word_1_460' title='bbox 1417 4622 1461 4696; x_wconf 90' lang='lat' dir='ltr'><strong>te,</strong></span> <span class='ocrx_word' id='word_1_461' title='bbox 1478 4633 1496 4680; x_wconf 93' lang='lat' dir='ltr'>o</span> <span class='ocrx_word' id='word_1_462' title='bbox 1513 4617 1666 4695; x_wconf 88' lang='lat' dir='ltr'>Domine,</span> <span class='ocrx_word' id='word_1_463' title='bbox 1683 4633 1849 4694; x_wconf 79' lang='lat' dir='ltr'>magnum</span> 
     </span>
     <span class='ocr_line' id='line_1_42' title="bbox 301 4719 1849 4808; baseline -0.003 -20"><span class='ocrx_word' id='word_1_464' title='bbox 301 4721 463 4808; x_wconf 86' lang='grc' dir='ltr'><strong>πρέπειαν,</strong></span> <span class='ocrx_word' id='word_1_465' title='bbox 485 4721 627 4788; x_wconf 86' lang='grc' dir='ltr'><strong>τουτέστι</strong></span> <span class='ocrx_word' id='word_1_466' title='bbox 651 4724 730 4808; x_wconf 72' lang='grc' dir='ltr'><strong>μετὰ</strong></span> <span class='ocrx_word' id='word_1_467' title='bbox 747 4722 834 4787; x_wconf 86' lang='grc' dir='ltr'><strong>αίνου</strong></span> <span class='ocrx_word' id='word_1_468' title='bbox 857 4720 1049 4807; x_wconf 90' lang='grc' dir='ltr'><strong>δοξολογίαν,</strong></span> <span class='ocrx_word' id='word_1_469' title='bbox 1097 4721 1251 4800; x_wconf 89' lang='lat' dir='ltr'>dicimus,</span> <span class='ocrx_word' id='word_1_470' title='bbox 1285 4725 1353 4784; x_wconf 84' lang='lat' dir='ltr'><strong>tuae</strong></span> <span class='ocrx_word' id='word_1_471' title='bbox 1375 4721 1594 4801; x_wconf 89' lang='lat' dir='ltr'>obstupentes</span> <span class='ocrx_word' id='word_1_472' title='bbox 1626 4719 1849 4801; x_wconf 72' lang='lat' dir='ltr'>providentia</span> 
     </span>
     <span class='ocr_line' id='line_1_43' title="bbox 302 4824 1849 4912; baseline -0.001 -22"><span class='ocrx_word' id='word_1_473' title='bbox 302 4827 408 4910; x_wconf 79' lang='grc' dir='ltr'><strong>ὥσπερ</strong></span> <span class='ocrx_word' id='word_1_474' title='bbox 423 4846 453 4890; x_wconf 91' lang='grc' dir='ltr'><strong>τι</strong></span> <span class='ocrx_word' id='word_1_475' title='bbox 468 4824 666 4910; x_wconf 82' lang='grc' dir='ltr'><strong>περιθόλοιιον</strong></span> <span class='ocrx_word' id='word_1_476' title='bbox 689 4824 904 4912; x_wconf 84' lang='grc' dir='ltr'><strong>ἀμφιέννυσαι,</strong></span> <span class='ocrx_word' id='word_1_477' title='bbox 921 4827 942 4911; x_wconf 78' lang='grc' dir='ltr'>ἢ</span> <span class='ocrx_word' id='word_1_478' title='bbox 959 4828 995 4890; x_wconf 89' lang='grc' dir='ltr'><strong>τό</strong></span> <span class='ocrx_word' id='word_1_479' title='bbox 1017 4827 1051 4890; x_wconf 88' lang='grc' dir='ltr'><strong>ἐν</strong></span> <span class='ocrx_word' id='word_1_480' title='bbox 1097 4827 1344 4889; x_wconf 89' lang='lat' dir='ltr'>immanitatem</span> <span class='ocrx_word' id='word_1_481' title='bbox 1353 4845 1361 4904; x_wconf 93' lang='lat'>;</span> <span class='ocrx_word' id='word_1_482' title='bbox 1379 4826 1426 4888; x_wconf 92' lang='lat' dir='ltr'>ita</span> <span class='ocrx_word' id='word_1_483' title='bbox 1442 4831 1558 4888; x_wconf 88' lang='lat' dir='ltr'>nostra</span> <span class='ocrx_word' id='word_1_484' title='bbox 1574 4824 1716 4887; x_wconf 86' lang='lat' dir='ltr'>laudum</span> <span class='ocrx_word' id='word_1_485' title='bbox 1731 4841 1849 4888; x_wconf 89' lang='lat' dir='ltr'>mnne·</span> 
     </span>
     <span class='ocr_line' id='line_1_44' title="bbox 297 4928 1847 5016; baseline -0.002 -21"><span class='ocrx_word' id='word_1_486' title='bbox 297 4929 450 5016; x_wconf 70' lang='grc' dir='ltr'><strong>’μεγάλοις</strong></span> <span class='ocrx_word' id='word_1_487' title='bbox 466 4932 521 4994; x_wconf 80' lang='grc' dir='ltr'><strong>καί</strong></span> <span class='ocrx_word' id='word_1_488' title='bbox 538 4929 756 5016; x_wconf 84' lang='grc' dir='ltr'><strong>ὑπεραίρουσιν</strong></span> <span class='ocrx_word' id='word_1_489' title='bbox 772 4931 855 5016; x_wconf 83' lang='grc' dir='ltr'><strong>ἔχων</strong></span> <span class='ocrx_word' id='word_1_490' title='bbox 869 4934 906 4995; x_wconf 85' lang='grc' dir='ltr'><strong>τό</strong></span> <span class='ocrx_word' id='word_1_491' title='bbox 921 4928 1050 5016; x_wconf 80' lang='grc' dir='ltr'><strong>πρέπον,</strong></span> <span class='ocrx_word' id='word_1_492' title='bbox 1096 4947 1135 4992; x_wconf 91' lang='lat' dir='ltr'><strong>ra</strong></span> <span class='ocrx_word' id='word_1_493' title='bbox 1161 4933 1195 4991; x_wconf 90' lang='lat' dir='ltr'><strong>et</strong></span> <span class='ocrx_word' id='word_1_494' title='bbox 1222 4929 1351 5010; x_wconf 92' lang='lat' dir='ltr'>decora,</span> <span class='ocrx_word' id='word_1_495' title='bbox 1378 4930 1507 4993; x_wconf 88' lang='lat' dir='ltr'>scilicet</span> <span class='ocrx_word' id='word_1_496' title='bbox 1528 4932 1597 4991; x_wconf 79' lang='lat' dir='ltr'>tuae</span> <span class='ocrx_word' id='word_1_497' title='bbox 1622 4928 1701 4993; x_wconf 84' lang='lat' dir='ltr'>data</span> <span class='ocrx_word' id='word_1_498' title='bbox 1727 4928 1847 5006; x_wconf 76' lang='lat' dir='ltr'>gloriae</span> 
     </span>
     <span class='ocr_line' id='line_1_45' title="bbox 302 5031 1846 5119; baseline -0.001 -21"><span class='ocrx_word' id='word_1_499' title='bbox 302 5032 548 5119; x_wconf 87' lang='grc' dir='ltr'><strong>Ἐξομολόγηστς</strong></span> <span class='ocrx_word' id='word_1_500' title='bbox 564 5035 650 5099; x_wconf 84' lang='grc' dir='ltr'><strong>δὲτὸ</strong></span> <span class='ocrx_word' id='word_1_501' title='bbox 674 5042 779 5099; x_wconf 85' lang='grc' dir='ltr'><strong>πᾶσαν</strong></span> <span class='ocrx_word' id='word_1_502' title='bbox 795 5031 975 5119; x_wconf 84' lang='grc' dir='ltr'><strong>συμφωνίαν</strong></span> <span class='ocrx_word' id='word_1_503' title='bbox 991 5043 1052 5102; x_wconf 78' lang='grc' dir='ltr'><strong>τῶν</strong></span> <span class='ocrx_word' id='word_1_504' title='bbox 1097 5035 1239 5112; x_wconf 87' lang='lat' dir='ltr'>cantica,</span> <span class='ocrx_word' id='word_1_505' title='bbox 1262 5035 1369 5098; x_wconf 87' lang='lat' dir='ltr'>veluti</span> <span class='ocrx_word' id='word_1_506' title='bbox 1392 5033 1672 5115; x_wconf 90' lang='lat' dir='ltr'>paludamentum</span> <span class='ocrx_word' id='word_1_507' title='bbox 1695 5033 1759 5096; x_wconf 90' lang='lat' dir='ltr'>tibi</span> <span class='ocrx_word' id='word_1_508' title='bbox 1782 5035 1846 5097; x_wconf 90' lang='lat' dir='ltr'>cir-</span> 
     </span>
     <span class='ocr_line' id='line_1_46' title="bbox 304 5131 1841 5225; baseline -0.001 -25"><span class='ocrx_word' id='word_1_509' title='bbox 304 5135 494 5222; x_wconf 88' lang='grc' dir='ltr'><strong>ἐναρμονίυν</strong></span> <span class='ocrx_word' id='word_1_510' title='bbox 520 5139 589 5225; x_wconf 83' lang='grc' dir='ltr'><strong>ἔχει</strong></span> <span class='ocrx_word' id='word_1_511' title='bbox 614 5137 776 5222; x_wconf 84' lang='grc' dir='ltr'><strong>παραυτά·</strong></span> <span class='ocrx_word' id='word_1_512' title='bbox 799 5137 952 5206; x_wconf 79' lang='grc' dir='ltr'><strong>ἀλλὰκαὶ</strong></span> <span class='ocrx_word' id='word_1_513' title='bbox 967 5137 1051 5204; x_wconf 82' lang='grc' dir='ltr'><strong>ἐνδό-</strong></span> <span class='ocrx_word' id='word_1_514' title='bbox 1096 5141 1286 5222; x_wconf 85' lang='lat' dir='ltr'>cumcinge,</span> <span class='ocrx_word' id='word_1_515' title='bbox 1308 5139 1371 5204; x_wconf 87' lang='lat' dir='ltr'>tibi</span> <span class='ocrx_word' id='word_1_516' title='bbox 1395 5131 1676 5204; x_wconf 87' lang='lat' dir='ltr'>sanevindicans</span> <span class='ocrx_word' id='word_1_517' title='bbox 1690 5137 1782 5219; x_wconf 90' lang='lat' dir='ltr'>quod</span> <span class='ocrx_word' id='word_1_518' title='bbox 1804 5138 1841 5200; x_wconf 91' lang='lat' dir='ltr'><strong>in</strong></span> 
     </span>
    </p>
   </div>
   <div class='ocr_carea' id='block_1_13' title="bbox 0 0 2018 6098">
    <p class='ocr_par' dir='ltr' id='par_1_14' title="bbox 0 0 2018 6098">
     <span class='ocr_line' id='line_1_47' title="bbox 0 0 2018 6098; baseline 0 0"><span class='ocrx_word' id='word_1_519' title='bbox 0 0 2018 6098; x_wconf 95' lang='lat' dir='ltr'><strong> </strong></span> 
     </span>
    </p>
   </div>
  </div>
 </body>
</html>
