4008 6094
284 416 325 476 aa
923 373 1162 480 'onrounns

279 551 435 619 ἔστινκαὶ
459 554 517 618 οὐκ
540 553 610 618 οἰδα
628 552 657 617 τί
679 551 810 639 ποιῆσω.
828 592 868 602 -
885 551 1028 639 Λογόσαι,
1075 556 1204 618 inimioi
1220 560 1254 619 et
1268 557 1518 638 oppressionem
1531 559 1726 638 peccatoris.
1744 560 1819 621 Cer·

278 657 366 741 φησὶ,
379 655 424 734 τίς
436 659 527 735 οὗτος
539 657 556 722 ό
568 655 754 743 εθχόμενος;
770 657 787 722 ό
802 653 883 736 ‘rag
895 667 950 721 τοῦ
962 655 1029 721 Πα-
1073 662 1188 723 tamen
1204 661 1288 723 mihi
1304 664 1451 725 multum
1467 667 1527 742 est,
1547 681 1611 726 neo
1626 663 1724 726 video
1740 662 1823 743 quid

277 762 359 844 τρδς,
387 760 404 825 ό
430 761 594 848 όμοοόσιος
625 760 780 847 βασιλεὺς,
805 759 890 825 ἀλλὰ
916 757 1029 825 δούλου
1074 779 1186 841 agam.
1205 799 1243 808 -
1262 765 1392 844 Cogita,
1419 766 1476 845 ait,
1497 766 1573 847 quis
1597 766 1655 829 ille
1677 767 1723 829 sit
1743 784 1821 848 sup

278 865 406 950 μορφῆν,
434 864 547 951 φέρων,
570 866 621 930 ἵνα
644 864 735 930 σὼσω
765 866 801 929 τὸ
828 862 961 950 πλάσμα
990 865 1026 927 τδ
1072 868 1150 948 plex
1165 873 1293 940 oraton·
1309 871 1384 948 Ego
1399 871 1506 934 Filius
1529 872 1646 948 Patris,
1664 869 1815 948 ejusdem

252 1032 255 1037 ,
276 965 465 1053 ῆλεώτερον,
481 971 536 1034 καὶ
551 968 737 1035 εἰσάκουσόν
749 989 818 1054 μου.
833 966 951 1053 Κοινῆς
966 970 1028 1052 γὰρ
1072 971 1283 1036 substantiae
1294 991 1363 1052 rex,
1373 973 1431 1036 sed
1443 975 1532 1037 servi
1544 975 1686 1037 formam
1698 973 1820 1053 ferens,

278 1070 371 1158 δόξης
393 1076 430 1139 τό
444 1071 699 1160 σπουδαζόμενον
715 1075 854 1159 εὔχεται.
1074 1077 1113 1136 nt
1134 1076 1263 1138 salvam
1286 1075 1408 1140 faoiam
1430 1076 1636 1142 stolidiorem
1663 1080 1819 1158 opellam,

1073 1180 1175 1242 etiam
1183 1179 1306 1244 exaudi
1315 1199 1379 1244 me.
1392 1182 1586 1246 Communis
1597 1181 1688 1245 enim
1701 1183 1821 1261 gloria

1073 1282 1257 1364 studiosus,
1273 1288 1407 1349 Patrem
1424 1285 1631 1367 depreeatur.

326 1406 357 1450 v.
375 1387 405 1450 4.
421 1383 493 1452 Ὅτι
509 1385 670 1466 ἐξέκλιναν
681 1385 731 1452 ἐπ’
746 1385 802 1475 ἐμὲ
818 1386 959 1473 άνομίαν,
975 1389 1030 1453 καὶ
1117 1407 1149 1450 v.
1167 1390 1197 1451 4.
1218 1379 1374 1465 ριιοιιιακι
1388 1389 1628 1455 declinaverant
1641 1391 1678 1454 in
1692 1406 1742 1454 και
1755 1388 1820 1454 ini

281 1487 316 1554 ἐν
331 1490 410 1575 δμγῆ
426 1489 590 1556 ἐνεκότουν
606 1512 668 1577 μοι.
1074 1494 1238 1575 quitatem,
1257 1498 1288 1558 at
1302 1494 1407 1558 inira
1421 1493 1655 1559 nwlartierant
1668 1491 1761 1556 milri.

318 1593 573 1680 Ἐξομσλογεῖιαι
597 1594 742 1676 ἐνταῦθα,
759 1595 915 1662 διδάσκων
937 1595 1023 1681 ἡμᾶς
1117 1596 1181 1660 Hie
1207 1597 1398 1678 confitetur,
1424 1598 1547 1663 doeens
1570 1615 1630 1661 nos
1653 1595 1817 1677 confiteri,

276 1696 543 1785 ἐξομολογεῖσθαι,
567 1698 609 1777 ὡς
631 1702 667 1765 τό
690 1699 857 1786 πρόσωπον
878 1700 970 1786 ἡμῶν
993 1699 1029 1764 ά·
1075 1699 1173 1780 quasi
1195 1718 1373 1781 personam
1395 1707 1546 1766 nostram
1567 1719 1754 1766 assumens.
1779 1735 1818 1745 -

276 1801 432 1868 ναλαθὼν.
450 1843 491 1852 -
507 1803 644 1891 Ἀνομοι
666 1805 764 1883 ὄντες,
779 1805 859 1868 ὥστε
882 1803 1029 1888 άμαρτω-
1075 1801 1199 1882 Injusti
1222 1810 1314 1884 sunt,
1329 1806 1411 1869 dum
1433 1811 1589 1887 peooator
1604 1811 1639 1869 et
1660 1806 1819 1868 inimicus

263 1903 330 1995 ,λδς
345 1908 400 1972 καὶ
415 1907 538 1995 ἐχθρός,
554 1906 749 1973 ἐκκλίνουσιν
764 1906 815 1972 ἐπ’
831 1907 896 1993 ἐμὲ,
910 1909 961 1971 ἵνα
972 1906 1029 1993 ἐμὲ
1074 1907 1242 1970 inclinant
1263 1927 1300 1972 se
1322 1927 1425 1991 super
1440 1927 1504 1989 me,
1525 1915 1564 1974 ut
1585 1911 1744 1991 iniquum
1766 1925 1820 1972 me

278 2009 396 2096 άνομον
418 2010 608 2096 ποιήσωσιν·
629 2009 767 2096 apansa
788 2013 850 2096 γάρ
874 2009 1030 2097 ἁμαρτίαν
1073 2007 1210 2074 iaciant.
1227 2012 1406 2076 Peccatum
1420 2012 1463 2075 ad
1485 2018 1660 2094 peooatum
1676 2007 1818 2092 exaitat3

278 2109 417 2198 ἔρετθζει.
435 2115 565 2200 Ἐπειδὴ
581 2124 668 2199 κακῆ
684 2113 888 2202 τετέχνηνται
903 2135 1029 2201 συμφω-
1075 2113 1210 2195 quando
1225 2115 1363 2196 quidem
1379 2117 1525 2197 pessima
1539 2097 1723 2180 machinati
1738 2120 1820 2180 sunt

279 2215 338 2303 νία,
351 2218 499 2285 διάλυσον
514 2219 627 2300 αὐτῶν,
640 2217 789 2300 δέσποτα,
801 2221 859 2304 τῆν
871 2218 1027 2304 ὁμόνοιαν.
1074 2216 1263 2298 eoncordia,
1279 2217 1415 2300 dissipa,
1434 2220 1586 2300 Domine,
1602 2236 1720 2282 eorum
1742 2236 1819 2283 oon·

282 2409 283 2414 γ
1074 2321 1308 2401 spirationem.

220 2413 222 2420 '
320 2443 352 2488 ν.
376 2427 406 2490 6.
431 2423 534 2504 Φόθος
556 2427 612 2491 καὶ
633 2425 747 2513 τρόμος
769 2424 867 2512 ῆλθεν
888 2426 940 2492 ἐπ’
962 2427 1029 2515 ἐμὲ,
1120 2442 1152 2489 ν.
1170 2429 1200 2490 6.
1222 2429 1336 2492 rimor
1357 2433 1388 2493 et
1409 2433 1529 2493 trena
1549 2433 1706 2494 uenerant
1725 2444 1823 2511 saper

283 2529 338 2592 nai
353 2527 493 2614 ἐκάλυψέ
511 2551 548 2616 με
564 2529 686 2608 σκότος.
1077 2521 1141 2609 ma.
1156 2535 1188 2595 at
1202 2535 1409 2596 comanerent
1421 2531 1625 2596 aeternna.

320 2630 388 2716 Τῆν
411 2632 539 2718 άγνσιαν
562 2643 616 2700 νῦν
640 2631 752 2710 σκότος
775 2633 942 2721 ὀνομάζει·
964 2636 1024 2700 οὐκ
1121 2634 1356 2711 Ignorantiam
1372 2652 1463 2699 nuno
1479 2636 1623 2702 tenebras
1637 2641 1822 2717 nuncupat.

276 2735 417 2820 ἔγνωσαν
431 2737 504 2821 γάρ,
521 2739 626 2821 φησὶν,
643 2737 716 2802 οὐδὲ
738 2745 889 2823 συνῆκαν,
906 2739 939 2804 ἐν
956 2737 1029 2803 σκό-
1078 2739 1310 2803 «Nescierunt
1325 2741 1427 2818 enim,
1443 2741 1566 2820 inquit,
1589 2757 1699 2821 neque
1723 2740 1821 2804 intel-

280 2859 327 2904 τει
341 2839 590 2925 διαπορεθονται.
1076 2843 1245 2922 rexerunt,
1262 2844 1298 2905 in
1314 2843 1462 2907 tenebris
1477 2843 1664 2906 ambulant.
1679 2864 1696 2903 ο

323 2962 355 3008 ν.
373 2946 402 3008 7.
420 2942 486 3008 Καὶ
501 2931 593 3010 εἶπα·
616 2944 671 3022 Τίς
687 2944 779 3011 δόισει
800 2968 852 3033 μοι
874 2945 1030 3034 πτέρυγας
1119 2964 1151 3009 ν.
1169 2946 1199 3010 7.
1215 2948 1261 3010 aa
1281 2947 1371 3010 clini:
1393 2948 1469 3029 qaia
1490 2947 1579 3012 dabit
1599 2946 1681 3011 nini
1695 2957 1823 3029 pennae

279 3043 354 3110 ὡσεὶ
370 3057 572 3134 περιστερᾶςγ
1075 3050 1166 3116 aiant
1180 3050 1345 3115 calaatha?
1367 3057 1369 3060 ’

253 3225 257 3232 Ι
324 3147 389 3214 Καὶ
405 3151 496 3216 εἶπα·
512 3152 567 3231 Τίς
582 3152 761 3240 καταξιώσῃ
779 3175 818 3240 με
832 3162 890 3240 τῆς
900 3156 1029 3243 χάριτος
1055 3225 1059 3234 ,
1123 3155 1168 3218 Et
1182 3154 1268 3218 dixi:
1286 3156 1363 3237 quis
1379 3156 1532 3244 ostendet
1547 3157 1632 3220 mihi
1654 3157 1822 3222 charisma

253 3263 338 3334 ,τοῦ
355 3253 555 3343 Πνεύματος;
938 3318 946 3334 ,
981 3255 1005 3340 “,
1055 3259 1249 3350 ¹Spiritus?

254 3431 258 3438 ,
323 3380 355 3424 ν.
375 3361 424 3425 14.
441 3359 487 3427 Σὺ
502 3363 548 3444 δὲ,
565 3361 708 3447 ἄνθρωπε
724 3363 875 3451 ἰσόψυχελ
1119 3380 1150 3424 ν.
1169 3364 1219 3425 14.
1239 3365 1289 3427 Iu
1302 3381 1385 3444 aena,
1405 3364 1494 3428 tanao
1508 3366 1696 3432 unanimis!

323 3463 522 3551 Σημειωτέον
544 3467 592 3532 ὅτι
623 3468 865 3554 χαλεπωτέρους
890 3477 952 3534 τῶν
975 3469 1029 3556 ἐχ·
1119 3465 1310 3530 Notandum
1324 3469 1822 3554 quodinsidianiesamicisunt

252 3641 255 3648 ¹
280 3567 362 3652 θοῶν
377 3569 540 3655 ἡγούμεθα
550 3573 624 3650 τοὺς
639 3571 746 3657 φίλους
761 3572 1030 3659 ἐπιβουλεύοντας.
1078 3570 1296 3634 inimieorum
1312 3572 1531 3644 molestiores.

327 3800 501 3864 Hnnnrns.
518 3819 549 3864 v.
569 3801 597 3865 7,
618 3802 697 3878 ρυλε
714 3800 803 3867 dabit
816 3802 922 3869 milri?
944 3805 1030 3867 Evo-
1075 3797 1240 3860 columba
1254 3797 1365 3879 speeie
1377 3798 1523 3879 Spiritus
1539 3798 1575 3862 iu
1588 3816 1666 3863 eum
1677 3799 1822 3864 volando

283 3887 354 3950 lare
370 3893 496 3968 autem,
519 3895 559 3954 ut
574 3891 731 3954 columba
752 3890 900 3971 festinat,
925 3892 959 3955 id
978 3899 1030 3956 est
1076 3887 1277 3967 requievit..
1296 3935 1303 3949 .

250 4059 252 4066 .
281 3977 317 4038 in
332 3978 521 4057 spiritalem
534 3979 642 4042 redire
658 3985 826 4043 naturam.
843 3983 929 4044 Nam
940 3985 975 4045 et
990 3983 1025 4044 in

317 4199 345 4238 v.
358 4181 383 4236 6.
397 4179 464 4237 Vnt.
477 4181 503 4236 5.
516 4179 560 4236 Cf.
573 4181 622 4236 Ps.
637 4197 745 4252 uxxxn
757 4183 783 4238 5.
1075 4178 1125 4250 qui
1139 4177 1208 4235 dum
1225 4179 1280 4236 hos
1298 4181 1426 4254 psalmos
1444 4180 1695 4255 interpretaretur,
1707 4185 1824 4238 rotoma

289 4329 290 4332 γ
314 4285 342 4324 ν.
354 4269 380 4323 7.
394 4267 460 4322 Vnt.
473 4269 500 4338 2,
513 4267 539 4324 5.
553 4267 609 4323 Sia.
622 4269 652 4323 in
665 4286 708 4341 ps.
723 4286 783 4339 rvr,
793 4271 826 4325 2:
839 4270 877 4324 Bt
893 4270 922 4324 in
931 4270 1029 4326 ambra
1050 4286 1054 4294 ’
1073 4266 1213 4324 versabat
1233 4269 1464 4339 commentarios,
1489 4275 1523 4324 ut
1546 4286 1636 4342 snpra
1661 4267 1759 4324 innuit
1783 4267 1823 4324 ad

279 4354 391 4409 alaram
401 4360 513 4409 Ιυανυυι
523 4355 652 4425 ιμονιιόυ,
664 4355 807 4426 Origenes
816 4355 924 4412 subdit:
936 4357 1031 4414 ιιΗιωο
1074 4371 1118 4426 με.
1132 4371 1158 4423 n,
1172 4355 1214 4409 14.
1228 4354 1332 4428 Oparae
1344 4357 1472 4434 pretium
1483 4362 1528 4412 eet
1545 4355 1704 4412 restituere
1714 4355 1823 4410 saitem

279 4439 352 4496 dicit
373 4440 411 4496 ad
429 4439 580 4514 Spiritum,
598 4441 649 4512 qui
670 4442 753 4498 visus
771 4449 818 4498 est
838 4443 871 4498 in
888 4444 1030 4502 oolnmbae
1073 4440 1170 4496 inhao
1180 4440 1295 4514 paginae
1307 4442 1456 4515 crepidine
1467 4441 1667 4499 venerandum
1679 4443 1822 4514 interpre-

279 4527 410 4600 speeie„
424 4528 483 4582 BB.
496 4528 558 4584 733.
686 4581 689 4590 ,
1073 4531 1141 4597 tem,
1154 4528 1220 4582 rudi
1232 4527 1358 4599 quadam
1376 4534 1407 4584 et
1423 4528 1526 4596 audaoi
1544 4529 1677 4586 novitate
1694 4528 1821 4586 insolen-

312 4632 340 4672 ν.
354 4616 389 4672 14
406 4615 568 4673 vanarn
579 4633 608 4672 v.
627 4615 662 4671 16
674 4614 712 4671 ad
729 4615 835 4673 verbor
848 4620 900 4672 Καὶ
910 4621 1030 4689 καταθῆ-
1074 4619 1141 4684 tem,
1154 4614 1207 4669 aad
1220 4614 1307 4670 dubio
1319 4617 1421 4688 prooul
1433 4615 1600 4672 catheohesi
1612 4615 1777 4672 addietum:

278 4718 365 4757 τωσαν
383 4707 420 4768 εἰς
438 4704 503 4770 ᾅδου
521 4706 628 4770 ζῶντες,
641 4702 765 4758 adduxit
777 4703 942 4775 Corderius,
959 4710 981 4760 t.
995 4722 1028 4762 11.
1109 4704 1208 4770 Ἔλεγί
1219 4718 1257 4767 τις
1268 4707 1320 4756 τῶν
1333 4705 1461 4767 παλαιῶν
1480 4705 1583 4768 ζῶντας
1596 4707 1633 4768 εἰς
1646 4703 1711 4785 tono
1728 4701 1824 4767 κατόρ-

279 4806 307 4862 p
320 4789 384 4844 63
356 4789 522 4860 ,insignem
541 4807 725 4862 anonymum,
739 4805 825 4861 quem
838 4807 916 4864 aaepe
928 4746 1030 4864 ‹iepre-
1073 4790 1167 4856 χεσθαι
1179 4792 1273 4857 μόνους
1284 4790 1346 4853 τους
1363 4791 1510 4856 κατῆχησιν
1521 4793 1573 4842 τῶν
1587 4790 1664 4842 θείων
1680 4787 1823 4853 παιδευμά-
1910 4851 1912 4856 Ι
2000 4833 2001 4850 ,

249 4941 255 4947 ¹
279 4875 370 4930 hendi
391 4875 537 4931 munerum
558 4892 623 4932 esre
646 4881 780 4931 nostrum
791 4875 1029 4933 Adamantinum.
1072 4893 1124 4929 των
1135 4879 1257 4941 θχοντας
1270 4877 1350 4941 όγιίρ
1369 4876 1497 4942 όγευστος
1508 4880 1561 4928 τῶν
1573 4879 1621 4941 τῆς
1634 4875 1705 4940 ζωῆς
1723 4874 1820 4939 λόγων,

280 4960 365 5028 Quod
378 4977 448 5016 sane
467 4959 612 5016 scholium
625 4961 651 5017 si
663 4963 858 5034 repperissem
875 4962 907 5017 in
923 4963 1030 5018 eodioi·
1072 4964 1176 5028 νεκρός.
1188 4963 1261 5014 Ἐπεὶ
1273 4963 1317 5014 οθν
1330 4964 1346 5014 ό
1359 4962 1461 5026 Ἲοθόας
1474 4965 1521 5013 καὶ
1531 4967 1584 5025 πας
1596 4963 1612 5013 ό
1624 4963 1677 5012 τῶν
1689 4959 1824 5011 Ἰουδαίων

281 5043 337 5100 θυι
355 5045 429 5100 meis
446 5049 600 5114 ἀνάκδοτον,
620 5047 719 5119 potius
743 5048 818 5105 illud
841 5048 880 5104 ad
899 5048 1030 5106 seniores
1073 5051 1149 5114 λαός,
1165 5050 1314 5116 κατῆχησιν
1335 5051 1406 5113 εἶχεν
1423 5051 1470 5100 τοῦ
1488 5049 1570 5115 νόμου
1587 5049 1634 5099 καῑ
1650 5047 1704 5098 τῶν
1720 5059 1823 5111 προφη·

281 5131 497 5190 Alexandrinos
515 5132 690 5204 retulissem,
708 5151 796 5205 quam
813 5133 851 5192 ad
864 5133 1029 5207 origenem,
1072 5139 1133 5202 τῶν,
1151 5136 1265 5190 θανάτου
1287 5135 1328 5188 ἐπ’
1347 5137 1443 5199 αὐτοὺς
1460 5135 1613 5202 θρχομόνυυ,
1630 5129 1678 5184 τοῦ
1696 5131 1826 5198 θπομὲνου
