<?xml version="1.0" encoding="UTF-8"?>
<!DOCTYPE html PUBLIC "-//W3C//DTD XHTML 1.0 Transitional//EN"
    "http://www.w3.org/TR/xhtml1/DTD/xhtml1-transitional.dtd">
<html xmlns="http://www.w3.org/1999/xhtml" xml:lang="en" lang="en">
 <head>
  <title>
</title>
<meta http-equiv="Content-Type" content="text/html;charset=utf-8" />
  <meta name='ocr-system' content='tesseract 3.04.00' />
  <meta name='ocr-capabilities' content='ocr_page ocr_carea ocr_par ocr_line ocrx_word'/>
</head>
<body>
  <div class='ocr_page' id='page_1' title='image "./analectasacrasp00pitrgoog_0204.png"; bbox 0 0 4020 6098; ppageno 0'>
   <div class='ocr_carea' id='block_1_1' title="bbox 818 421 1719 492">
    <p class='ocr_par' dir='ltr' id='par_1_1' title="bbox 818 421 1719 492">
     <span class='ocr_line' id='line_1_1' title="bbox 818 421 1719 492; baseline -0.009 0"><span class='ocrx_word' id='word_1_1' title='bbox 818 425 862 492; x_wconf 91' lang='lat' dir='ltr'><strong>IN</strong></span> <span class='ocrx_word' id='word_1_2' title='bbox 884 422 1071 490; x_wconf 78' lang='lat' dir='ltr'>PSALMOS</span> <span class='ocrx_word' id='word_1_3' title='bbox 1657 421 1719 484; x_wconf 87' lang='grc'><strong>193</strong></span> 
     </span>
    </p>
   </div>
   <div class='ocr_carea' id='block_1_2' title="bbox 86 558 1722 4399">
    <p class='ocr_par' dir='ltr' id='par_1_2' title="bbox 86 558 1721 1899">
     <span class='ocr_line' id='line_1_2' title="bbox 215 558 1719 649; baseline 0.001 -23"><span class='ocrx_word' id='word_1_4' title='bbox 215 558 283 627; x_wconf 79' lang='grc' dir='ltr'><strong>Τοῦ</strong></span> <span class='ocrx_word' id='word_1_5' title='bbox 298 559 504 649; x_wconf 77' lang='grc' dir='ltr'><strong>λογιζομένου</strong></span> <span class='ocrx_word' id='word_1_6' title='bbox 519 561 561 642; x_wconf 81' lang='grc' dir='ltr'><strong>ὣς</strong></span> <span class='ocrx_word' id='word_1_7' title='bbox 577 563 697 631; x_wconf 82' lang='grc' dir='ltr'><strong>καπνόν</strong></span> <span class='ocrx_word' id='word_1_8' title='bbox 712 564 790 632; x_wconf 88' lang='grc' dir='ltr'><strong>εἰναι</strong></span> <span class='ocrx_word' id='word_1_9' title='bbox 811 568 852 632; x_wconf 80' lang='grc' dir='ltr'><strong>τὰ</strong></span> <span class='ocrx_word' id='word_1_10' title='bbox 869 563 922 630; x_wconf 80' lang='grc' dir='ltr'><strong>ἀν·</strong></span> <span class='ocrx_word' id='word_1_11' title='bbox 1010 565 1094 645; x_wconf 86' lang='lat' dir='ltr'><strong>Viri,</strong></span> <span class='ocrx_word' id='word_1_12' title='bbox 1110 565 1354 630; x_wconf 89' lang='lat' dir='ltr'><strong>considerantis</strong></span> <span class='ocrx_word' id='word_1_13' title='bbox 1369 565 1520 629; x_wconf 89' lang='lat' dir='ltr'><strong>humana</strong></span> <span class='ocrx_word' id='word_1_14' title='bbox 1532 583 1604 630; x_wconf 90' lang='lat' dir='ltr'><strong>esse</strong></span> <span class='ocrx_word' id='word_1_15' title='bbox 1623 567 1719 630; x_wconf 80' lang='lat' dir='ltr'><strong>velut</strong></span> 
     </span>
     <span class='ocr_line' id='line_1_3' title="bbox 171 661 1717 755; baseline 0.004 -25"><span class='ocrx_word' id='word_1_16' title='bbox 171 661 320 750; x_wconf 83' lang='grc' dir='ltr'><strong>θρύπινα,</strong></span> <span class='ocrx_word' id='word_1_17' title='bbox 337 665 379 745; x_wconf 82' lang='grc' dir='ltr'><strong>ὡς</strong></span> <span class='ocrx_word' id='word_1_18' title='bbox 394 672 515 745; x_wconf 85' lang='grc' dir='ltr'><strong>καπνός</strong></span> <span class='ocrx_word' id='word_1_19' title='bbox 529 666 672 749; x_wconf 80' lang='grc' dir='ltr'><strong>ἐξέλιπον</strong></span> <span class='ocrx_word' id='word_1_20' title='bbox 687 667 720 733; x_wconf 87' lang='grc' dir='ltr'><strong>αἱ</strong></span> <span class='ocrx_word' id='word_1_21' title='bbox 733 667 859 755; x_wconf 87' lang='grc' dir='ltr'><strong>ήμέραι,</strong></span> <span class='ocrx_word' id='word_1_22' title='bbox 874 669 921 734; x_wconf 90' lang='grc' dir='ltr'><strong>διδ</strong></span> <span class='ocrx_word' id='word_1_23' title='bbox 965 686 1134 750; x_wconf 86' lang='lat' dir='ltr'><strong>vaporem,</strong></span> <span class='ocrx_word' id='word_1_24' title='bbox 1161 670 1231 735; x_wconf 82' lang='lat' dir='ltr'><strong>dies</strong></span> <span class='ocrx_word' id='word_1_25' title='bbox 1256 669 1444 752; x_wconf 70' lang='lat' dir='ltr'><strong>deseccrtott</strong></span> <span class='ocrx_word' id='word_1_26' title='bbox 1467 670 1554 736; x_wconf 77' lang='grc' dir='ltr'><strong>εἰοιιῦ</strong></span> <span class='ocrx_word' id='word_1_27' title='bbox 1569 669 1692 753; x_wconf 73' lang='lat' dir='ltr'><strong>sumtu</strong></span> <span class='ocrx_word' id='word_1_28' title='bbox 1702 693 1717 750; x_wconf 87' lang='lat'><strong>,·</strong></span> 
     </span>
     <span class='ocr_line' id='line_1_4' title="bbox 172 769 1720 857; baseline 0.003 -23"><span class='ocrx_word' id='word_1_29' title='bbox 172 770 233 834; x_wconf 85' lang='grc' dir='ltr'><strong>οὐκ</strong></span> <span class='ocrx_word' id='word_1_30' title='bbox 254 770 288 836; x_wconf 82' lang='grc' dir='ltr'><strong>ἐν</strong></span> <span class='ocrx_word' id='word_1_31' title='bbox 310 769 496 857; x_wconf 88' lang='grc' dir='ltr'><strong>καυχήματι</strong></span> <span class='ocrx_word' id='word_1_32' title='bbox 517 782 620 836; x_wconf 89' lang='grc' dir='ltr'><strong>ταῦτα</strong></span> <span class='ocrx_word' id='word_1_33' title='bbox 641 770 768 857; x_wconf 84' lang='grc' dir='ltr'><strong>λέγεται</strong></span> <span class='ocrx_word' id='word_1_34' title='bbox 783 772 843 836; x_wconf 82' lang='grc' dir='ltr'><strong>ὑπὸ</strong></span> <span class='ocrx_word' id='word_1_35' title='bbox 865 781 921 836; x_wconf 90' lang='grc' dir='ltr'><strong>τοῦ</strong></span> <span class='ocrx_word' id='word_1_36' title='bbox 966 774 1044 837; x_wconf 92' lang='lat' dir='ltr'><strong>Ideo</strong></span> <span class='ocrx_word' id='word_1_37' title='bbox 1067 790 1135 837; x_wconf 91' lang='lat' dir='ltr'><strong>non</strong></span> <span class='ocrx_word' id='word_1_38' title='bbox 1156 774 1381 856; x_wconf 87' lang='lat' dir='ltr'><strong>superbiendo</strong></span> <span class='ocrx_word' id='word_1_39' title='bbox 1398 775 1469 838; x_wconf 83' lang='lat' dir='ltr'><strong>haec</strong></span> <span class='ocrx_word' id='word_1_40' title='bbox 1491 775 1655 857; x_wconf 83' lang='lat' dir='ltr'><strong>propheta</strong></span> <span class='ocrx_word' id='word_1_41' title='bbox 1670 775 1720 838; x_wconf 94' lang='lat' dir='ltr'><strong>di·</strong></span> 
     </span>
     <span class='ocr_line' id='line_1_5' title="bbox 170 872 1716 962; baseline 0.002 -23"><span class='ocrx_word' id='word_1_42' title='bbox 170 872 346 959; x_wconf 76' lang='grc' dir='ltr'><strong>προφήτου·</strong></span> <span class='ocrx_word' id='word_1_43' title='bbox 358 874 443 941; x_wconf 85' lang='grc' dir='ltr'><strong>άλλθι</strong></span> <span class='ocrx_word' id='word_1_44' title='bbox 453 877 494 941; x_wconf 79' lang='grc' dir='ltr'><strong>τά</strong></span> <span class='ocrx_word' id='word_1_45' title='bbox 504 877 582 942; x_wconf 83' lang='grc' dir='ltr'><strong>δστά</strong></span> <span class='ocrx_word' id='word_1_46' title='bbox 594 875 923 962; x_wconf 85' lang='grc' dir='ltr'><strong>συνεφρύγησανπάν·</strong></span> <span class='ocrx_word' id='word_1_47' title='bbox 966 877 1031 958; x_wconf 90' lang='lat' dir='ltr'><strong>cit;</strong></span> <span class='ocrx_word' id='word_1_48' title='bbox 1046 877 1105 941; x_wconf 88' lang='lat' dir='ltr'><strong>sed</strong></span> <span class='ocrx_word' id='word_1_49' title='bbox 1116 893 1192 942; x_wconf 89' lang='lat' dir='ltr'><strong>ossa</strong></span> <span class='ocrx_word' id='word_1_50' title='bbox 1206 879 1343 960; x_wconf 86' lang='lat' dir='ltr'><strong>penitus</strong></span> <span class='ocrx_word' id='word_1_51' title='bbox 1359 877 1514 941; x_wconf 80' lang='lat' dir='ltr'><strong>confrixa</strong></span> <span class='ocrx_word' id='word_1_52' title='bbox 1528 882 1609 941; x_wconf 90' lang='lat' dir='ltr'><strong>sunt</strong></span> <span class='ocrx_word' id='word_1_53' title='bbox 1624 879 1660 942; x_wconf 89' lang='lat' dir='ltr'><strong>in</strong></span> <span class='ocrx_word' id='word_1_54' title='bbox 1677 895 1716 942; x_wconf 91' lang='lat' dir='ltr'><strong>ec</strong></span> 
     </span>
     <span class='ocr_line' id='line_1_6' title="bbox 169 975 1717 1066; baseline 0.003 -25"><span class='ocrx_word' id='word_1_55' title='bbox 169 997 231 1054; x_wconf 84' lang='grc' dir='ltr'><strong>τως</strong></span> <span class='ocrx_word' id='word_1_56' title='bbox 246 978 283 1041; x_wconf 90' lang='grc' dir='ltr'><strong>ού</strong></span> <span class='ocrx_word' id='word_1_57' title='bbox 298 975 447 1044; x_wconf 86' lang='grc' dir='ltr'><strong>καθίκετο</strong></span> <span class='ocrx_word' id='word_1_58' title='bbox 467 977 570 1065; x_wconf 80' lang='grc' dir='ltr'><strong>λόγος</strong></span> <span class='ocrx_word' id='word_1_59' title='bbox 594 978 759 1065; x_wconf 87' lang='grc' dir='ltr'><strong>Ἀλλαχοῦ</strong></span> <span class='ocrx_word' id='word_1_60' title='bbox 776 978 811 1046; x_wconf 86' lang='grc' dir='ltr'><strong>δέ</strong></span> <span class='ocrx_word' id='word_1_61' title='bbox 833 989 922 1066; x_wconf 87' lang='grc' dir='ltr'><strong>φησι·</strong></span> <span class='ocrx_word' id='word_1_62' title='bbox 966 982 1026 1063; x_wconf 90' lang='lat' dir='ltr'><strong>qui</strong></span> <span class='ocrx_word' id='word_1_63' title='bbox 1041 998 1135 1046; x_wconf 86' lang='lat' dir='ltr'><strong>more</strong></span> <span class='ocrx_word' id='word_1_64' title='bbox 1150 983 1296 1064; x_wconf 91' lang='lat' dir='ltr'><strong>supplici</strong></span> <span class='ocrx_word' id='word_1_65' title='bbox 1316 982 1477 1063; x_wconf 84' lang='lat' dir='ltr'><strong>loquitur.</strong></span> <span class='ocrx_word' id='word_1_66' title='bbox 1496 982 1586 1046; x_wconf 83' lang='lat' dir='ltr'>Alibi</span> <span class='ocrx_word' id='word_1_67' title='bbox 1602 987 1717 1045; x_wconf 90' lang='lat' dir='ltr'><strong>autem</strong></span> 
     </span>
     <span class='ocr_line' id='line_1_7' title="bbox 170 1079 1718 1172; baseline 0.003 -25"><span class='ocrx_word' id='word_1_68' title='bbox 170 1079 283 1147; x_wconf 84' lang='grc' dir='ltr'>Πάντα</span> <span class='ocrx_word' id='word_1_69' title='bbox 293 1084 334 1147; x_wconf 85' lang='grc' dir='ltr'><strong>τά</strong></span> <span class='ocrx_word' id='word_1_70' title='bbox 345 1083 424 1148; x_wconf 82' lang='grc' dir='ltr'><strong>δστᾶ</strong></span> <span class='ocrx_word' id='word_1_71' title='bbox 437 1104 495 1168; x_wconf 91' lang='grc' dir='ltr'><strong>μου</strong></span> <span class='ocrx_word' id='word_1_72' title='bbox 511 1084 644 1168; x_wconf 88' lang='grc' dir='ltr'><strong>ἐροῦσιν.</strong></span> <span class='ocrx_word' id='word_1_73' title='bbox 658 1123 699 1134; x_wconf 91' lang='grc'><strong>--</strong></span> <span class='ocrx_word' id='word_1_74' title='bbox 712 1085 777 1151; x_wconf 85' lang='grc' dir='ltr'><strong>Καὶ</strong></span> <span class='ocrx_word' id='word_1_75' title='bbox 792 1085 922 1172; x_wconf 83' lang='grc' dir='ltr'><strong>ἐξηράν-</strong></span> <span class='ocrx_word' id='word_1_76' title='bbox 967 1086 1031 1148; x_wconf 87' lang='lat' dir='ltr'><strong>ait:</strong></span> <span class='ocrx_word' id='word_1_77' title='bbox 1050 1087 1202 1150; x_wconf 82' lang='lat' dir='ltr'><strong>«Omnia</strong></span> <span class='ocrx_word' id='word_1_78' title='bbox 1216 1102 1292 1150; x_wconf 88' lang='lat' dir='ltr'><strong>ossa</strong></span> <span class='ocrx_word' id='word_1_79' title='bbox 1306 1102 1383 1149; x_wconf 90' lang='lat' dir='ltr'><strong>mea</strong></span> <span class='ocrx_word' id='word_1_80' title='bbox 1398 1084 1547 1149; x_wconf 81' lang='lat' dir='ltr'><strong>dicent.»</strong></span> <span class='ocrx_word' id='word_1_81' title='bbox 1568 1122 1607 1132; x_wconf 93' lang='lat'>-</span> <span class='ocrx_word' id='word_1_82' title='bbox 1624 1087 1670 1150; x_wconf 81' lang='grc' dir='ltr'><strong>Εἰ</strong></span> <span class='ocrx_word' id='word_1_83' title='bbox 1683 1103 1718 1151; x_wconf 83' lang='lat' dir='ltr'><strong>a·</strong></span> 
     </span>
     <span class='ocr_line' id='line_1_8' title="bbox 171 1184 1716 1274; baseline 0.003 -25"><span class='ocrx_word' id='word_1_84' title='bbox 171 1184 245 1272; x_wconf 86' lang='grc' dir='ltr'><strong>θηή</strong></span> <span class='ocrx_word' id='word_1_85' title='bbox 262 1184 378 1271; x_wconf 89' lang='grc' dir='ltr'><strong>καρδία</strong></span> <span class='ocrx_word' id='word_1_86' title='bbox 394 1207 453 1272; x_wconf 89' lang='grc' dir='ltr'><strong>μου</strong></span> <span class='ocrx_word' id='word_1_87' title='bbox 467 1187 538 1252; x_wconf 86' lang='grc' dir='ltr'><strong>κτλ.</strong></span> <span class='ocrx_word' id='word_1_88' title='bbox 554 1186 744 1274; x_wconf 83' lang='grc' dir='ltr'><strong>Ξηραίνεται</strong></span> <span class='ocrx_word' id='word_1_89' title='bbox 758 1199 830 1267; x_wconf 92' lang='grc' dir='ltr'><strong>νοῦς</strong></span> <span class='ocrx_word' id='word_1_90' title='bbox 850 1189 923 1254; x_wconf 89' lang='grc' dir='ltr'><strong>ῦδα-</strong></span> <span class='ocrx_word' id='word_1_91' title='bbox 965 1190 1038 1253; x_wconf 76' lang='lat' dir='ltr'><strong>ruit</strong></span> <span class='ocrx_word' id='word_1_92' title='bbox 1051 1207 1104 1255; x_wconf 85' lang='lat' dir='ltr'><strong>cor</strong></span> <span class='ocrx_word' id='word_1_93' title='bbox 1117 1207 1232 1254; x_wconf 82' lang='grc' dir='ltr'><strong>ωιενηι.</strong></span> <span class='ocrx_word' id='word_1_94' title='bbox 1253 1191 1384 1253; x_wconf 84' lang='lat' dir='ltr'><strong>Arescit</strong></span> <span class='ocrx_word' id='word_1_95' title='bbox 1398 1207 1494 1254; x_wconf 91' lang='lat' dir='ltr'><strong>mens</strong></span> <span class='ocrx_word' id='word_1_96' title='bbox 1518 1191 1635 1253; x_wconf 84' lang='lat' dir='ltr'><strong>orbata</strong></span> <span class='ocrx_word' id='word_1_97' title='bbox 1649 1192 1716 1272; x_wconf 90' lang='lat' dir='ltr'><strong>spi-</strong></span> 
     </span>
     <span class='ocr_line' id='line_1_9' title="bbox 169 1290 1714 1377; baseline 0.003 -23"><span class='ocrx_word' id='word_1_98' title='bbox 169 1309 224 1367; x_wconf 89' lang='grc' dir='ltr'><strong>τος</strong></span> <span class='ocrx_word' id='word_1_99' title='bbox 230 1299 443 1375; x_wconf 87' lang='grc' dir='ltr'><strong>πνευματικοῦ</strong></span> <span class='ocrx_word' id='word_1_100' title='bbox 453 1290 590 1377; x_wconf 82' lang='grc' dir='ltr'><strong>ἀπορῶν,</strong></span> <span class='ocrx_word' id='word_1_101' title='bbox 603 1302 660 1357; x_wconf 88' lang='grc' dir='ltr'><strong>τοῦ</strong></span> <span class='ocrx_word' id='word_1_102' title='bbox 673 1291 798 1376; x_wconf 76' lang='grc' dir='ltr'><strong>ῥέοντος</strong></span> <span class='ocrx_word' id='word_1_103' title='bbox 814 1292 852 1358; x_wconf 86' lang='grc' dir='ltr'><strong>ἐκ</strong></span> <span class='ocrx_word' id='word_1_104' title='bbox 863 1300 921 1377; x_wconf 82' lang='grc' dir='ltr'><strong>τής</strong></span> <span class='ocrx_word' id='word_1_105' title='bbox 967 1293 1084 1357; x_wconf 78' lang='lat' dir='ltr'><strong>rituali</strong></span> <span class='ocrx_word' id='word_1_106' title='bbox 1095 1311 1184 1374; x_wconf 89' lang='lat' dir='ltr'><strong>aqua</strong></span> <span class='ocrx_word' id='word_1_107' title='bbox 1195 1293 1322 1357; x_wconf 86' lang='lat' dir='ltr'><strong>fluente</strong></span> <span class='ocrx_word' id='word_1_108' title='bbox 1334 1310 1376 1357; x_wconf 88' lang='lat' dir='ltr'><strong>ex</strong></span> <span class='ocrx_word' id='word_1_109' title='bbox 1387 1293 1479 1357; x_wconf 84' lang='lat' dir='ltr'><strong>fonte</strong></span> <span class='ocrx_word' id='word_1_110' title='bbox 1491 1295 1580 1358; x_wconf 85' lang='lat' dir='ltr'><strong>vitae.</strong></span> <span class='ocrx_word' id='word_1_111' title='bbox 1594 1331 1635 1341; x_wconf 94' lang='lat'>-</span> <span class='ocrx_word' id='word_1_112' title='bbox 1649 1297 1714 1371; x_wconf 90' lang='lat' dir='ltr'><strong>Qui</strong></span> 
     </span>
     <span class='ocr_line' id='line_1_10' title="bbox 172 1391 1721 1484; baseline 0.003 -26"><span class='ocrx_word' id='word_1_113' title='bbox 172 1401 280 1478; x_wconf 85' lang='grc' dir='ltr'><strong>πηγής</strong></span> <span class='ocrx_word' id='word_1_114' title='bbox 302 1401 359 1478; x_wconf 81' lang='grc' dir='ltr'><strong>της</strong></span> <span class='ocrx_word' id='word_1_115' title='bbox 383 1393 479 1480; x_wconf 81' lang='grc' dir='ltr'><strong>ζωης.</strong></span> <span class='ocrx_word' id='word_1_116' title='bbox 503 1391 603 1463; x_wconf 86' lang='grc' dir='ltr'><strong>-Ὁ</strong></span> <span class='ocrx_word' id='word_1_117' title='bbox 626 1396 714 1481; x_wconf 82' lang='grc' dir='ltr'><strong>πόση</strong></span> <span class='ocrx_word' id='word_1_118' title='bbox 738 1397 867 1484; x_wconf 79' lang='grc' dir='ltr'><strong>δυνάμει</strong></span> <span class='ocrx_word' id='word_1_119' title='bbox 888 1397 923 1462; x_wconf 92' lang='grc' dir='ltr'><strong>ἐν</strong></span> <span class='ocrx_word' id='word_1_120' title='bbox 967 1397 1047 1459; x_wconf 89' lang='lat' dir='ltr'><strong>totis</strong></span> <span class='ocrx_word' id='word_1_121' title='bbox 1058 1396 1188 1460; x_wconf 86' lang='lat' dir='ltr'><strong>viribus</strong></span> <span class='ocrx_word' id='word_1_122' title='bbox 1203 1397 1240 1460; x_wconf 91' lang='lat' dir='ltr'><strong>in</strong></span> <span class='ocrx_word' id='word_1_123' title='bbox 1255 1397 1358 1460; x_wconf 83' lang='lat' dir='ltr'><strong>verbo</strong></span> <span class='ocrx_word' id='word_1_124' title='bbox 1373 1397 1436 1460; x_wconf 88' lang='lat' dir='ltr'><strong>Dei</strong></span> <span class='ocrx_word' id='word_1_125' title='bbox 1456 1398 1622 1477; x_wconf 80' lang='lat' dir='ltr'><strong>consistit,</strong></span> <span class='ocrx_word' id='word_1_126' title='bbox 1638 1399 1721 1462; x_wconf 94' lang='lat' dir='ltr'><strong>obli·</strong></span> 
     </span>
     <span class='ocr_line' id='line_1_11' title="bbox 86 1497 1717 1587; baseline 0.003 -25"><span class='ocrx_word' id='word_1_127' title='bbox 86 1567 93 1581; x_wconf 60' lang='lat'><em>,</em></span> <span class='ocrx_word' id='word_1_128' title='bbox 171 1507 215 1584; x_wconf 85' lang='grc' dir='ltr'><strong>τῷ</strong></span> <span class='ocrx_word' id='word_1_129' title='bbox 230 1497 315 1584; x_wconf 84' lang='grc' dir='ltr'><strong>λόγῳ</strong></span> <span class='ocrx_word' id='word_1_130' title='bbox 329 1509 384 1564; x_wconf 90' lang='grc' dir='ltr'><strong>τοῦ</strong></span> <span class='ocrx_word' id='word_1_131' title='bbox 401 1498 484 1566; x_wconf 88' lang='grc' dir='ltr'><strong>Θεοῦ</strong></span> <span class='ocrx_word' id='word_1_132' title='bbox 499 1500 663 1587; x_wconf 89' lang='grc' dir='ltr'><strong>τυγχάνων</strong></span> <span class='ocrx_word' id='word_1_133' title='bbox 680 1501 919 1568; x_wconf 76' lang='grc' dir='ltr'><strong>ἐπιλανθάνεται</strong></span> <span class='ocrx_word' id='word_1_134' title='bbox 966 1501 1110 1565; x_wconf 88' lang='lat' dir='ltr'><strong>viscitur</strong></span> <span class='ocrx_word' id='word_1_135' title='bbox 1123 1502 1298 1565; x_wconf 85' lang='lat' dir='ltr'><strong>comedere</strong></span> <span class='ocrx_word' id='word_1_136' title='bbox 1313 1519 1436 1582; x_wconf 86' lang='lat' dir='ltr'><strong>panem</strong></span> <span class='ocrx_word' id='word_1_137' title='bbox 1452 1503 1611 1583; x_wconf 83' lang='lat' dir='ltr'><strong>corporis3</strong></span> <span class='ocrx_word' id='word_1_138' title='bbox 1628 1508 1661 1566; x_wconf 90' lang='lat' dir='ltr'><strong>ct</strong></span> <span class='ocrx_word' id='word_1_139' title='bbox 1677 1520 1717 1567; x_wconf 86' lang='lat' dir='ltr'><strong>ea</strong></span> 
     </span>
     <span class='ocr_line' id='line_1_12' title="bbox 171 1604 1715 1692; baseline 0.002 -26"><span class='ocrx_word' id='word_1_140' title='bbox 171 1611 283 1687; x_wconf 82' lang='grc' dir='ltr'><strong>φαγεῖν</strong></span> <span class='ocrx_word' id='word_1_141' title='bbox 304 1607 359 1669; x_wconf 88' lang='grc' dir='ltr'><strong>τδν</strong></span> <span class='ocrx_word' id='word_1_142' title='bbox 374 1613 430 1669; x_wconf 89' lang='grc' dir='ltr'><strong>τοῦ</strong></span> <span class='ocrx_word' id='word_1_143' title='bbox 453 1604 599 1691; x_wconf 77' lang='grc' dir='ltr'><strong>σώματος</strong></span> <span class='ocrx_word' id='word_1_144' title='bbox 621 1607 726 1691; x_wconf 85' lang='grc' dir='ltr'><strong>άρτον,</strong></span> <span class='ocrx_word' id='word_1_145' title='bbox 747 1609 784 1670; x_wconf 84' lang='grc' dir='ltr'><strong>τί</strong></span> <span class='ocrx_word' id='word_1_146' title='bbox 800 1606 835 1671; x_wconf 84' lang='grc' dir='ltr'><strong>δὲ</strong></span> <span class='ocrx_word' id='word_1_147' title='bbox 851 1606 924 1692; x_wconf 78' lang='grc' dir='ltr'><strong>ἐξης</strong></span> <span class='ocrx_word' id='word_1_148' title='bbox 968 1606 1358 1688; x_wconf 85' lang='lat' dir='ltr'><strong>quaesequuntur‚dicet‚</strong></span> <span class='ocrx_word' id='word_1_149' title='bbox 1372 1605 1481 1685; x_wconf 91' lang='lat' dir='ltr'><strong>utqui</strong></span> <span class='ocrx_word' id='word_1_150' title='bbox 1493 1607 1715 1687; x_wconf 77' lang='lat' dir='ltr'><strong>necpinguis,</strong></span> 
     </span>
     <span class='ocr_line' id='line_1_13' title="bbox 170 1706 1717 1798; baseline 0.001 -27"><span class='ocrx_word' id='word_1_151' title='bbox 170 1707 245 1792; x_wconf 81' lang='grc' dir='ltr'><strong>ἐρεῖ,</strong></span> <span class='ocrx_word' id='word_1_152' title='bbox 261 1706 303 1786; x_wconf 81' lang='grc' dir='ltr'><strong>ὡς</strong></span> <span class='ocrx_word' id='word_1_153' title='bbox 319 1709 378 1774; x_wconf 80' lang='grc' dir='ltr'><strong>οὐκ</strong></span> <span class='ocrx_word' id='word_1_154' title='bbox 393 1708 555 1795; x_wconf 91' lang='grc' dir='ltr'><strong>ἐλιπάνθη,</strong></span> <span class='ocrx_word' id='word_1_155' title='bbox 571 1711 638 1776; x_wconf 77' lang='grc' dir='ltr'><strong>οὐδ’</strong></span> <span class='ocrx_word' id='word_1_156' title='bbox 649 1709 826 1798; x_wconf 78' lang='grc' dir='ltr'><strong>ἐπαχύνθη,</strong></span> <span class='ocrx_word' id='word_1_157' title='bbox 839 1710 924 1777; x_wconf 85' lang='grc' dir='ltr'><strong>άλλδι</strong></span> <span class='ocrx_word' id='word_1_158' title='bbox 968 1727 1030 1773; x_wconf 87' lang='lat' dir='ltr'><strong>neo</strong></span> <span class='ocrx_word' id='word_1_159' title='bbox 1045 1728 1179 1774; x_wconf 87' lang='lat' dir='ltr'><strong>crassus</strong></span> <span class='ocrx_word' id='word_1_160' title='bbox 1195 1711 1313 1789; x_wconf 86' lang='lat' dir='ltr'><strong>evasit,</strong></span> <span class='ocrx_word' id='word_1_161' title='bbox 1328 1709 1387 1773; x_wconf 90' lang='lat' dir='ltr'><strong>scd</strong></span> <span class='ocrx_word' id='word_1_162' title='bbox 1406 1709 1612 1790; x_wconf 77' lang='lat' dir='ltr'><strong>ingemiscit,</strong></span> <span class='ocrx_word' id='word_1_163' title='bbox 1635 1709 1717 1774; x_wconf 93' lang='lat' dir='ltr'><strong>dum</strong></span> 
     </span>
     <span class='ocr_line' id='line_1_14' title="bbox 170 1812 1378 1899; baseline -0.002 -21"><span class='ocrx_word' id='word_1_164' title='bbox 170 1812 325 1896; x_wconf 85' lang='grc' dir='ltr'><strong>στενάζει,</strong></span> <span class='ocrx_word' id='word_1_165' title='bbox 342 1812 385 1879; x_wconf 83' lang='grc' dir='ltr'><strong>ὢν</strong></span> <span class='ocrx_word' id='word_1_166' title='bbox 400 1813 434 1879; x_wconf 91' lang='grc' dir='ltr'><strong>ἐν</strong></span> <span class='ocrx_word' id='word_1_167' title='bbox 449 1815 493 1899; x_wconf 80' lang='grc' dir='ltr'><strong>τῷ</strong></span> <span class='ocrx_word' id='word_1_168' title='bbox 508 1812 628 1899; x_wconf 84' lang='grc' dir='ltr'><strong>σκήνει.</strong></span> <span class='ocrx_word' id='word_1_169' title='bbox 968 1812 1005 1876; x_wconf 91' lang='lat' dir='ltr'><strong>in</strong></span> <span class='ocrx_word' id='word_1_170' title='bbox 1019 1813 1237 1878; x_wconf 83' lang='lat' dir='ltr'><strong>tabernaculo</strong></span> <span class='ocrx_word' id='word_1_171' title='bbox 1255 1817 1378 1878; x_wconf 85' lang='lat' dir='ltr'><strong>manet</strong></span> 
     </span>
    </p>

    <p class='ocr_par' dir='ltr' id='par_1_3' title="bbox 169 1915 1722 2315">
     <span class='ocr_line' id='line_1_15' title="bbox 215 1915 1721 2005; baseline 0.001 -24"><span class='ocrx_word' id='word_1_172' title='bbox 215 1936 248 1982; x_wconf 86' lang='grc' dir='ltr'><strong>ν.</strong></span> <span class='ocrx_word' id='word_1_173' title='bbox 273 1919 302 1982; x_wconf 77' lang='lat' dir='ltr'><strong>l.</strong></span> <span class='ocrx_word' id='word_1_174' title='bbox 324 1915 502 2002; x_wconf 87' lang='grc' dir='ltr'><strong>Ὤμοιύθην</strong></span> <span class='ocrx_word' id='word_1_175' title='bbox 518 1917 668 1984; x_wconf 80' lang='grc' dir='ltr'><strong>πελεκᾶνι</strong></span> <span class='ocrx_word' id='word_1_176' title='bbox 683 1917 833 2005; x_wconf 80' lang='grc' dir='ltr'><strong>ἐρημικῷ,</strong></span> <span class='ocrx_word' id='word_1_177' title='bbox 853 1917 923 2003; x_wconf 85' lang='grc' dir='ltr'><strong>ἐγε-</strong></span> <span class='ocrx_word' id='word_1_178' title='bbox 965 1953 967 1958; x_wconf 92' lang='grc'>-</span> <span class='ocrx_word' id='word_1_179' title='bbox 1012 1936 1044 1981; x_wconf 89' lang='grc' dir='ltr'><strong>ν.</strong></span> <span class='ocrx_word' id='word_1_180' title='bbox 1060 1919 1091 1982; x_wconf 82' lang='grc'><strong>7.</strong></span> <span class='ocrx_word' id='word_1_181' title='bbox 1114 1918 1246 1985; x_wconf 78' lang='lat' dir='ltr'><strong>Similis</strong></span> <span class='ocrx_word' id='word_1_182' title='bbox 1258 1915 1377 1999; x_wconf 68' lang='lat' dir='ltr'><strong>factm</strong></span> <span class='ocrx_word' id='word_1_183' title='bbox 1392 1935 1465 1984; x_wconf 77' lang='lat' dir='ltr'><strong>com</strong></span> <span class='ocrx_word' id='word_1_184' title='bbox 1480 1917 1629 2000; x_wconf 80' lang='lat' dir='ltr'><strong>pelicano</strong></span> <span class='ocrx_word' id='word_1_185' title='bbox 1643 1916 1721 1982; x_wconf 77' lang='lat' dir='ltr'><strong>soli·</strong></span> 
     </span>
     <span class='ocr_line' id='line_1_16' title="bbox 171 2019 1721 2107; baseline -0.001 -21"><span class='ocrx_word' id='word_1_186' title='bbox 171 2019 272 2106; x_wconf 86' lang='grc' dir='ltr'><strong>νήθην</strong></span> <span class='ocrx_word' id='word_1_187' title='bbox 286 2020 360 2086; x_wconf 76' lang='lat' dir='ltr'><strong>boel</strong></span> <span class='ocrx_word' id='word_1_188' title='bbox 381 2020 566 2107; x_wconf 82' lang='grc' dir='ltr'><strong>νυκπκόραξ</strong></span> <span class='ocrx_word' id='word_1_189' title='bbox 588 2021 622 2089; x_wconf 89' lang='grc' dir='ltr'><strong>ἐν</strong></span> <span class='ocrx_word' id='word_1_190' title='bbox 638 2021 802 2106; x_wconf 86' lang='grc' dir='ltr'><strong>οἰκοπέδιρ,</strong></span> <span class='ocrx_word' id='word_1_191' title='bbox 826 2021 923 2107; x_wconf 83' lang='grc' dir='ltr'><strong>ήγρύ-</strong></span> <span class='ocrx_word' id='word_1_192' title='bbox 967 2020 1721 2105; x_wconf 61' lang='lat' dir='ltr'><strong>tudinissactoscamsicucoyctoemwiodo·</strong></span> 
     </span>
     <span class='ocr_line' id='line_1_17' title="bbox 169 2123 1722 2214; baseline 0.001 -24"><span class='ocrx_word' id='word_1_193' title='bbox 169 2145 287 2209; x_wconf 90' lang='grc' dir='ltr'><strong>πνησα,</strong></span> <span class='ocrx_word' id='word_1_194' title='bbox 303 2126 357 2191; x_wconf 89' lang='grc' dir='ltr'><strong>καί</strong></span> <span class='ocrx_word' id='word_1_195' title='bbox 379 2123 533 2212; x_wconf 75' lang='grc' dir='ltr'><strong>ἐγενήθην</strong></span> <span class='ocrx_word' id='word_1_196' title='bbox 555 2124 629 2191; x_wconf 82' lang='grc' dir='ltr'><strong>ὡσεὶ</strong></span> <span class='ocrx_word' id='word_1_197' title='bbox 652 2124 811 2211; x_wconf 89' lang='grc' dir='ltr'><strong>στρουθίον</strong></span> <span class='ocrx_word' id='word_1_198' title='bbox 827 2126 922 2214; x_wconf 86' lang='grc' dir='ltr'><strong>μονά-</strong></span> <span class='ocrx_word' id='word_1_199' title='bbox 967 2125 1100 2190; x_wconf 70' lang='lat' dir='ltr'><strong>micitia.</strong></span> <span class='ocrx_word' id='word_1_200' title='bbox 1122 2125 1274 2208; x_wconf 62' lang='lat' dir='ltr'><strong>Vicilaoi,</strong></span> <span class='ocrx_word' id='word_1_201' title='bbox 1293 2125 1448 2209; x_wconf 73' lang='lat' dir='ltr'><strong>etsuctttr</strong></span> <span class='ocrx_word' id='word_1_202' title='bbox 1461 2144 1534 2191; x_wconf 79' lang='grc' dir='ltr'><strong>ειινκ</strong></span> <span class='ocrx_word' id='word_1_203' title='bbox 1548 2127 1635 2192; x_wconf 69' lang='lat' dir='ltr'><strong>sicta</strong></span> <span class='ocrx_word' id='word_1_204' title='bbox 1642 2143 1722 2208; x_wconf 77' lang='grc' dir='ltr'><strong>ραν-</strong></span> 
     </span>
     <span class='ocr_line' id='line_1_18' title="bbox 170 2227 1366 2315; baseline 0 -21"><span class='ocrx_word' id='word_1_205' title='bbox 170 2227 431 2315; x_wconf 78' lang='grc' dir='ltr'><strong>ζονίπίδόματι.</strong></span> <span class='ocrx_word' id='word_1_206' title='bbox 964 2228 1366 2296; x_wconf 51' lang='lat' dir='ltr'><strong>¹cco*colituriosiutecto.</strong></span> 
     </span>
    </p>

    <p class='ocr_par' dir='ltr' id='par_1_4' title="bbox 169 2332 1722 4399">
     <span class='ocr_line' id='line_1_19' title="bbox 215 2332 1717 2421; baseline 0 -23"><span class='ocrx_word' id='word_1_207' title='bbox 215 2332 328 2400; x_wconf 87' lang='grc' dir='ltr'><strong>Πάντα</strong></span> <span class='ocrx_word' id='word_1_208' title='bbox 343 2332 430 2421; x_wconf 79' lang='grc' dir='ltr'><strong>λέγει</strong></span> <span class='ocrx_word' id='word_1_209' title='bbox 451 2335 494 2400; x_wconf 84' lang='grc' dir='ltr'><strong>τά</strong></span> <span class='ocrx_word' id='word_1_210' title='bbox 507 2334 602 2419; x_wconf 89' lang='grc' dir='ltr'><strong>όρνεα</strong></span> <span class='ocrx_word' id='word_1_211' title='bbox 616 2335 658 2399; x_wconf 78' lang='grc' dir='ltr'><strong>τά</strong></span> <span class='ocrx_word' id='word_1_212' title='bbox 679 2332 832 2420; x_wconf 80' lang='grc' dir='ltr'><strong>χαίροντα</strong></span> <span class='ocrx_word' id='word_1_213' title='bbox 847 2333 920 2420; x_wconf 88' lang='grc' dir='ltr'><strong>ἐρη-</strong></span> <span class='ocrx_word' id='word_1_214' title='bbox 1014 2335 1137 2397; x_wconf 86' lang='lat' dir='ltr'><strong>Omnes</strong></span> <span class='ocrx_word' id='word_1_215' title='bbox 1148 2334 1297 2416; x_wconf 87' lang='lat' dir='ltr'><strong>appellat</strong></span> <span class='ocrx_word' id='word_1_216' title='bbox 1303 2335 1458 2398; x_wconf 90' lang='lat' dir='ltr'><strong>volucres</strong></span> <span class='ocrx_word' id='word_1_217' title='bbox 1466 2335 1525 2416; x_wconf 89' lang='lat' dir='ltr'><strong>qui</strong></span> <span class='ocrx_word' id='word_1_218' title='bbox 1534 2333 1717 2398; x_wconf 87' lang='lat' dir='ltr'><strong>solitudine</strong></span> 
     </span>
     <span class='ocr_line' id='line_1_20' title="bbox 172 2435 1720 2524; baseline -0.001 -21"><span class='ocrx_word' id='word_1_219' title='bbox 172 2435 263 2524; x_wconf 88' lang='grc' dir='ltr'><strong>μίιις·</strong></span> <span class='ocrx_word' id='word_1_220' title='bbox 278 2439 321 2503; x_wconf 79' lang='grc' dir='ltr'><strong>ὢν</strong></span> <span class='ocrx_word' id='word_1_221' title='bbox 336 2439 420 2503; x_wconf 81' lang='grc' dir='ltr'><strong>κατὰ</strong></span> <span class='ocrx_word' id='word_1_222' title='bbox 437 2440 496 2524; x_wconf 84' lang='grc' dir='ltr'><strong>τήν</strong></span> <span class='ocrx_word' id='word_1_223' title='bbox 511 2437 683 2523; x_wconf 84' lang='grc' dir='ltr'><strong>ὁμοιότητα</strong></span> <span class='ocrx_word' id='word_1_224' title='bbox 705 2437 796 2524; x_wconf 83' lang='grc' dir='ltr'><strong>κάγὼ</strong></span> <span class='ocrx_word' id='word_1_225' title='bbox 813 2437 923 2524; x_wconf 91' lang='grc' dir='ltr'><strong>μονού-</strong></span> <span class='ocrx_word' id='word_1_226' title='bbox 968 2437 1131 2518; x_wconf 82' lang='lat' dir='ltr'><strong>gaudent.</strong></span> <span class='ocrx_word' id='word_1_227' title='bbox 1144 2440 1294 2514; x_wconf 88' lang='lat' dir='ltr'><strong>Quorum</strong></span> <span class='ocrx_word' id='word_1_228' title='bbox 1311 2440 1475 2522; x_wconf 88' lang='lat' dir='ltr'><strong>exemplo,</strong></span> <span class='ocrx_word' id='word_1_229' title='bbox 1491 2456 1558 2518; x_wconf 84' lang='lat' dir='ltr'><strong>ego</strong></span> <span class='ocrx_word' id='word_1_230' title='bbox 1575 2455 1720 2520; x_wconf 89' lang='lat' dir='ltr'><strong>quoque,</strong></span> 
     </span>
     <span class='ocr_line' id='line_1_21' title="bbox 172 2541 1721 2628; baseline 0 -22"><span class='ocrx_word' id='word_1_231' title='bbox 172 2543 345 2628; x_wconf 87' lang='grc' dir='ltr'><strong>μενος,καί</strong></span> <span class='ocrx_word' id='word_1_232' title='bbox 368 2544 424 2619; x_wconf 84' lang='grc' dir='ltr'><strong>τόις</strong></span> <span class='ocrx_word' id='word_1_233' title='bbox 447 2543 561 2620; x_wconf 86' lang='grc' dir='ltr'><strong>νύκτας</strong></span> <span class='ocrx_word' id='word_1_234' title='bbox 585 2541 676 2628; x_wconf 84' lang='grc' dir='ltr'><strong>βοῦν,</strong></span> <span class='ocrx_word' id='word_1_235' title='bbox 701 2544 830 2627; x_wconf 84' lang='grc' dir='ltr'><strong>μισητδς</strong></span> <span class='ocrx_word' id='word_1_236' title='bbox 854 2550 919 2621; x_wconf 79' lang='grc' dir='ltr'><strong>τοῖς</strong></span> <span class='ocrx_word' id='word_1_237' title='bbox 970 2544 1028 2623; x_wconf 88' lang='lat' dir='ltr'><strong>ait,</strong></span> <span class='ocrx_word' id='word_1_238' title='bbox 1044 2541 1217 2607; x_wconf 84' lang='lat' dir='ltr'><strong>solitarius</strong></span> <span class='ocrx_word' id='word_1_239' title='bbox 1238 2546 1272 2606; x_wconf 87' lang='lat' dir='ltr'><strong>ct</strong></span> <span class='ocrx_word' id='word_1_240' title='bbox 1291 2548 1394 2611; x_wconf 89' lang='lat' dir='ltr'><strong>noctu</strong></span> <span class='ocrx_word' id='word_1_241' title='bbox 1405 2545 1566 2622; x_wconf 88' lang='lat' dir='ltr'><strong>clamans,</strong></span> <span class='ocrx_word' id='word_1_242' title='bbox 1582 2543 1721 2607; x_wconf 87' lang='lat' dir='ltr'><strong>audien-</strong></span> 
     </span>
     <span class='ocr_line' id='line_1_22' title="bbox 172 2644 1722 2732; baseline -0.001 -22"><span class='ocrx_word' id='word_1_243' title='bbox 172 2644 340 2711; x_wconf 86' lang='grc' dir='ltr'><strong>άκούουσιν</strong></span> <span class='ocrx_word' id='word_1_244' title='bbox 366 2645 530 2732; x_wconf 79' lang='grc' dir='ltr'><strong>ἐγενόμην,</strong></span> <span class='ocrx_word' id='word_1_245' title='bbox 557 2648 578 2732; x_wconf 83' lang='grc' dir='ltr'><strong>ή</strong></span> <span class='ocrx_word' id='word_1_246' title='bbox 606 2644 758 2711; x_wconf 77' lang='grc' dir='ltr'><strong>ἐκκλίνων</strong></span> <span class='ocrx_word' id='word_1_247' title='bbox 780 2648 837 2723; x_wconf 87' lang='grc' dir='ltr'><strong>τόις</strong></span> <span class='ocrx_word' id='word_1_248' title='bbox 859 2655 921 2714; x_wconf 83' lang='grc' dir='ltr'><strong>τῶν</strong></span> <span class='ocrx_word' id='word_1_249' title='bbox 970 2646 1063 2710; x_wconf 89' lang='lat' dir='ltr'><strong>tibus</strong></span> <span class='ocrx_word' id='word_1_250' title='bbox 1085 2645 1195 2710; x_wconf 85' lang='lat' dir='ltr'><strong>factus</strong></span> <span class='ocrx_word' id='word_1_251' title='bbox 1217 2664 1294 2710; x_wconf 89' lang='lat' dir='ltr'><strong>sum</strong></span> <span class='ocrx_word' id='word_1_252' title='bbox 1309 2647 1453 2726; x_wconf 87' lang='lat' dir='ltr'><strong>invisus,</strong></span> <span class='ocrx_word' id='word_1_253' title='bbox 1476 2646 1722 2728; x_wconf 89' lang='lat' dir='ltr'><strong>improborum-</strong></span> 
     </span>
     <span class='ocr_line' id='line_1_23' title="bbox 172 2747 1722 2836; baseline 0.001 -23"><span class='ocrx_word' id='word_1_254' title='bbox 172 2757 319 2834; x_wconf 78' lang='grc' dir='ltr'><strong>πονηρῶν</strong></span> <span class='ocrx_word' id='word_1_255' title='bbox 335 2749 509 2830; x_wconf 80' lang='grc' dir='ltr'><strong>συνουσίας,</strong></span> <span class='ocrx_word' id='word_1_256' title='bbox 526 2747 687 2834; x_wconf 88' lang='grc' dir='ltr'><strong>ἐμονύθην</strong></span> <span class='ocrx_word' id='word_1_257' title='bbox 703 2751 757 2815; x_wconf 89' lang='grc' dir='ltr'><strong>καί</strong></span> <span class='ocrx_word' id='word_1_258' title='bbox 772 2749 924 2836; x_wconf 80' lang='grc' dir='ltr'><strong>ἐξηνθρύ-</strong></span> <span class='ocrx_word' id='word_1_259' title='bbox 970 2766 1037 2831; x_wconf 86' lang='lat' dir='ltr'><strong>que</strong></span> <span class='ocrx_word' id='word_1_260' title='bbox 1053 2751 1208 2815; x_wconf 78' lang='lat' dir='ltr'><strong>devitans</strong></span> <span class='ocrx_word' id='word_1_261' title='bbox 1230 2749 1521 2831; x_wconf 89' lang='lat' dir='ltr'><strong>consuetudinem,</strong></span> <span class='ocrx_word' id='word_1_262' title='bbox 1540 2752 1633 2814; x_wconf 92' lang='lat' dir='ltr'><strong>solus</strong></span> <span class='ocrx_word' id='word_1_263' title='bbox 1649 2752 1722 2815; x_wconf 82' lang='lat' dir='ltr'><strong>vixi</strong></span> 
     </span>
     <span class='ocr_line' id='line_1_24' title="bbox 171 2851 1718 2939; baseline 0.002 -23"><span class='ocrx_word' id='word_1_264' title='bbox 171 2852 272 2931; x_wconf 85' lang='grc' dir='ltr'><strong>πιζον.</strong></span> <span class='ocrx_word' id='word_1_265' title='bbox 292 2853 341 2924; x_wconf 80' lang='lat' dir='ltr'><strong>,Tb</strong></span> <span class='ocrx_word' id='word_1_266' title='bbox 363 2851 527 2919; x_wconf 77' lang='grc' dir='ltr'><strong>οἰκόπεδον</strong></span> <span class='ocrx_word' id='word_1_267' title='bbox 551 2853 585 2918; x_wconf 86' lang='grc' dir='ltr'><strong>δὲ</strong></span> <span class='ocrx_word' id='word_1_268' title='bbox 609 2854 626 2919; x_wconf 86' lang='grc' dir='ltr'><strong>ό</strong></span> <span class='ocrx_word' id='word_1_269' title='bbox 649 2853 822 2939; x_wconf 83' lang='grc' dir='ltr'><strong>Σύμμαχος</strong></span> <span class='ocrx_word' id='word_1_270' title='bbox 845 2853 923 2939; x_wconf 87' lang='grc' dir='ltr'><strong>ἐρεί-</strong></span> <span class='ocrx_word' id='word_1_271' title='bbox 969 2857 1004 2917; x_wconf 89' lang='lat' dir='ltr'><strong>et</strong></span> <span class='ocrx_word' id='word_1_272' title='bbox 1028 2855 1183 2918; x_wconf 81' lang='lat' dir='ltr'><strong>exsulavi</strong></span> <span class='ocrx_word' id='word_1_273' title='bbox 1205 2853 1248 2918; x_wconf 86' lang='lat' dir='ltr'><strong>ab</strong></span> <span class='ocrx_word' id='word_1_274' title='bbox 1271 2853 1477 2918; x_wconf 90' lang='lat' dir='ltr'><strong>hominibus.</strong></span> <span class='ocrx_word' id='word_1_275' title='bbox 1494 2855 1718 2936; x_wconf 82' lang='lat' dir='ltr'><strong>symmachus</strong></span> 
     </span>
     <span class='ocr_line' id='line_1_25' title="bbox 171 2950 1717 3044; baseline 0.001 -24"><span class='ocrx_word' id='word_1_276' title='bbox 171 2970 243 3022; x_wconf 85' lang='grc' dir='ltr'><strong>πιον</strong></span> <span class='ocrx_word' id='word_1_277' title='bbox 256 2957 351 3022; x_wconf 89' lang='grc' dir='ltr'><strong>εἰπεν.</strong></span> <span class='ocrx_word' id='word_1_278' title='bbox 367 2950 414 3022; x_wconf 88' lang='grc' dir='ltr'><strong><em>Ἢ</em></strong></span> <span class='ocrx_word' id='word_1_279' title='bbox 429 2966 472 3043; x_wconf 81' lang='grc' dir='ltr'><strong>τῷ</strong></span> <span class='ocrx_word' id='word_1_280' title='bbox 488 2956 678 3044; x_wconf 87' lang='grc' dir='ltr'><strong>δμοιωθήναι</strong></span> <span class='ocrx_word' id='word_1_281' title='bbox 699 2958 851 3024; x_wconf 80' lang='grc' dir='ltr'><strong>πελεκᾰνι</strong></span> <span class='ocrx_word' id='word_1_282' title='bbox 865 2979 925 3023; x_wconf 91' lang='grc' dir='ltr'><strong>πα-</strong></span> <span class='ocrx_word' id='word_1_283' title='bbox 969 2975 1029 3037; x_wconf 84' lang='grc' dir='ltr'><strong>μτυ</strong></span> <span class='ocrx_word' id='word_1_284' title='bbox 1044 2957 1215 3021; x_wconf 89' lang='lat' dir='ltr'><strong>domicilio</strong></span> <span class='ocrx_word' id='word_1_285' title='bbox 1238 2957 1325 3020; x_wconf 83' lang='lat' dir='ltr'><strong>dixit</strong></span> <span class='ocrx_word' id='word_1_286' title='bbox 1342 2957 1473 3022; x_wconf 72' lang='grc' dir='ltr'><strong>ννιιίανιι.</strong></span> <span class='ocrx_word' id='word_1_287' title='bbox 1493 2959 1555 3023; x_wconf 89' lang='lat' dir='ltr'><strong>Vel</strong></span> <span class='ocrx_word' id='word_1_288' title='bbox 1579 2977 1622 3022; x_wconf 82' lang='lat' dir='ltr'><strong>ex</strong></span> <span class='ocrx_word' id='word_1_289' title='bbox 1637 2959 1717 3022; x_wconf 90' lang='lat' dir='ltr'><strong>hoc:</strong></span> 
     </span>
     <span class='ocr_line' id='line_1_26' title="bbox 172 3058 1720 3148; baseline 0.001 -23"><span class='ocrx_word' id='word_1_290' title='bbox 172 3059 296 3145; x_wconf 84' lang='grc' dir='ltr'><strong>ρίστησι</strong></span> <span class='ocrx_word' id='word_1_291' title='bbox 306 3063 363 3148; x_wconf 80' lang='grc' dir='ltr'><strong>τήν</strong></span> <span class='ocrx_word' id='word_1_292' title='bbox 375 3059 508 3147; x_wconf 87' lang='grc' dir='ltr'><strong>ἐρημίκν</strong></span> <span class='ocrx_word' id='word_1_293' title='bbox 521 3072 576 3128; x_wconf 91' lang='grc' dir='ltr'><strong>τοῦ</strong></span> <span class='ocrx_word' id='word_1_294' title='bbox 588 3062 703 3144; x_wconf 88' lang='grc' dir='ltr'><strong>ἐθνους,</strong></span> <span class='ocrx_word' id='word_1_295' title='bbox 717 3061 792 3147; x_wconf 89' lang='grc' dir='ltr'><strong>παρ’</strong></span> <span class='ocrx_word' id='word_1_296' title='bbox 800 3064 837 3128; x_wconf 90' lang='grc' dir='ltr'><strong>ού</strong></span> <span class='ocrx_word' id='word_1_297' title='bbox 850 3073 923 3127; x_wconf 91' lang='grc' dir='ltr'><strong>ταῦ-</strong></span> <span class='ocrx_word' id='word_1_298' title='bbox 968 3061 1099 3126; x_wconf 77' lang='lat' dir='ltr'><strong>Similis</strong></span> <span class='ocrx_word' id='word_1_299' title='bbox 1126 3058 1246 3142; x_wconf 70' lang='lat' dir='ltr'><strong>factate</strong></span> <span class='ocrx_word' id='word_1_300' title='bbox 1277 3079 1351 3127; x_wconf 77' lang='grc' dir='ltr'><strong>κατα</strong></span> <span class='ocrx_word' id='word_1_301' title='bbox 1375 3062 1536 3143; x_wconf 77' lang='lat' dir='ltr'><strong>pelicano,</strong></span> <span class='ocrx_word' id='word_1_302' title='bbox 1570 3063 1720 3127; x_wconf 86' lang='lat' dir='ltr'><strong>declarat</strong></span> 
     </span>
     <span class='ocr_line' id='line_1_27' title="bbox 170 3162 1719 3256; baseline 0.001 -27"><span class='ocrx_word' id='word_1_303' title='bbox 170 3184 212 3229; x_wconf 91' lang='grc' dir='ltr'><strong>τα</strong></span> <span class='ocrx_word' id='word_1_304' title='bbox 226 3162 323 3250; x_wconf 76' lang='grc' dir='ltr'><strong>λέγει.</strong></span> <span class='ocrx_word' id='word_1_305' title='bbox 339 3203 382 3214; x_wconf 91' lang='lat'><em>-</em></span> <span class='ocrx_word' id='word_1_306' title='bbox 395 3164 534 3243; x_wconf 73' lang='grc' dir='ltr'><strong>Πολλοῖς</strong></span> <span class='ocrx_word' id='word_1_307' title='bbox 545 3163 702 3251; x_wconf 80' lang='grc' dir='ltr'><strong>κέχρηται</strong></span> <span class='ocrx_word' id='word_1_308' title='bbox 713 3165 920 3251; x_wconf 82' lang='grc' dir='ltr'><strong>παραδολαῖς,</strong></span> <span class='ocrx_word' id='word_1_309' title='bbox 969 3165 1094 3245; x_wconf 78' lang='lat' dir='ltr'><strong>gentis,</strong></span> <span class='ocrx_word' id='word_1_310' title='bbox 1110 3165 1152 3228; x_wconf 87' lang='lat' dir='ltr'><strong>de</strong></span> <span class='ocrx_word' id='word_1_311' title='bbox 1168 3183 1236 3248; x_wconf 91' lang='lat' dir='ltr'><strong>qua</strong></span> <span class='ocrx_word' id='word_1_312' title='bbox 1251 3165 1287 3229; x_wconf 91' lang='lat' dir='ltr'><strong>id</strong></span> <span class='ocrx_word' id='word_1_313' title='bbox 1302 3166 1441 3256; x_wconf 20' lang='lat' dir='ltr'><strong>dicitur,y</strong></span> <span class='ocrx_word' id='word_1_314' title='bbox 1460 3167 1665 3232; x_wconf 81' lang='lat' dir='ltr'><strong>vastitatem.</strong></span> <span class='ocrx_word' id='word_1_315' title='bbox 1680 3198 1719 3212; x_wconf 81' lang='lat'>—</span> 
     </span>
     <span class='ocr_line' id='line_1_28' title="bbox 172 3266 1722 3357; baseline 0.003 -25"><span class='ocrx_word' id='word_1_316' title='bbox 172 3266 266 3348; x_wconf 80' lang='grc' dir='ltr'><strong>άξίως</strong></span> <span class='ocrx_word' id='word_1_317' title='bbox 290 3267 478 3356; x_wconf 89' lang='grc' dir='ltr'><strong>βουλόμενος</strong></span> <span class='ocrx_word' id='word_1_318' title='bbox 500 3277 704 3355; x_wconf 78' lang='grc' dir='ltr'><strong>παραστήσει</strong></span> <span class='ocrx_word' id='word_1_319' title='bbox 726 3271 782 3349; x_wconf 79' lang='grc' dir='ltr'><strong>τὰς</strong></span> <span class='ocrx_word' id='word_1_320' title='bbox 802 3291 921 3357; x_wconf 84' lang='grc' dir='ltr'><strong>συμφο-</strong></span> <span class='ocrx_word' id='word_1_321' title='bbox 967 3270 1129 3333; x_wconf 88' lang='lat' dir='ltr'><strong>Plurimis</strong></span> <span class='ocrx_word' id='word_1_322' title='bbox 1145 3272 1257 3334; x_wconf 91' lang='lat' dir='ltr'><strong>utitur</strong></span> <span class='ocrx_word' id='word_1_323' title='bbox 1272 3270 1632 3351; x_wconf 74' lang='lat' dir='ltr'><strong>paraboliS,volcnsob</strong></span> <span class='ocrx_word' id='word_1_324' title='bbox 1643 3289 1722 3336; x_wconf 91' lang='lat' dir='ltr'><strong>ocu·</strong></span> 
     </span>
     <span class='ocr_line' id='line_1_29' title="bbox 175 3373 1719 3462; baseline 0.003 -27"><span class='ocrx_word' id='word_1_325' title='bbox 175 3374 252 3459; x_wconf 88' lang='grc' dir='ltr'><strong>ράς·</strong></span> <span class='ocrx_word' id='word_1_326' title='bbox 267 3374 306 3440; x_wconf 87' lang='grc' dir='ltr'><strong>δι’</strong></span> <span class='ocrx_word' id='word_1_327' title='bbox 318 3375 454 3442; x_wconf 71' lang='grc' dir='ltr'><strong>ἕκαστον</strong></span> <span class='ocrx_word' id='word_1_328' title='bbox 469 3377 505 3441; x_wconf 81' lang='grc' dir='ltr'><strong>δὲ</strong></span> <span class='ocrx_word' id='word_1_329' title='bbox 526 3385 588 3442; x_wconf 82' lang='grc' dir='ltr'><strong>τῶν</strong></span> <span class='ocrx_word' id='word_1_330' title='bbox 603 3373 774 3462; x_wconf 79' lang='grc' dir='ltr'><strong>εἰρημένων</strong></span> <span class='ocrx_word' id='word_1_331' title='bbox 796 3374 924 3462; x_wconf 73' lang='grc' dir='ltr'><strong>ὀρνίθων</strong></span> <span class='ocrx_word' id='word_1_332' title='bbox 968 3373 1018 3436; x_wconf 84' lang='lat' dir='ltr'><strong>los</strong></span> <span class='ocrx_word' id='word_1_333' title='bbox 1041 3389 1165 3453; x_wconf 85' lang='lat' dir='ltr'><strong>ponere</strong></span> <span class='ocrx_word' id='word_1_334' title='bbox 1192 3374 1350 3454; x_wconf 80' lang='lat' dir='ltr'><strong>aequalia</strong></span> <span class='ocrx_word' id='word_1_335' title='bbox 1371 3376 1634 3439; x_wconf 63' lang='lat' dir='ltr'><strong>calamitatibus</strong></span> <span class='ocrx_word' id='word_1_336' title='bbox 1654 3378 1719 3441; x_wconf 82' lang='lat' dir='ltr'><strong>Per</strong></span> 
     </span>
     <span class='ocr_line' id='line_1_30' title="bbox 174 3477 1717 3566; baseline -0.003 -18"><span class='ocrx_word' id='word_1_337' title='bbox 174 3481 234 3566; x_wconf 81' lang='grc' dir='ltr'><strong>τήν</strong></span> <span class='ocrx_word' id='word_1_338' title='bbox 260 3479 378 3546; x_wconf 79' lang='grc' dir='ltr'><strong>δειλίαν</strong></span> <span class='ocrx_word' id='word_1_339' title='bbox 401 3479 493 3566; x_wconf 73' lang='grc' dir='ltr'><strong>δηλοῖ</strong></span> <span class='ocrx_word' id='word_1_340' title='bbox 514 3482 569 3546; x_wconf 83' lang='grc' dir='ltr'><strong>καί</strong></span> <span class='ocrx_word' id='word_1_341' title='bbox 590 3491 645 3546; x_wconf 89' lang='grc' dir='ltr'><strong>τοῦ</strong></span> <span class='ocrx_word' id='word_1_342' title='bbox 667 3479 841 3566; x_wconf 79' lang='grc' dir='ltr'><strong>κηδεμόνος</strong></span> <span class='ocrx_word' id='word_1_343' title='bbox 864 3482 923 3566; x_wconf 83' lang='grc' dir='ltr'><strong>τήν</strong></span> <span class='ocrx_word' id='word_1_344' title='bbox 967 3477 1154 3558; x_wconf 86' lang='lat' dir='ltr'><strong>quemlibet</strong></span> <span class='ocrx_word' id='word_1_345' title='bbox 1179 3482 1295 3541; x_wconf 87' lang='lat' dir='ltr'><strong>autem</strong></span> <span class='ocrx_word' id='word_1_346' title='bbox 1322 3479 1560 3560; x_wconf 69' lang='lat' dir='ltr'><strong>praedictorum</strong></span> <span class='ocrx_word' id='word_1_347' title='bbox 1590 3481 1717 3561; x_wconf 84' lang='lat' dir='ltr'><strong>avium,</strong></span> 
     </span>
     <span class='ocr_line' id='line_1_31' title="bbox 171 3579 1718 3671; baseline -0.002 -22"><span class='ocrx_word' id='word_1_348' title='bbox 171 3582 317 3670; x_wconf 82' lang='grc' dir='ltr'><strong>ἐρημάαν.</strong></span> <span class='ocrx_word' id='word_1_349' title='bbox 334 3583 379 3650; x_wconf 86' lang='grc' dir='ltr'><strong>Τό</strong></span> <span class='ocrx_word' id='word_1_350' title='bbox 401 3605 437 3649; x_wconf 89' lang='grc' dir='ltr'><strong>τε</strong></span> <span class='ocrx_word' id='word_1_351' title='bbox 454 3586 517 3670; x_wconf 79' lang='grc' dir='ltr'><strong>γάρ</strong></span> <span class='ocrx_word' id='word_1_352' title='bbox 539 3584 700 3669; x_wconf 79' lang='grc' dir='ltr'><strong>στρουθίον</strong></span> <span class='ocrx_word' id='word_1_353' title='bbox 722 3584 922 3671; x_wconf 78' lang='grc' dir='ltr'><strong>ὑπ’άγωνίτς</strong></span> <span class='ocrx_word' id='word_1_354' title='bbox 966 3579 1181 3644; x_wconf 86' lang='lat' dir='ltr'><strong>formidinem</strong></span> <span class='ocrx_word' id='word_1_355' title='bbox 1194 3581 1412 3662; x_wconf 86' lang='lat' dir='ltr'><strong>demonstrat,</strong></span> <span class='ocrx_word' id='word_1_356' title='bbox 1425 3585 1458 3645; x_wconf 89' lang='lat' dir='ltr'><strong>et</strong></span> <span class='ocrx_word' id='word_1_357' title='bbox 1470 3582 1617 3663; x_wconf 74' lang='lat' dir='ltr'><strong>providas</strong></span> <span class='ocrx_word' id='word_1_358' title='bbox 1629 3587 1718 3647; x_wconf 85' lang='lat' dir='ltr'><strong>tute·</strong></span> 
     </span>
     <span class='ocr_line' id='line_1_32' title="bbox 169 3685 1717 3774; baseline -0.001 -22"><span class='ocrx_word' id='word_1_359' title='bbox 169 3686 329 3767; x_wconf 78' lang='grc' dir='ltr'><strong>ἐξελαύνει</strong></span> <span class='ocrx_word' id='word_1_360' title='bbox 349 3689 404 3754; x_wconf 84' lang='grc' dir='ltr'><strong>τόν</strong></span> <span class='ocrx_word' id='word_1_361' title='bbox 419 3690 524 3770; x_wconf 90' lang='grc' dir='ltr'><strong>ῦττνον,</strong></span> <span class='ocrx_word' id='word_1_362' title='bbox 548 3689 602 3754; x_wconf 81' lang='grc' dir='ltr'><strong>καὶ</strong></span> <span class='ocrx_word' id='word_1_363' title='bbox 623 3687 842 3774; x_wconf 83' lang='grc' dir='ltr'><strong>όνυκτικύραξ</strong></span> <span class='ocrx_word' id='word_1_364' title='bbox 864 3691 920 3768; x_wconf 82' lang='grc' dir='ltr'><strong>τὰς</strong></span> <span class='ocrx_word' id='word_1_365' title='bbox 966 3686 1008 3748; x_wconf 83' lang='lat' dir='ltr'><strong>1ae</strong></span> <span class='ocrx_word' id='word_1_366' title='bbox 1023 3685 1211 3749; x_wconf 80' lang='lat' dir='ltr'><strong>orbitatem.</strong></span> <span class='ocrx_word' id='word_1_367' title='bbox 1224 3689 1343 3750; x_wconf 84' lang='lat' dir='ltr'><strong>Passer</strong></span> <span class='ocrx_word' id='word_1_368' title='bbox 1354 3687 1445 3750; x_wconf 90' lang='lat' dir='ltr'><strong>enim</strong></span> <span class='ocrx_word' id='word_1_369' title='bbox 1458 3686 1500 3750; x_wconf 98' lang='lat' dir='ltr'><strong>ob</strong></span> <span class='ocrx_word' id='word_1_370' title='bbox 1508 3689 1717 3752; x_wconf 83' lang='lat' dir='ltr'><strong>anxietatem</strong></span> 
     </span>
     <span class='ocr_line' id='line_1_33' title="bbox 171 3788 1719 3879; baseline 0.001 -25"><span class='ocrx_word' id='word_1_371' title='bbox 171 3788 358 3878; x_wconf 81' lang='grc' dir='ltr'><strong>οἰκουμένας</strong></span> <span class='ocrx_word' id='word_1_372' title='bbox 381 3791 504 3876; x_wconf 83' lang='grc' dir='ltr'><strong>φεύγων</strong></span> <span class='ocrx_word' id='word_1_373' title='bbox 526 3799 587 3856; x_wconf 82' lang='grc' dir='ltr'><strong>τῶν</strong></span> <span class='ocrx_word' id='word_1_374' title='bbox 607 3791 740 3873; x_wconf 80' lang='grc' dir='ltr'><strong>οἰκείων,</strong></span> <span class='ocrx_word' id='word_1_375' title='bbox 756 3801 825 3869; x_wconf 80' lang='grc' dir='ltr'><strong>ταῖς</strong></span> <span class='ocrx_word' id='word_1_376' title='bbox 849 3791 921 3879; x_wconf 89' lang='grc' dir='ltr'><strong>ἐρή-</strong></span> <span class='ocrx_word' id='word_1_377' title='bbox 965 3788 1255 3869; x_wconf 80' lang='lat' dir='ltr'><strong>somnumabigit3</strong></span> <span class='ocrx_word' id='word_1_378' title='bbox 1269 3792 1303 3852; x_wconf 88' lang='lat' dir='ltr'><strong>et</strong></span> <span class='ocrx_word' id='word_1_379' title='bbox 1314 3790 1511 3872; x_wconf 86' lang='lat' dir='ltr'><strong>nycticorax</strong></span> <span class='ocrx_word' id='word_1_380' title='bbox 1523 3791 1719 3856; x_wconf 87' lang='lat' dir='ltr'><strong>habitacula</strong></span> 
     </span>
     <span class='ocr_line' id='line_1_34' title="bbox 170 3891 1716 3982; baseline 0 -22"><span class='ocrx_word' id='word_1_381' title='bbox 170 3915 239 3982; x_wconf 86' lang='grc' dir='ltr'><strong>μοις</strong></span> <span class='ocrx_word' id='word_1_382' title='bbox 254 3892 441 3981; x_wconf 80' lang='grc' dir='ltr'><strong>προστρέχει</strong></span> <span class='ocrx_word' id='word_1_383' title='bbox 455 3893 749 3982; x_wconf 84' lang='grc' dir='ltr'><strong>καταλελεμμένος·</strong></span> <span class='ocrx_word' id='word_1_384' title='bbox 769 3899 850 3962; x_wconf 89' lang='grc' dir='ltr'><strong>ούτω</strong></span> <span class='ocrx_word' id='word_1_385' title='bbox 867 3899 922 3962; x_wconf 84' lang='grc' dir='ltr'><strong>καί</strong></span> <span class='ocrx_word' id='word_1_386' title='bbox 965 3891 1114 3974; x_wconf 80' lang='lat' dir='ltr'><strong>fugiens,</strong></span> <span class='ocrx_word' id='word_1_387' title='bbox 1132 3892 1174 3957; x_wconf 92' lang='lat' dir='ltr'><strong>ad</strong></span> <span class='ocrx_word' id='word_1_388' title='bbox 1205 3893 1355 3958; x_wconf 87' lang='lat' dir='ltr'><strong>desertas</strong></span> <span class='ocrx_word' id='word_1_389' title='bbox 1373 3892 1488 3958; x_wconf 89' lang='lat' dir='ltr'><strong>domos</strong></span> <span class='ocrx_word' id='word_1_390' title='bbox 1506 3895 1642 3959; x_wconf 85' lang='lat' dir='ltr'><strong>advolat</strong></span> <span class='ocrx_word' id='word_1_391' title='bbox 1663 3897 1716 3960; x_wconf 89' lang='lat' dir='ltr'><strong>uti</strong></span> 
     </span>
     <span class='ocr_line' id='line_1_35' title="bbox 169 3996 1714 4085; baseline -0.001 -22"><span class='ocrx_word' id='word_1_392' title='bbox 169 4001 207 4063; x_wconf 85' lang='grc' dir='ltr'><strong>τό</strong></span> <span class='ocrx_word' id='word_1_393' title='bbox 233 3997 313 4063; x_wconf 80' lang='grc' dir='ltr'><strong>ἄλλο</strong></span> <span class='ocrx_word' id='word_1_394' title='bbox 336 3999 443 4084; x_wconf 86' lang='grc' dir='ltr'><strong>όρνεον</strong></span> <span class='ocrx_word' id='word_1_395' title='bbox 465 4006 534 4076; x_wconf 72' lang='grc' dir='ltr'><strong>ταῖς</strong></span> <span class='ocrx_word' id='word_1_396' title='bbox 557 3997 684 4085; x_wconf 90' lang='grc' dir='ltr'><strong>ἐρήμοις</strong></span> <span class='ocrx_word' id='word_1_397' title='bbox 715 4000 921 4066; x_wconf 76' lang='grc' dir='ltr'><strong>ἐνδιαιτᾶται·</strong></span> <span class='ocrx_word' id='word_1_398' title='bbox 965 3996 1164 4078; x_wconf 91' lang='lat' dir='ltr'><strong>derelictus;</strong></span> <span class='ocrx_word' id='word_1_399' title='bbox 1185 3999 1232 4062; x_wconf 88' lang='lat' dir='ltr'><strong>ita</strong></span> <span class='ocrx_word' id='word_1_400' title='bbox 1246 4001 1281 4061; x_wconf 90' lang='lat' dir='ltr'><strong>et</strong></span> <span class='ocrx_word' id='word_1_401' title='bbox 1298 4000 1400 4062; x_wconf 88' lang='lat' dir='ltr'><strong>tertia</strong></span> <span class='ocrx_word' id='word_1_402' title='bbox 1411 4000 1547 4063; x_wconf 89' lang='lat' dir='ltr'><strong>avicula</strong></span> <span class='ocrx_word' id='word_1_403' title='bbox 1560 3999 1714 4064; x_wconf 88' lang='lat' dir='ltr'><strong>solitudi-</strong></span> 
     </span>
     <span class='ocr_line' id='line_1_36' title="bbox 170 4093 1717 4190; baseline -0.002 -22"><span class='ocrx_word' id='word_1_404' title='bbox 170 4101 223 4168; x_wconf 81' lang='grc' dir='ltr'><strong>διά</strong></span> <span class='ocrx_word' id='word_1_405' title='bbox 237 4103 355 4170; x_wconf 89' lang='grc' dir='ltr'><strong>τούτων</strong></span> <span class='ocrx_word' id='word_1_406' title='bbox 377 4103 413 4167; x_wconf 83' lang='grc' dir='ltr'><strong>δὲ</strong></span> <span class='ocrx_word' id='word_1_407' title='bbox 434 4102 605 4189; x_wconf 84' lang='grc' dir='ltr'><strong>παρίστησι</strong></span> <span class='ocrx_word' id='word_1_408' title='bbox 627 4107 686 4190; x_wconf 87' lang='grc' dir='ltr'><strong>τήν</strong></span> <span class='ocrx_word' id='word_1_409' title='bbox 709 4102 842 4190; x_wconf 78' lang='grc' dir='ltr'><strong>ἐρημίαν</strong></span> <span class='ocrx_word' id='word_1_410' title='bbox 865 4105 920 4169; x_wconf 85' lang='grc' dir='ltr'><strong>καί</strong></span> <span class='ocrx_word' id='word_1_411' title='bbox 966 4117 1044 4164; x_wconf 87' lang='lat' dir='ltr'><strong>nem</strong></span> <span class='ocrx_word' id='word_1_412' title='bbox 1058 4101 1237 4165; x_wconf 87' lang='lat' dir='ltr'><strong>inhabitat.</strong></span> <span class='ocrx_word' id='word_1_413' title='bbox 1253 4103 1305 4165; x_wconf 81' lang='lat' dir='ltr'><strong>Ex</strong></span> <span class='ocrx_word' id='word_1_414' title='bbox 1317 4102 1370 4166; x_wconf 87' lang='lat' dir='ltr'><strong>his</strong></span> <span class='ocrx_word' id='word_1_415' title='bbox 1383 4107 1498 4166; x_wconf 89' lang='lat' dir='ltr'><strong>autem</strong></span> <span class='ocrx_word' id='word_1_416' title='bbox 1510 4105 1622 4184; x_wconf 87' lang='lat' dir='ltr'><strong>palam</strong></span> <span class='ocrx_word' id='word_1_417' title='bbox 1635 4093 1717 4166; x_wconf 82' lang='lat' dir='ltr'><strong>iacit</strong></span> 
     </span>
     <span class='ocr_line' id='line_1_37' title="bbox 171 4206 1718 4295; baseline -0.003 -21"><span class='ocrx_word' id='word_1_418' title='bbox 171 4208 231 4292; x_wconf 90' lang='grc' dir='ltr'><strong>τήν</strong></span> <span class='ocrx_word' id='word_1_419' title='bbox 246 4206 379 4292; x_wconf 89' lang='grc' dir='ltr'><strong>μόνωσιν</strong></span> <span class='ocrx_word' id='word_1_420' title='bbox 394 4207 523 4272; x_wconf 83' lang='grc' dir='ltr'><strong>αῦτοῦδ</strong></span> <span class='ocrx_word' id='word_1_421' title='bbox 546 4207 722 4294; x_wconf 85' lang='grc' dir='ltr'><strong>προφήτης,</strong></span> <span class='ocrx_word' id='word_1_422' title='bbox 738 4209 772 4286; x_wconf 87' lang='grc' dir='ltr'><strong>δς</strong></span> <span class='ocrx_word' id='word_1_423' title='bbox 796 4207 919 4295; x_wconf 88' lang='grc' dir='ltr'><strong>φεύγων</strong></span> <span class='ocrx_word' id='word_1_424' title='bbox 965 4206 1129 4288; x_wconf 87' lang='lat' dir='ltr'><strong>propheta</strong></span> <span class='ocrx_word' id='word_1_425' title='bbox 1141 4211 1309 4289; x_wconf 88' lang='lat' dir='ltr'><strong>quantum</strong></span> <span class='ocrx_word' id='word_1_426' title='bbox 1322 4207 1461 4272; x_wconf 88' lang='lat' dir='ltr'><strong>relictus</strong></span> <span class='ocrx_word' id='word_1_427' title='bbox 1478 4209 1549 4289; x_wconf 89' lang='lat' dir='ltr'><strong>ipse</strong></span> <span class='ocrx_word' id='word_1_428' title='bbox 1566 4215 1599 4270; x_wconf 87' lang='lat' dir='ltr'><strong>et</strong></span> <span class='ocrx_word' id='word_1_429' title='bbox 1614 4224 1718 4289; x_wconf 89' lang='lat' dir='ltr'><strong>quam</strong></span> 
     </span>
     <span class='ocr_line' id='line_1_38' title="bbox 169 4310 1717 4399; baseline 0.001 -23"><span class='ocrx_word' id='word_1_430' title='bbox 169 4312 229 4390; x_wconf 82' lang='grc' dir='ltr'><strong>τάς</strong></span> <span class='ocrx_word' id='word_1_431' title='bbox 244 4310 458 4397; x_wconf 88' lang='grc' dir='ltr'><strong>πολυάνδρους</strong></span> <span class='ocrx_word' id='word_1_432' title='bbox 479 4319 541 4378; x_wconf 79' lang='grc' dir='ltr'><strong>τῶν</strong></span> <span class='ocrx_word' id='word_1_433' title='bbox 555 4311 687 4397; x_wconf 90' lang='grc' dir='ltr'><strong>πόλεων,</strong></span> <span class='ocrx_word' id='word_1_434' title='bbox 715 4314 774 4399; x_wconf 88' lang='grc' dir='ltr'><strong>τήν</strong></span> <span class='ocrx_word' id='word_1_435' title='bbox 788 4311 921 4399; x_wconf 88' lang='grc' dir='ltr'><strong>ήρεμίαν</strong></span> <span class='ocrx_word' id='word_1_436' title='bbox 965 4310 1058 4374; x_wconf 85' lang='lat' dir='ltr'><strong>solus</strong></span> <span class='ocrx_word' id='word_1_437' title='bbox 1074 4311 1135 4391; x_wconf 83' lang='lat' dir='ltr'><strong>sit3</strong></span> <span class='ocrx_word' id='word_1_438' title='bbox 1152 4311 1211 4392; x_wconf 91' lang='lat' dir='ltr'><strong>qui</strong></span> <span class='ocrx_word' id='word_1_439' title='bbox 1227 4310 1366 4390; x_wconf 82' lang='lat' dir='ltr'><strong>fugiens</strong></span> <span class='ocrx_word' id='word_1_440' title='bbox 1389 4312 1555 4393; x_wconf 82' lang='lat' dir='ltr'><strong>civitates,</strong></span> <span class='ocrx_word' id='word_1_441' title='bbox 1572 4313 1717 4394; x_wconf 85' lang='lat' dir='ltr'><strong>copiosis</strong></span> 
     </span>
    </p>
   </div>
   <div class='ocr_carea' id='block_1_3' title="bbox 166 4530 1769 5124">
    <p class='ocr_par' dir='ltr' id='par_1_5' title="bbox 166 4530 1769 5124">
     <span class='ocr_line' id='line_1_39' title="bbox 202 4530 1718 4605; baseline -0.001 -14"><span class='ocrx_word' id='word_1_442' title='bbox 202 4552 231 4594; x_wconf 79' lang='grc' dir='ltr'><strong>ν.</strong></span> <span class='ocrx_word' id='word_1_443' title='bbox 250 4535 276 4590; x_wconf 83' lang='grc'><strong>7.</strong></span> <span class='ocrx_word' id='word_1_444' title='bbox 294 4534 362 4591; x_wconf 78' lang='lat' dir='ltr'><strong>Vat</strong></span> <span class='ocrx_word' id='word_1_445' title='bbox 379 4535 406 4605; x_wconf 84' lang='lat'><strong>4,</strong></span> <span class='ocrx_word' id='word_1_446' title='bbox 424 4535 452 4590; x_wconf 86' lang='lat'><strong>5.</strong></span> <span class='ocrx_word' id='word_1_447' title='bbox 470 4535 569 4590; x_wconf 83' lang='lat' dir='ltr'><strong>Pauca</strong></span> <span class='ocrx_word' id='word_1_448' title='bbox 585 4533 623 4590; x_wconf 83' lang='lat' dir='ltr'><strong>ab</strong></span> <span class='ocrx_word' id='word_1_449' title='bbox 641 4533 728 4590; x_wconf 89' lang='lat' dir='ltr'><strong>initio</strong></span> <span class='ocrx_word' id='word_1_450' title='bbox 744 4533 918 4590; x_wconf 81' lang='lat' dir='ltr'><strong>rI&#39;haodorus</strong></span> <span class='ocrx_word' id='word_1_451' title='bbox 966 4531 1051 4602; x_wconf 80' lang='lat' dir='ltr'><strong>Quod</strong></span> <span class='ocrx_word' id='word_1_452' title='bbox 1061 4549 1133 4590; x_wconf 83' lang='lat' dir='ltr'><strong>vero</strong></span> <span class='ocrx_word' id='word_1_453' title='bbox 1144 4531 1177 4587; x_wconf 90' lang='lat' dir='ltr'><strong>in</strong></span> <span class='ocrx_word' id='word_1_454' title='bbox 1188 4531 1245 4587; x_wconf 91' lang='lat' dir='ltr'><strong>hoc</strong></span> <span class='ocrx_word' id='word_1_455' title='bbox 1257 4535 1338 4588; x_wconf 90' lang='lat' dir='ltr'><strong>tomo</strong></span> <span class='ocrx_word' id='word_1_456' title='bbox 1351 4531 1422 4588; x_wconf 92' lang='lat' dir='ltr'><strong>olim</strong></span> <span class='ocrx_word' id='word_1_457' title='bbox 1439 4531 1499 4588; x_wconf 85' lang='lat' dir='ltr'><strong>luci</strong></span> <span class='ocrx_word' id='word_1_458' title='bbox 1516 4530 1659 4604; x_wconf 84' lang='lat' dir='ltr'><strong>dedimus,</strong></span> <span class='ocrx_word' id='word_1_459' title='bbox 1679 4549 1718 4589; x_wconf 82' lang='lat' dir='ltr'><strong>ex</strong></span> 
     </span>
     <span class='ocr_line' id='line_1_40' title="bbox 167 4617 1713 4693; baseline 0.001 -18"><span class='ocrx_word' id='word_1_460' title='bbox 167 4617 346 4675; x_wconf 75' lang='lat' dir='ltr'><strong>Heracleote</strong></span> <span class='ocrx_word' id='word_1_461' title='bbox 366 4618 541 4693; x_wconf 68' lang='lat' dir='ltr'><strong>prelibavit,</strong></span> <span class='ocrx_word' id='word_1_462' title='bbox 565 4625 674 4676; x_wconf 72' lang='lat' dir='ltr'><strong>cetera</strong></span> <span class='ocrx_word' id='word_1_463' title='bbox 696 4619 767 4676; x_wconf 85' lang='lat' dir='ltr'><strong>licet</strong></span> <span class='ocrx_word' id='word_1_464' title='bbox 790 4619 919 4676; x_wconf 82' lang='lat' dir='ltr'><strong>lautiora</strong></span> <span class='ocrx_word' id='word_1_465' title='bbox 964 4625 1028 4676; x_wconf 89' lang='lat' dir='ltr'><strong>toto</strong></span> <span class='ocrx_word' id='word_1_466' title='bbox 1051 4618 1136 4691; x_wconf 82' lang='lat' dir='ltr'><strong>qnasi</strong></span> <span class='ocrx_word' id='word_1_467' title='bbox 1156 4621 1293 4684; x_wconf 81' lang='grc' dir='ltr'><strong>αῦτολεξεί</strong></span> <span class='ocrx_word' id='word_1_468' title='bbox 1313 4617 1485 4675; x_wconf 86' lang='lat' dir='ltr'><strong>inseruntur</strong></span> <span class='ocrx_word' id='word_1_469' title='bbox 1506 4618 1537 4674; x_wconf 88' lang='lat' dir='ltr'><strong>in</strong></span> <span class='ocrx_word' id='word_1_470' title='bbox 1558 4619 1713 4691; x_wconf 78' lang='lat' dir='ltr'><strong>vulgatum</strong></span> 
     </span>
     <span class='ocr_line' id='line_1_41' title="bbox 167 4703 1718 4780; baseline 0.003 -20"><span class='ocrx_word' id='word_1_471' title='bbox 167 4703 335 4760; x_wconf 81' lang='lat' dir='ltr'><strong>fastidiens.</strong></span> <span class='ocrx_word' id='word_1_472' title='bbox 352 4705 389 4761; x_wconf 87' lang='lat' dir='ltr'><strong>In</strong></span> <span class='ocrx_word' id='word_1_473' title='bbox 401 4704 460 4760; x_wconf 80' lang='lat' dir='ltr'><strong>alis</strong></span> <span class='ocrx_word' id='word_1_474' title='bbox 477 4705 623 4780; x_wconf 79' lang='lat' dir='ltr'><strong>Didymus</strong></span> <span class='ocrx_word' id='word_1_475' title='bbox 640 4705 746 4761; x_wconf 87' lang='lat' dir='ltr'><strong>incidit</strong></span> <span class='ocrx_word' id='word_1_476' title='bbox 762 4705 865 4776; x_wconf 88' lang='lat' dir='ltr'><strong>obiter,</strong></span> <span class='ocrx_word' id='word_1_477' title='bbox 877 4706 922 4762; x_wconf 82' lang='lat' dir='ltr'><strong>its</strong></span> <span class='ocrx_word' id='word_1_478' title='bbox 964 4706 1085 4763; x_wconf 78' lang='lat' dir='ltr'><strong>Eusebii</strong></span> <span class='ocrx_word' id='word_1_479' title='bbox 1103 4706 1140 4762; x_wconf 86' lang='lat' dir='ltr'><strong>de</strong></span> <span class='ocrx_word' id='word_1_480' title='bbox 1157 4705 1214 4761; x_wconf 90' lang='lat' dir='ltr'><strong>hoc</strong></span> <span class='ocrx_word' id='word_1_481' title='bbox 1231 4723 1275 4778; x_wconf 86' lang='lat' dir='ltr'><strong>ps.</strong></span> <span class='ocrx_word' id='word_1_482' title='bbox 1295 4705 1543 4776; x_wconf 87' lang='lat' dir='ltr'><strong>commentarium,</strong></span> <span class='ocrx_word' id='word_1_483' title='bbox 1563 4721 1650 4778; x_wconf 87' lang='lat' dir='ltr'><strong>quem</strong></span> <span class='ocrx_word' id='word_1_484' title='bbox 1666 4708 1718 4765; x_wconf 86' lang='lat' dir='ltr'><strong>vix</strong></span> 
     </span>
     <span class='ocr_line' id='line_1_42' title="bbox 167 4789 1716 4870; baseline 0.002 -25"><span class='ocrx_word' id='word_1_485' title='bbox 167 4789 200 4845; x_wconf 92' lang='lat' dir='ltr'><strong>in</strong></span> <span class='ocrx_word' id='word_1_486' title='bbox 211 4789 271 4845; x_wconf 84' lang='lat' dir='ltr'><strong>fine</strong></span> <span class='ocrx_word' id='word_1_487' title='bbox 282 4789 437 4847; x_wconf 79' lang='lat' dir='ltr'><strong>Eusebius.</strong></span> <span class='ocrx_word' id='word_1_488' title='bbox 450 4790 537 4847; x_wconf 86' lang='lat' dir='ltr'><strong>Solus</strong></span> <span class='ocrx_word' id='word_1_489' title='bbox 549 4790 612 4846; x_wconf 91' lang='lat' dir='ltr'><strong>cod.</strong></span> <span class='ocrx_word' id='word_1_490' title='bbox 626 4791 643 4847; x_wconf 83' lang='lat'><strong>5</strong></span> <span class='ocrx_word' id='word_1_491' title='bbox 655 4791 759 4847; x_wconf 83' lang='lat' dir='ltr'><strong>ultima</strong></span> <span class='ocrx_word' id='word_1_492' title='bbox 768 4791 804 4848; x_wconf 86' lang='lat' dir='ltr'><strong>de</strong></span> <span class='ocrx_word' id='word_1_493' title='bbox 814 4791 921 4865; x_wconf 83' lang='lat' dir='ltr'><strong>pelica-</strong></span> <span class='ocrx_word' id='word_1_494' title='bbox 963 4791 1125 4864; x_wconf 80' lang='lat' dir='ltr'><strong>genuinum</strong></span> <span class='ocrx_word' id='word_1_495' title='bbox 1136 4807 1296 4846; x_wconf 86' lang='lat' dir='ltr'><strong>censemus.</strong></span> <span class='ocrx_word' id='word_1_496' title='bbox 1307 4791 1383 4846; x_wconf 77' lang='lat' dir='ltr'><strong>Tota</strong></span> <span class='ocrx_word' id='word_1_497' title='bbox 1395 4791 1497 4848; x_wconf 86' lang='lat' dir='ltr'><strong>eadem</strong></span> <span class='ocrx_word' id='word_1_498' title='bbox 1506 4797 1631 4860; x_wconf 80' lang='grc' dir='ltr'><strong>Ιτιφραοις</strong></span> <span class='ocrx_word' id='word_1_499' title='bbox 1640 4811 1716 4870; x_wconf 71' lang='lat' dir='ltr'><strong>mar7</strong></span> 
     </span>
     <span class='ocr_line' id='line_1_43' title="bbox 167 4876 1717 4952; baseline 0.001 -18"><span class='ocrx_word' id='word_1_500' title='bbox 167 4893 215 4948; x_wconf 88' lang='lat' dir='ltr'><strong>no,</strong></span> <span class='ocrx_word' id='word_1_501' title='bbox 229 4877 303 4932; x_wconf 84' lang='lat' dir='ltr'><strong>satis</strong></span> <span class='ocrx_word' id='word_1_502' title='bbox 316 4881 418 4950; x_wconf 80' lang='lat' dir='ltr'><strong>aperte</strong></span> <span class='ocrx_word' id='word_1_503' title='bbox 431 4893 468 4933; x_wconf 83' lang='lat' dir='ltr'><strong>ex</strong></span> <span class='ocrx_word' id='word_1_504' title='bbox 480 4878 663 4952; x_wconf 78' lang='lat' dir='ltr'><strong>Physiologo</strong></span> <span class='ocrx_word' id='word_1_505' title='bbox 675 4879 795 4952; x_wconf 86' lang='lat' dir='ltr'><strong>recepit,</strong></span> <span class='ocrx_word' id='word_1_506' title='bbox 808 4879 845 4935; x_wconf 89' lang='lat' dir='ltr'><strong>de</strong></span> <span class='ocrx_word' id='word_1_507' title='bbox 863 4895 921 4950; x_wconf 88' lang='lat' dir='ltr'><strong>quo</strong></span> <span class='ocrx_word' id='word_1_508' title='bbox 963 4879 1063 4952; x_wconf 81' lang='lat' dir='ltr'><strong>gisam</strong></span> <span class='ocrx_word' id='word_1_509' title='bbox 1074 4876 1178 4950; x_wconf 83' lang='lat' dir='ltr'><strong>implet</strong></span> <span class='ocrx_word' id='word_1_510' title='bbox 1189 4877 1221 4932; x_wconf 85' lang='lat' dir='ltr'><strong>in</strong></span> <span class='ocrx_word' id='word_1_511' title='bbox 1233 4877 1381 4933; x_wconf 75' lang='lat' dir='ltr'><strong>Theodori</strong></span> <span class='ocrx_word' id='word_1_512' title='bbox 1399 4878 1515 4934; x_wconf 86' lang='lat' dir='ltr'><strong>Heracl.</strong></span> <span class='ocrx_word' id='word_1_513' title='bbox 1534 4879 1633 4935; x_wconf 86' lang='lat' dir='ltr'><strong>codice</strong></span> <span class='ocrx_word' id='word_1_514' title='bbox 1646 4881 1717 4938; x_wconf 87' lang='lat' dir='ltr'><strong>Bar-</strong></span> 
     </span>
     <span class='ocr_line' id='line_1_44' title="bbox 166 4963 1718 5039; baseline 0.002 -18"><span class='ocrx_word' id='word_1_515' title='bbox 166 4970 341 5036; x_wconf 75' lang='lat' dir='ltr'><strong>argumento</strong></span> <span class='ocrx_word' id='word_1_516' title='bbox 354 4964 453 5038; x_wconf 78' lang='lat' dir='ltr'><strong>opima</strong></span> <span class='ocrx_word' id='word_1_517' title='bbox 463 4971 581 5038; x_wconf 83' lang='lat' dir='ltr'><strong>patrum</strong></span> <span class='ocrx_word' id='word_1_518' title='bbox 594 4965 690 5039; x_wconf 83' lang='lat' dir='ltr'><strong>spolia</strong></span> <span class='ocrx_word' id='word_1_519' title='bbox 702 4964 853 5036; x_wconf 82' lang='lat' dir='ltr'><strong>congessit</strong></span> <span class='ocrx_word' id='word_1_520' title='bbox 870 4963 920 5020; x_wconf 88' lang='lat' dir='ltr'><strong>do·</strong></span> <span class='ocrx_word' id='word_1_521' title='bbox 963 4964 1066 5020; x_wconf 87' lang='lat' dir='ltr'><strong>berino</strong></span> <span class='ocrx_word' id='word_1_522' title='bbox 1076 4981 1111 5019; x_wconf 87' lang='lat' dir='ltr'><strong>ac</strong></span> <span class='ocrx_word' id='word_1_523' title='bbox 1120 4963 1184 5020; x_wconf 84' lang='lat' dir='ltr'><strong>fere</strong></span> <span class='ocrx_word' id='word_1_524' title='bbox 1195 4963 1258 5019; x_wconf 84' lang='lat' dir='ltr'><strong>sina</strong></span> <span class='ocrx_word' id='word_1_525' title='bbox 1268 4963 1329 5018; x_wconf 88' lang='lat' dir='ltr'><strong>ullo</strong></span> <span class='ocrx_word' id='word_1_526' title='bbox 1339 4981 1358 5019; x_wconf 86' lang='lat' dir='ltr'><strong>a</strong></span> <span class='ocrx_word' id='word_1_527' title='bbox 1367 4963 1467 5036; x_wconf 87' lang='lat' dir='ltr'><strong>Spicil.</strong></span> <span class='ocrx_word' id='word_1_528' title='bbox 1480 4964 1658 5021; x_wconf 76' lang='lat' dir='ltr'><strong>solesmensi</strong></span> <span class='ocrx_word' id='word_1_529' title='bbox 1667 4986 1718 5026; x_wconf 84' lang='lat' dir='ltr'><strong>va·</strong></span> 
     </span>
     <span class='ocr_line' id='line_1_45' title="bbox 166 5049 1769 5124; baseline 0.003 -17"><span class='ocrx_word' id='word_1_530' title='bbox 166 5057 233 5107; x_wconf 83' lang='lat' dir='ltr'><strong>ctus</strong></span> <span class='ocrx_word' id='word_1_531' title='bbox 242 5051 469 5108; x_wconf 81' lang='lat' dir='ltr'><strong>commentarius</strong></span> <span class='ocrx_word' id='word_1_532' title='bbox 478 5051 919 5124; x_wconf 68' lang='lat' dir='ltr'><strong>inscriptumlitrausdeiiour-</strong></span> <span class='ocrx_word' id='word_1_533' title='bbox 963 5051 1103 5108; x_wconf 76' lang='lat' dir='ltr'><strong>rietatem</strong></span> <span class='ocrx_word' id='word_1_534' title='bbox 1115 5049 1291 5105; x_wconf 85' lang='lat' dir='ltr'><strong>discrimine.</strong></span> <span class='ocrx_word' id='word_1_535' title='bbox 1304 5049 1349 5105; x_wconf 84' lang='lat' dir='ltr'><strong>cf.</strong></span> <span class='ocrx_word' id='word_1_536' title='bbox 1362 5051 1561 5124; x_wconf 56' lang='lat' dir='ltr'><strong>Fisldnaoi,</strong></span> <span class='ocrx_word' id='word_1_537' title='bbox 1574 5052 1625 5124; x_wconf 89' lang='lat' dir='ltr'><strong>qui</strong></span> <span class='ocrx_word' id='word_1_538' title='bbox 1637 5071 1717 5112; x_wconf 81' lang='lat' dir='ltr'><strong>acce·</strong></span> <span class='ocrx_word' id='word_1_539' title='bbox 1766 5079 1769 5086; x_wconf 35' lang='grc' dir='ltr'><strong>ν</strong></span> 
     </span>
    </p>
   </div>
   <div class='ocr_carea' id='block_1_4' title="bbox 165 5137 1357 5328">
    <p class='ocr_par' dir='ltr' id='par_1_6' title="bbox 165 5137 1357 5328">
     <span class='ocr_line' id='line_1_46' title="bbox 165 5137 1357 5214; baseline -0.003 -18"><span class='ocrx_word' id='word_1_540' title='bbox 165 5157 224 5210; x_wconf 78' lang='grc' dir='ltr'><strong>ρετ.</strong></span> <span class='ocrx_word' id='word_1_541' title='bbox 232 5139 427 5197; x_wconf 77' lang='grc' dir='ltr'><strong>Ρτευίοτεεσί.</strong></span> <span class='ocrx_word' id='word_1_542' title='bbox 435 5141 527 5214; x_wconf 78' lang='lat' dir='ltr'><strong>Spioil.</strong></span> <span class='ocrx_word' id='word_1_543' title='bbox 537 5142 649 5200; x_wconf 75' lang='lat' dir='ltr'><strong>Solem.</strong></span> <span class='ocrx_word' id='word_1_544' title='bbox 660 5145 681 5197; x_wconf 87' lang='lat' dir='ltr'><strong>t.</strong></span> <span class='ocrx_word' id='word_1_545' title='bbox 696 5156 741 5210; x_wconf 83' lang='grc' dir='ltr'><strong>ττι,</strong></span> <span class='ocrx_word' id='word_1_546' title='bbox 750 5158 778 5214; x_wconf 89' lang='lat' dir='ltr'><strong>p.</strong></span> <span class='ocrx_word' id='word_1_547' title='bbox 787 5141 848 5212; x_wconf 73' lang='lat'><strong>343,</strong></span> <span class='ocrx_word' id='word_1_548' title='bbox 857 5141 919 5198; x_wconf 75' lang='lat'><strong>347.</strong></span> <span class='ocrx_word' id='word_1_549' title='bbox 963 5140 1009 5214; x_wconf 85' lang='lat' dir='ltr'><strong>pit</strong></span> <span class='ocrx_word' id='word_1_550' title='bbox 1021 5157 1040 5196; x_wconf 83' lang='lat' dir='ltr'><strong>a</strong></span> <span class='ocrx_word' id='word_1_551' title='bbox 1051 5137 1236 5196; x_wconf 77' lang='lat' dir='ltr'><strong>Theodoreto</strong></span> <span class='ocrx_word' id='word_1_552' title='bbox 1248 5140 1357 5208; x_wconf 74' lang='grc' dir='ltr'><strong>ἐρείπια.</strong></span> 
     </span>
     <span class='ocr_line' id='line_1_47' title="bbox 249 5251 531 5328; baseline 0.004 -18"><span class='ocrx_word' id='word_1_553' title='bbox 249 5265 400 5310; x_wconf 70' lang='lat' dir='ltr'><strong>mansori</strong></span> <span class='ocrx_word' id='word_1_554' title='bbox 419 5266 463 5328; x_wconf 87' lang='lat'>111,</span> <span class='ocrx_word' id='word_1_555' title='bbox 485 5251 531 5311; x_wconf 79' lang='lat'><strong>¹³.</strong></span> 
     </span>
    </p>
   </div>
   <div class='ocr_carea' id='block_1_5' title="bbox 0 0 2014 6098">
    <p class='ocr_par' dir='ltr' id='par_1_7' title="bbox 0 0 2014 6098">
     <span class='ocr_line' id='line_1_48' title="bbox 0 0 2014 6098; baseline 0 0"><span class='ocrx_word' id='word_1_556' title='bbox 0 0 2014 6098; x_wconf 95' lang='lat' dir='ltr'><strong> </strong></span> 
     </span>
    </p>
   </div>
  </div>
 </body>
</html>
