3966 6108
701 459 812 525 osio.
837 459 882 524 m
897 436 1151 524 'receneris
1636 457 1699 522 σοι

160 593 233 663 τότε
247 596 302 664 καὶ
323 597 382 683 τὴν
404 597 490 664 κατὰ
503 605 559 664 τοῠ
580 595 724 665 θανάτου
739 595 830 685 νίκην
852 619 908 663 πε-
950 602 1072 664 toriam
1093 599 1221 681 retulit,
1236 617 1297 684 per
1318 615 1422 682 quam
1437 599 1551 664 omnia
1572 599 1702 680 gaudio

160 699 301 787 ποίησαι,
313 701 353 767 δι’
363 703 404 789 ἦν
415 701 608 788 suppositum
619 703 660 768 td
670 701 775 769 πάντα
785 701 906 790 mutri-
952 705 1151 768 cumulavit.

161 825 254 890 ροιιε.

204 909 344 976 Τοιαῦτα
358 911 399 976 τὰ
413 911 448 977 ἓν
470 919 515 998 τῷ
530 911 648 997 ᾄσματι
666 919 729 979 τῶν
747 911 907 998 ᾀσμάτων,
996 909 1196 992 Hujusmodi
1220 915 1301 974 sunt
1327 925 1368 974 ea
1394 927 1469 992 que
1495 910 1531 974 in
1557 909 1696 974 cantico

158 1015 201 1080 cd
213 1021 276 1080 τῶν
294 1012 448 1100 διαλόγων
463 1013 556 1081 ἐστίν
579 1014 613 1095 ἐξ
636 1017 679 1082 ὢν
694 1013 842 1102 ἀφορμήν
863 1036 908 1094 τις
952 1016 1161 1080 canticorum
1184 1016 1507 1096 continenturque
1529 1013 1697 1094 colloquia

158 1115 265 1184 ludov
282 1116 411 1184 δύναται
426 1117 480 1182 ἀπ’
496 1119 662 1185 αὐτοῦτοῦ
685 1117 803 1206 βιὸλίοο
821 1121 862 1185 τὰ
876 1118 907 1182 h
951 1125 1045 1185 sunt:
1059 1120 1179 1184 exinde
1193 1120 1222 1182 si
1236 1119 1313 1200 quis
1329 1134 1481 1182 normam
1494 1121 1616 1180 nactus
1626 1116 1698 1180 fue·

160 1243 235 1308 μοιοι
248 1231 313 1301 τοῐς
328 1221 444 1309 ὁμοίοις
460 1223 626 1290 συνάπτειν
640 1224 818 1290 acetruda.
951 1227 1006 1306 rit,
1033 1225 1156 1308 poterit
1182 1241 1223 1288 ex
1250 1224 1323 1305 ipso
1345 1224 1478 1302 libello,
1501 1222 1629 1286 similia
1654 1221 1698 1285 si·

949 1330 1088 1394 milibus
1106 1332 1275 1412 coaptans,
1296 1345 1336 1390 ea
1353 1327 1578 1409 spiritualiter
1600 1326 1698 1389 intel-

203 1533 298 1622 Ἐχει
312 1535 398 1602 δὲτὸ
414 1532 531 1622 diditus
546 1531 673 1624 στίχους
688 1515 761 1602 ὦ.
773 1531 818 1624 ¹⁸)
950 1437 1376 1602 Ιιέῑῖζοὶὶοοοοῐοωοοοοῐ
1386 1533 1512 1599 stichos
1519 1549 1698 1598 cccxxxvr.

192 1756 239 1830 28)
257 1754 385 1812 Eusebio
403 1754 477 1812 sutis
494 1753 592 1829 placet
609 1755 793 1829 stichclogis,
810 1763 846 1814 ut
867 1757 905 1818 ab
948 1757 1134 1816 escrrhuntnr
1144 1758 1260 1813 tantum
1278 1759 1363 1824 στίχοι
1374 1743 1417 1812 οἵτ’.
1429 1753 1473 1812 cf.
1492 1753 1594 1810 rasos
1608 1767 1633 1810 c.
1643 1751 1699 1807 col.

156 1841 210 1898 illo
227 1841 359 1898 clausula
374 1857 434 1897 non
452 1839 583 1896 abludat.
603 1841 683 1899 Nota
704 1849 750 1900 ost
771 1843 800 1900 S.
820 1844 906 1902 Nica·
934 1839 936 1846 ’
949 1846 1026 1902 1057.
1039 1845 1140 1902 Serius
1151 1842 1190 1900 ad
1200 1859 1319 1898 menum
1331 1843 1414 1900 venit
1424 1841 1519 1898 latins
1527 1839 1623 1896 lamii
1631 1855 1696 1896 ver·

156 1926 243 2001 pheri
256 1927 456 1996 solmeria,
472 1927 503 1984 in
515 1943 574 2014 qus
585 1927 707 1988 Genticc
724 1930 907 1990 mumma
950 1929 1004 2002 aio,
1016 1930 1144 1990 fortusse
1155 1927 1327 2004 elegantior,
1339 1929 1393 1988 sed
1404 1928 1465 1988 elie
1475 1924 1644 2000 respiciens.

768 2178 1081 2300 Oltltllllllls
1195 2162 1198 2168 ¹

533 2455 650 2542 1N
690 2455 1308 2544 PROPHETAS

813 2710 1041 2790 Mutilum

197 2918 385 2985 Educemur
407 2937 449 2984 cx
471 2922 613 3005 epistola
635 2924 834 3010 Hieronymi
856 2923 898 2988 ad
942 2922 1145 3001 fragmentis
1157 2939 1198 2984 ex
1209 2921 1341 2984 sarcina
1353 2922 1555 2984 catenarum
1568 2921 1602 2982 et
1614 2916 1694 2982 Pti-
1810 2971 1813 2978 .

152 3025 305 3106 Paulam,
328 3025 513 3108 spicilegio
536 3027 738 3094 solesmensi
762 3030 899 3108 inserta,
942 3025 1060 3092 locutas
1074 3026 1227 3104 corrasis,
1243 3025 1358 3090 latine
1378 3041 1469 3104 vero,
1484 3024 1694 3104 Hieronymo

147 3125 289 3209 jamque
304 3147 375 3193 suae
391 3130 549 3194 restituta
571 3131 773 3212 integritati,
788 3137 899 3196 totum
942 3132 1137 3212 interprete,
1152 3130 1301 3194 homiliae
1313 3130 1348 3194 in
1360 3129 1494 3207 Isaiam,
1505 3130 1527 3191 J
1529 3127 1690 3191 eremism

151 3232 311 3310 origenis
327 3250 411 3314 opus
428 3234 463 3298 in
485 3235 675 3317 prophetas,
698 3237 799 3318 quale
822 3237 900 3301 Hie-
941 3239 975 3297 et
995 3235 1205 3298 Ezechielem
1222 3234 1364 3313 triginla
1378 3249 1510 3296 novem.

151 3351 294 3417 ronymo
308 3337 467 3420 innotuit,
483 3337 666 3402 conflatum
686 3339 801 3419 luisse,
817 3359 899 3422 prae-
986 3339 1145 3421 Symbola
1160 3345 1275 3402 autem
1293 3338 1463 3419 praecipua
1482 3335 1693 3399 Bibliotheca

150 3444 204 3502 ter
222 3445 379 3522 excerpta
404 3443 546 3522 minora,
574 3443 646 3506 sive
676 3449 840 3526 perpetua
862 3445 898 3508 in
941 3444 1105 3506 Vaticana
1120 3443 1274 3520 eontulit,
1289 3456 1328 3504 ac
1344 3441 1379 3502 in
1396 3440 1514 3520 primis
1533 3438 1692 3503 homilias

150 3543 308 3620 singulos
323 3538 450 3629 στίχους
464 3547 601 3628 scholia,
617 3565 694 3629 qum
716 3565 898 3613 numerum
943 3564 1071 3627 graecas
1082 3539 1107 3629 Ι)
1124 3550 1158 3610 et
1173 3545 1301 3609 scholia
1316 3541 1558 3626 propemodum
1577 3544 1691 3607 omnia

151 3646 303 3728 lugiunt,
330 3665 371 3712 ex
396 3666 517 3714 novem
541 3654 576 3715 et
598 3652 773 3731 octoginta
797 3652 898 3716 tomis
944 3652 980 3714 in
1002 3649 1224 3728 Ezechielem,
1244 3665 1320 3730 quae
1343 3649 1378 3711 in
1398 3664 1501 3712 usum
1520 3646 1692 3711 Michaelis

150 3751 223 3813 sive
238 3751 345 3831 libris,
360 3753 437 3834 plus
453 3754 567 3820 minus
582 3756 715 3837 amplis,
728 3774 767 3820 ac
783 3761 900 3838 praete-
945 3755 1105 3819 Ghislerii
1124 3753 1309 3832 diligenter
1331 3755 1554 3816 excusserunt
1569 3755 1603 3812 et
1625 3751 1691 3814 ele-

151 3871 209 3917 rea
225 3871 267 3918 ex
281 3857 431 3922 homiliis
446 3876 589 3924 numero
605 3863 780 3940 octoginta
795 3868 829 3927 et
844 3879 901 3926 no-
945 3864 1069 3936 genter
1105 3856 1264 3920 Romanis
1301 3856 1442 3920 auribus
1482 3853 1695 3918 tradiderunt

149 3977 249 4044 vem;
271 3979 383 4044 nsque
400 3981 523 4028 census
541 3963 718 4031 absolutus
736 3971 797 4031 est.
945 3963 1053 4026 Graeci
1062 3961 1242 4025 clarissimi
1250 3961 1465 4028 Leohllatius
1473 3959 1692 4023 ethiatthaeus

195 4067 247 4128 Ex
269 4083 338 4148 qua
358 4068 498 4132 immani
520 4075 624 4152 strue,
648 4072 683 4133 in
707 4069 902 4153 locupletis-
945 4067 1168 4147 cariophilus.
1188 4068 1238 4129 Ea
1253 4067 1398 4130 Maurici
1415 4067 1551 4144 integra
1563 4081 1694 4146 recepe·

149 4170 246 4234 simis
282 4171 498 4255 editionibus,
537 4178 654 4239 extant
689 4173 899 4239 solummodo
944 4177 1035 4254 runt,
1059 4173 1176 4254 paucis
1198 4170 1241 4234 ad
1264 4187 1386 4234 novam
1408 4171 1572 4233 trutinam
1600 4185 1694 4233 revo-

150 4291 271 4353 groecae
294 4292 416 4339 novem
438 4281 474 4340 et
495 4277 610 4342 decem
637 4278 797 4358 homilia,
819 4296 898 4343 cum
941 4277 1067 4341 caudis.
1086 4275 1296 4342 Addiderunt
1309 4273 1694 4358 spissasatisscholiain

185 4477 213 4550 1)
225 4477 299 4534 Fare
315 4479 420 4534 unicus
437 4483 484 4536 est
500 4479 662 4535 Vaticanus
679 4479 740 4551 623,
758 4496 848 4552 quum
865 4479 898 4536 in
940 4479 1153 4539 recentioribus
1171 4485 1225 4547 est,
1238 4479 1419 4549 chartaceus,
1431 4477 1500 4534 fort
1519 4495 1557 4534 ex
1576 4475 1693 4534 officina

149 4563 243 4620 altero
261 4564 360 4622 codice
377 4565 554 4622 Scomalensi
572 4566 683 4624 eadem
700 4567 829 4623 homiliae
846 4585 898 4641 po-
940 4569 1097 4626 Dsrmsrii.
1108 4567 1350 4624 Solustitulusin
1361 4565 1475 4622 foisse
1485 4565 1692 4622 habetuomen

148 4649 209 4706 tina
223 4649 357 4724 jacerent
374 4650 406 4708 in
422 4651 546 4708 latibulo
563 4667 651 4724 quam
668 4653 701 4708 in
717 4652 824 4725 aprico,
843 4651 897 4710 snb
942 4656 1068 4728 oripcnis
1079 4655 1112 4711 in
1123 4653 1264 4726 margine,
1277 4670 1314 4711 cx
1324 4654 1383 4708 alia
1392 4670 1489 4708 mann.
1502 4651 1626 4710 Accedit
1637 4651 1690 4709 fol.

148 4739 290 4794 ementito
302 4739 420 4797 nomine
438 4738 542 4812 Gya-illi
560 4738 766 4810 Alexandriam
784 4756 843 4811 qus
854 4745 898 4796 tu·
941 4743 1003 4813 475,
1014 4743 1122 4798 iterum
1139 4740 1202 4796 sins
1218 4740 1346 4796 auctoris
1362 4739 1488 4810 nomine,
1500 4737 1623 4795 homilia
1639 4755 1692 4809 xx,

147 4839 216 4880 men
228 4823 363 4898 decipula
374 4825 448 4881 actis
461 4825 560 4899 inepte
572 4824 729 4882 Oordsrius
741 4824 834 4882 falsus
843 4833 897 4897 est,
941 4845 1007 4901 σου
1019 4827 1100 4883 uliud
1111 4843 1170 4883 nou
1183 4831 1230 4882 est
1242 4843 1329 4898 qnam
1345 4825 1506 4883 Clementis
1518 4824 1692 4882 Alexandri·

148 4909 219 4966 dum
230 4927 279 4967 eas
290 4911 415 4984 protulit
426 4929 452 4967 a.
466 4913 544 4983 1648,
553 4917 588 4968 ut
599 4910 735 4984 ineditas,
745 4929 818 4984 ques
827 4920 898 4971 ants
941 4917 974 4972 ni
985 4914 1171 4989 opusculum:
1189 4913 1256 4978 Our‘e
1270 4913 1348 4970 dives
1360 4913 1457 4970 salom
1469 4913 1545 4969 erit?
1553 4911 1600 4967 Ex
1611 4911 1691 4966 lacu·

147 4993 272 5067 triginta
283 5014 377 5054 annos
393 4997 522 5054 Michasl
534 4997 700 5054 Ghislerius
718 4999 856 5071 Lugduni
867 5019 897 5058 ο-
940 5002 988 5058 nis
1003 5003 1036 5057 in
1052 5005 1139 5057 uxta
1155 4999 1245 5071 hujus
1263 4997 1433 5073 appendicis
1445 4997 1627 5072 archetypos
1644 5015 1693 5054 co·

147 5087 256 5153 ruerat,
269 5101 322 5140 suo
335 5083 449 5141 auctori
459 5083 633 5157 vindicatus,
646 5085 711 5160 ipso
723 5085 799 5145 vods
810 5093 842 5145 et
852 5087 897 5146 in-
941 5087 1015 5145 dicis
1026 5085 1164 5145 Vaticani
1174 5085 1294 5144 videtur
1312 5084 1407 5144 tuisse
1424 5093 1477 5144 aut
1493 5093 1581 5144 vetus
1597 5091 1650 5144 sut
1661 5087 1693 5144 in

147 5172 277 5241 terprete
290 5186 309 5225 a
320 5170 436 5228 saeculis
453 5170 642 5248 Hieronymo.
660 5171 731 5230 (lod.
745 5173 840 5232 Vstic.
859 5191 897 5232 ex
941 5175 1021 5233 calce
1033 5173 1182 5232 detritum.
