3966 6108
276 417 340 480 490
946 425 1156 490 ORIGENES

274 555 348 622 ἀλλ’
355 556 460 634 αὐτοῖς
471 558 516 635 ιίς
528 557 686 644 σωτηρίαν
697 559 751 627 τόν
762 560 895 648 Metione
906 563 962 627 καί
972 565 1028 629 τόν
1073 583 1129 631 eos
1144 568 1281 650 Moysen
1298 572 1332 631 et
1346 571 1473 650 Aaron;
1493 586 1553 651 per
1572 585 1656 651 quos
1670 569 1773 646 signa
1788 570 1826 630 et

274 658 402 746 Ἀαρὼν
418 659 617 727 ἀποστέλλει·
630 663 670 728 δι’
681 665 723 729 ύιν
738 674 857 750 σημεῖα
867 667 923 731 καί
936 665 1028 752 τέρα-
1072 675 1227 752 portenta
1247 675 1417 755 AEgyptiis
1433 678 1467 737 et
1488 673 1570 738 filiis
1586 673 1691 736 Israel
1712 675 1827 736 osten·

276 786 319 829 τα
340 774 406 843 τοῐς
428 764 612 851 Αἰγυπτίοις
633 771 689 834 καί
711 777 775 846 τοῖς
797 769 874 847 υίοῖς
895 768 1029 856 Ἰσραὴλ
1072 771 1165 854 dens,
1182 774 1242 838 hos
1265 775 1403 857 quidem
1425 778 1618 858 castigavit,
1643 777 1719 841 illos
1743 791 1829 837 vero

277 868 502 956 ἐνδειξάμενος,
525 873 597 949 τούς
614 873 671 957 μὲν
691 872 837 957 ὶκόλαζε,
859 877 934 951 τοὺς
948 874 984 939 δὲ
998 874 1029 939 ί·
1072 875 1222 940 erudivit
1230 880 1409 960 salvosque
1418 879 1507 958 feeit,
1516 895 1578 960 ope
1589 877 1827 961 prodigiorum

278 971 695 1056 παίδευσικοιίέζωστ,ταῐς
710 975 1029 1061 όοιυμοιτοπσιίαιςτίς
1072 984 1284 1045 ostensorum
1309 983 1437 1048 ducens
1462 1001 1519 1048 eos
1541 983 1584 1047 ad
1611 983 1828 1061 agnitionem

277 1085 393 1164 γνῶσιν
407 1078 504 1144 αὐτοῦ
527 1080 614 1166 άγυιν
633 1080 748 1157 αὐτούς
766 1080 818 1145 διά
831 1089 894 1145 τῶν
915 1080 1029 1147 έπιδει-
1071 1102 1180 1149 suem.
1196 1088 1353 1152 Rationes
1366 1105 1455 1168 vero,
1468 1088 1593 1169 quibus
1605 1087 1746 1166 singula
1759 1103 1826 1148 sua

278 1180 456 1268 κνυμένων·
479 1183 551 1259 τούς
566 1203 601 1247 τε
618 1183 682 1268 μὴν
699 1182 823 1269 λόγους,
838 1182 912 1249 καθ’
923 1186 977 1261 ούς
999 1187 1030 1251 ί·
1073 1190 1331 1272 operaperfeoit‚
1339 1193 1420 1255 solis
1431 1193 1504 1256 suis
1515 1192 1623 1255 servis
1631 1187 1829 1253 monifesta-

277 1306 383 1351 καστοι
397 1295 459 1352 τῶν
480 1286 704 1372 πραττομένων
718 1287 854 1374 ἐγένετο,
880 1289 984 1376 μόνοις
999 1291 1030 1358 έ-
1072 1292 1134 1370 vit,
1145 1294 1253 1375 Moysi
1266 1299 1301 1358 et
1313 1298 1434 1375 Aaron,
1447 1301 1486 1358 ut
1497 1295 1557 1376 qui
1572 1295 1637 1358 soli
1648 1293 1828 1358 intellectu

279 1389 406 1476 ξέφαινε
420 1401 485 1469 τοῖς
500 1390 615 1457 ἑαυτοῦ
629 1390 824 1476 θεράπουσιν
842 1392 962 1482 Μωυσῇ
975 1398 1030 1462 καί
1072 1398 1254 1478 pollebant,
1267 1415 1334 1480 quo
1350 1403 1487 1481 peraeta
1498 1399 1723 1481 spiritualiter
1737 1413 1830 1460 oom-

280 1491 417 1579 Ἀαρὼν,
440 1493 482 1572 ύις
499 1493 604 1581 μόνοις
627 1495 767 1582 λογικοῖς
790 1499 879 1563 ούσιν
893 1508 950 1586 της
967 1508 1030 1565 τῶν
1073 1502 1328 1582 prehenderent‚
1345 1505 1393 1566 ita
1408 1509 1447 1567 ut
1465 1508 1601 1567 oaeteros
1625 1504 1746 1567 lateret
1760 1518 1826 1564 our

275 1599 499 1687 πραττομένων
510 1599 641 1687 λογικῆς
653 1599 877 1689 καταλήψεως,
890 1605 972 1669 ύστε
985 1607 1028 1691 μὴ
1074 1609 1109 1668 et
1123 1605 1362 1686 quamobrem
1374 1624 1466 1670 nune
1476 1623 1582 1688 aquas
1594 1606 1735 1688 AEgypti
1749 1623 1826 1668 mu·

276 1701 402 1788 ἀγνοεῖν
416 1705 531 1782 αὐτοὺς
546 1703 632 1770 κατά
646 1726 733 1783 τινος
748 1708 803 1770 καί
818 1707 891 1772 καθ’
902 1707 1028 1785 ὁποίους
1072 1710 1211 1773 taretin
1233 1713 1450 1792 sanguinem,
1465 1729 1556 1775 nuno
1578 1716 1704 1774 terrem
1721 1710 1757 1774 in
1773 1727 1829 1772 ra·

276 1807 391 1894 λόγους
405 1809 478 1874 τότε
490 1810 547 1896 μὲν
562 1811 604 1875 τά
618 1810 720 1876 ύδατα
730 1819 790 1896 τῆς
800 1811 962 1898 Αἰγύπτου
978 1835 1032 1899 μι-
1072 1831 1145 1893 nas,
1161 1831 1253 1878 nuno
1275 1833 1347 1895 our,
1362 1816 1432 1879 sole
1455 1817 1612 1895 micante,
1634 1831 1694 1876 ser
1708 1813 1829 1876 obseu-

281 1910 454 1978 τεόόιλλετο
465 1915 510 1993 είς
522 1917 611 2003 οιίμα,
623 1914 695 1980 τότε
709 1924 771 2001 γην
783 1917 827 1994 τίς
840 1915 1031 2003 βατράχους·
1073 1923 1216 1998 reretur,
1232 1937 1272 1983 ao
1287 1924 1409 1982 eaetera
1423 1920 1527 1996 signe
1541 1922 1575 1981 et
1589 1923 1741 1980 monstra
1757 1935 1828 1999 qua

281 2017 354 2082 τότε
369 2017 404 2083 δὲ
426 2019 443 2082 ό
465 2019 539 2105 άηρ,
562 2018 655 2104 ἡλίου
678 2019 854 2106 φαίνοντος,
871 2020 1030 2102 ἐσκοτίζε-
1073 2021 1114 2084 de
1129 2023 1267 2086 νούσοιο
1280 2025 1359 2104 sint3
1375 2041 1415 2086 ae
1430 2028 1608 2104 propterea
1625 2022 1689 2085 soli
1703 2037 1827 2084 causas

280 2142 332 2203 το,
354 2122 410 2186 καί
438 2124 480 2188 τά
508 2123 605 2189 λοιπά
626 2124 662 2188 δέ
684 2133 803 2211 σημεῖα
831 2126 887 2191 καί
909 2125 1033 2212 τέρατα·
1073 2127 1326 2207 intellexerunt,
1338 2127 1421 2210 quie
1431 2127 1545 2208 posuit
1556 2127 1593 2191 in
1605 2127 1674 2190 illie
1685 2125 1831 2190 rationes

283 2225 368 2304 ὅπως
383 2224 519 2312 ἐγίνετο·
540 2228 596 2293 καί
610 2229 649 2295 δι’
660 2229 699 2307 ἃς
721 2229 822 2309 αἰτίας
839 2231 928 2317 μόνοι
942 2231 1031 2296 αύτοί
1071 2249 1205 2296 summ
1221 2233 1401 2315 sigrammo,
1426 2238 1460 2295 et
1481 2249 1566 2312 quas
1582 2231 1625 2295 ob
1640 2248 1693 2294 res
1709 2229 1834 2308 imagi-

282 2329 412 2414 ᾔδεσαν,
426 2330 597 2417 ἔπείδηπερ
611 2333 701 2400 ἔθετο
715 2333 750 2400 έν
768 2337 874 2415 αὐτοῖς
888 2338 962 2414 τοὺς
976 2334 1029 2400 λό-
1073 2353 1133 2400 nes
1151 2341 1185 2400 et
1199 2337 1353 2420 symbols
1366 2341 1479 2400 essent
1490 2340 1637 2418 peraeta.

283 2455 360 2521 γους
372 2441 436 2500 τῶν
450 2434 589 2521 σημείων
604 2436 711 2524 αὐτοῦ,
729 2441 785 2506 κοιί
798 2439 889 2506 τίνων
911 2439 1029 2518 εἰκόνες

281 2539 337 2603 καί
353 2536 496 2625 σύμόολοι
509 2540 551 2604 τά
564 2539 723 2627 γινόμενα.
804 2545 807 2552 ’

325 2663 357 2708 v.
388 2645 497 2710 28-32.
517 2643 740 2725 Ἑξαπίστειλε
762 2645 875 2726 σκότος
900 2650 956 2714 καί
978 2647 1029 2714 ἑσ·
1117 2668 1149 2713 ν.
1169 2645 1279 2714 28-32.
1291 2649 1390 2714 Misit
1401 2649 1546 2714 tenebras
1556 2653 1589 2714 et
1597 2648 1788 2728 merereris,
1800 2653 1833 2714 et

282 2747 428 2829 κύτοισεν,
443 2750 498 2813 κοιί
508 2747 571 2834 [ού]
587 2748 820 2835 ποιρεπίκρανεν
829 2754 904 2829 τούς
915 2750 1029 2837 λόγους
1074 2770 1137 2817 eoas
1158 2751 1359 2818 οωσοααύσοίί
1378 2770 1539 2818 eemwrtes
1560 2753 1642 2834 ejus.
1668 2753 1833 2818 Convertit

282 2854 389 2918 αὐτοῦ·
402 2851 594 2939 μετέστρεφε
609 2856 650 2919 τά
661 2855 761 2920 ύδατα
772 2856 874 2920 αὐτῶν
885 2856 928 2933 είς
941 2857 1030 2942 αίμοι,
1073 2875 1177 2940 equor
1192 2873 1302 2922 correns
1322 2860 1360 2922 ιἰι
1373 2859 1574 2942 rotgerium,
1600 2862 1632 2923 et
1645 2857 1762 2922 occidit
1774 2857 1833 2936 pi·

281 2960 338 3023 κοιὶ
360 2955 525 3023 ἀπέκτεινε
546 2961 619 3036 τούς
638 2958 748 3044 ίχθύας
767 2961 879 3042 αὐτῶν,
894 2959 1031 3046 ἒξηρψεν
1073 2980 1142 3028 eres
1163 2979 1281 3026 οοειυιι.
1307 2962 1423 3027 Edidit
1444 2967 1534 3026 terro
1563 2979 1673 3026 eorem
1693 2975 1831 3026 renea...

279 3058 356 3147 itt
369 3063 472 3127 αὐτῶν
485 3061 696 3149 βατράχους...
711 3063 827 3128 'Edere
838 3064 895 3141 τὰς
911 3061 1031 3150 βροχόις
1073 3066 1190 3132 Posuit
1203 3065 1341 3147 plures
1362 3081 1470 3129 eorum
1492 3063 1695 3147 grandinem,
1720 3064 1829 3147 ἱρασιιι

281 3165 384 3231 αὑτῶν
399 3163 558 3251 χάλαζαν,
577 3177 640 3251 πῦρ
659 3165 861 3253 καταφλέγον
876 3168 911 3233 όν
925 3177 965 3254 τη
987 3176 1029 3253 γη
1075 3170 1304 3237 εοπιύιονειιίευι
1317 3171 1355 3234 iu
1369 3171 1628 3266 uenenorum.

283 3268 397 3335 αὐτῶν.
601 3285 606 3294 ·

326 3373 455 3440 Τούτων
469 3373 487 3438 ό
502 3376 611 3460 πορὼν
631 3373 725 3460 λόγος
740 3374 782 3453 ὡς
801 3374 835 3440 ἐν
857 3373 1030 3462 ύμνολογίρι
1119 3381 1269 3456 Quorum
1299 3379 1497 3442 memoriam
1528 3395 1676 3461 presens
1705 3393 1827 3456 sermo,

284 3479 480 3565 μνημονεύει,
495 3479 616 3559 διδάξαι
629 3478 817 3566 βουλόμενος
829 3478 871 3558 ύς
881 3490 938 3545 τού
949 3480 1029 3545 λαοῦ
1075 3483 1306 3566 hymnologias
1329 3484 1445 3562 instar,
1462 3481 1685 3561 commendat,
1708 3481 1828 3544 dooere

282 3583 458 3669 κηδόμενος
473 3586 490 3650 t
506 3585 597 3667 Θεός,
613 3587 686 3662 τούς
701 3583 916 3669 ἀδικήσαντας
934 3587 1029 3652 ούτόν
1075 3589 1192 3651 volens
1207 3585 1374 3668 quomodo
1397 3587 1487 3650 Deus
1499 3601 1618 3649 eurem
1633 3584 1750 3666 populi
1766 3599 1829 3662 ge-

279 3685 470 3773 Αίγυπτίους
492 3686 595 3775 μηνίει
608 3689 664 3752 καί
685 3687 849 3769 ἐκόλαζεν,
865 3689 902 3754 ού
920 3688 972 3754 διά
986 3711 1031 3754 τι·
1075 3709 1163 3772 rens,
1181 3693 1369 3774 AEgyptios,
1382 3691 1493 3772 ipsum
1506 3693 1711 3770 torquentes,
1723 3688 1827 3750 minis

279 3811 342 3858 νων
369 3791 516 3878 μεγάλων
538 3790 693 3876 ἐπιφέρων
717 3793 767 3876 (ού
788 3793 850 3877 γάρ
872 3791 1029 3879 ηπόρειη
1076 3801 1110 3860 et
1135 3795 1282 3875 flagellis
1308 3795 1478 3876 corripiet,
1504 3809 1572 3858 non
1595 3810 1655 3874 per
1682 3808 1827 3870 magnas

280 3895 519 3982 παντοδύνοιμος
542 3896 611 3981 χείρ
631 3893 745 3981 ἀθρόον
768 3896 873 3972 αύτοῐς
888 3897 986 3982 όργην
1000 3898 1031 3961 t·
1075 3903 1208 3983 aliquas
1231 3899 1480 3981 impressiones,
1496 3897 1598 3981 (haud
1614 3897 1705 3959 enim
1720 3895 1827 3958 ambi·

281 3997 449 4084 πιπέμψοιι,
473 4000 496 4084 η
518 3997 649 4084 δράσεις
671 3998 802 4077 λέοντας
823 4001 846 4085 η
869 4000 986 4084 άρκους
1007 4002 1030 4086 η
1075 4004 1180 4084 gebet
1198 4020 1319 4066 manus
1337 4003 1550 4082 omnipotens
1569 4006 1609 4063 ut
1628 4000 1829 4062 immitteret

280 4102 371 4189 λιμὸν
386 4104 408 4189 η
424 4103 533 4189 λοιμὸν
548 4104 570 4189 ἠ
586 4102 750 4187 θάνατον),
764 4103 863 4169 διὰδὲ
874 4115 936 4172 τῶν
947 4106 1031 4190 είρη-
1076 4107 1310 4171 vehementem
1319 4106 1467 4169 furorem
1475 4106 1529 4169 vel
1538 4104 1748 4168 truculentos
1760 4104 1829 4166 leo

282 4207 382 4295 μένων
393 4209 508 4286 αύτούς
523 4208 703 4293 ἐτιμωρεῖτο
719 4209 833 4295 ἔρημοι,
845 4211 900 4274 καί
916 4210 1030 4287 αὐτούς
1076 4211 1211 4291 nes‚vel
1223 4225 1330 4292 ursos,
1341 4211 1396 4273 vel
1409 4209 1606 4288 famem,vel
1618 4212 1757 4291 pestem,
1769 4207 1827 4270 vel

313 4478 342 4518 v.
348 4459 392 4515 28.
402 4458 478 4516 ibid.
487 4459 628 4516 Resurrit
638 4459 822 4532 Heracleote,
831 4460 883 4533 qni
896 4459 1031 4534 disputem
1076 4460 1156 4518 desis
1172 4458 1403 4516 Theodoretnm:
1422 4463 1553 4528 Κεραυνοὶ
1569 4461 1599 4512 δύ
1616 4463 1664 4513 κει
1679 4463 1830 4528 πρηστῆρος

283 4546 318 4604 de
330 4553 454 4618 utraque
471 4545 599 4602 leotione
617 4550 647 4601 ού
660 4553 854 4616 παροπίκρανιν
871 4553 903 4603 et
920 4553 1031 4616 παριπί-
1076 4554 1144 4620 μττά
1155 4554 1205 4618 της
1216 4549 1340 4617 χαλάζης
1353 4550 1449 4615 ίφέρον
1434 4563 1490 4612 ν,το
1502 4548 1563 4600 κτλ.
1576 4544 1630 4600 σοί.
1644 4545 1723 4600 1717.
1737 4544 1831 4599 *ί-λλιΙ

280 4651 390 4703 κρανον,
401 4631 480 4704 qnod
485 4632 581 4690 Vatia.
591 4633 616 4686 B
628 4637 718 4688 tenet
729 4632 872 4689 Periodns
881 4633 976 4706 prima
985 4651 1033 4689 ea·
1075 4636 1157 4693 mine
1165 4635 1366 4706 eoelestesque
1375 4631 1501 4688 flemme
1512 4631 1601 4688 simul
1609 4647 1676 4686 oum
1684 4629 1830 4702 grandine

279 4718 347 4774 dem
358 4718 505 4792 reperitur
517 4715 857 4791 apudDidymanaii,
873 4735 962 4790 quam
970 4718 1032 4776 fru-
1076 4724 1256 4794 ferebantur,
1269 4727 1301 4779 et
1312 4721 1468 4778 contrariae
1485 4689 1682 4778 lioetnatnree
1684 4735 1780 4791 ,aqna
1798 4727 1829 4776 et

281 4807 642 4864 strseditorPerisionsis
659 4807 815 4864 emendare
830 4809 967 4866 tentavit
984 4810 1032 4866 ibi
1076 4811 1164 4884 ignis,
1181 4811 1263 4868 nullo
1281 4809 1457 4866 detrimento
1482 4825 1547 4864 sese
1571 4807 1700 4865 invioem
1721 4804 1830 4862 affinio-

281 4913 335 4969 pro
346 4901 434 4966 μηνίει
450 4895 561 4968 legitur
577 4899 676 4964 μετῄει,
693 4913 733 4951 en
749 4913 804 4969 pro
821 4901 904 4964 ςιιτίιι
919 4896 970 4954 rel
986 4915 1032 4964 μι-
1076 4899 1163 4968 bant;
1187 4913 1283 4969 neque
1307 4895 1386 4952 enim
1409 4895 1488 4966 ignis
1512 4893 1699 4966 congelatam
1722 4909 1830 4965 squam

282 4992 335 5038 τισί
349 5002 369 5040 ιι
385 4987 505 5054 μέθιιμιί
523 4990 587 5040 tum
603 4988 735 5053 έπιφέρων
753 5001 807 5058 pro
825 4989 959 5054 έπιφορῶν
977 4991 1032 5042 eto.
1077 4984 1231 5056 grandinis
1255 4981 1472 5055 liquefaciebat,
1494 4998 1550 5038 neo
1576 4998 1654 5053 aqua
1680 4979 1830 5036 flammam

280 5070 327 5126 De
338 5087 483 5127 eonoursn
493 5075 637 5141 παραδόξῳ
650 5069 732 5142 ignis
744 5076 775 5127 et
785 5070 941 5142 grandinis
953 5070 1035 5128 hand
1077 5069 1291 5142 restinguebat,
1304 5067 1357 5125 sed
1369 5069 1505 5125 naturale
1521 5072 1671 5123 sertamen
1682 5066 1830 5140 deponen-

283 5173 379 5230 panoe
393 5157 455 5229 jam
466 5157 635 5214 notavimus
647 5173 737 5230 snpra
751 5173 781 5230 p.
792 5157 854 5229 834,
864 5155 971 5229 quibus
983 5157 1034 5214 ad·
1078 5161 1133 5228 tes,
1145 5156 1331 5229 oonjnnoiam
1344 5171 1462 5230 poenam
1468 5153 1620 5230 Egyptiis
1628 5152 1829 5227 irrogabant„

1971 436 1978 529 ί
