4020 6098
316 411 380 473 210
986 423 1195 487 omonuns

359 555 427 642 Τὴν
447 565 508 622 τῶν
530 557 739 643 πρωτοτόκων
761 560 889 647 πληγὴν
912 559 1064 646 ἀπαρχὴν
1151 562 1293 638 Plagarn
1310 563 1614 642 primogenitorum
1642 567 1777 630 vocavit
1787 567 1857 647 prr>

312 664 429 740 παντός
444 660 540 727 πόνου
556 663 659 729 αὐτῶν
674 664 791 746 ἐκάλει,
807 673 870 730 τῶν
882 663 1062 750 Αἰγυπτίων
1105 665 1219 730 mitius
1230 666 1333 730 omnia
1345 666 1466 730 inbuto
1480 683 1597 747 οοινιιιι,
1615 671 1745 733 seilicet
1755 674 1853 753 AEgy-

312 765 468 851 όηλονότι.
484 764 560 832 Οίον
571 769 633 851 γάρ
650 766 907 854 άνταπόόομαήν
919 765 940 852 ἡ
952 768 1061 853 πληγη
1105 771 1264 850 ptiorum,
1280 775 1455 851 tamquam
1472 773 1563 834 enim
1580 774 1758 837 retributio
1782 779 1853 839 erat

312 873 392 955 αότη
409 873 451 936 όιν
466 871 512 948 εἰς
531 873 604 947 τοὺς
626 868 790 956 Έόροιίυυς
812 873 866 936 καί
886 873 926 936 τά
942 872 1062 956 ἄρσενα
1105 871 1177 936 haeo
1188 875 1291 955 plaga
1304 891 1420 938 eorum
1432 892 1508 955 quae
1520 881 1638 939 eontra
1649 878 1807 942 Hebraeos
1818 881 1851 940 et

310 976 413 1041 αὐτῶν
423 973 587 1059 ἐποίησαν,
600 976 653 1040 ότε
664 985 801 1062 πονησαι
812 976 918 1052 αὐτοῖς
930 975 989 1039 ὑπό
1001 977 1061 1060 τὴν
1109 978 1276 1040 masculos
1293 995 1408 1041 eorum
1433 984 1587 1059 egerant,
1604 987 1639 1044 et
1653 982 1695 1045 ob
1711 999 1795 1064 opus
1810 984 1856 1047 la-

310 1080 482 1168 πληνθείαν
496 1084 634 1160 καὶτοὺς
647 1082 1061 1169 άλλουςπαρεσκεόασεπό
1103 1080 1256 1142 teritium
1284 1086 1317 1144 et
1343 1087 1480 1146 caeteros
1513 1083 1647 1148 labores
1673 1086 1856 1167 impositos.

308 1206 398 1264 νους·
414 1187 493 1272 αὐτη
509 1186 570 1271 γὰρ
587 1185 666 1271 μόνη
683 1186 704 1271 ἡ
721 1186 829 1273 πληγὴ
844 1189 947 1251 αὐτῶν
962 1184 1058 1272 Atyn
1104 1183 1183 1245 Haeo
1198 1185 1269 1247 sola
1283 1187 1387 1266 plaga
1403 1191 1454 1249 est
1464 1203 1540 1268 quae
1554 1190 1730 1270 aegyptios
1741 1207 1856 1270 pereu-

308 1290 404 1356 πτίων
419 1287 566 1354 καθίκετο
580 1292 636 1354 καί
658 1289 844 1354 ἀποστεῖλαι
859 1289 1058 1380 κατήπειξεν.
1103 1287 1153 1364 lit,
1170 1291 1204 1349 et
1219 1290 1333 1367 coegit
1356 1291 1398 1353 ad
1420 1289 1660 1355 dimittendum
1684 1293 1850 1357 Hebraeos,

308 1391 403 1461 Ὅθεν
417 1393 546 1480 ἐπάγει·
561 1396 617 1460 καί
631 1392 787 1480 ἐξήγαγεν
809 1394 933 1471 αὐτούς.
952 1394 1059 1460 -Ἐν
1104 1392 1198 1455 Unde
1214 1392 1369 1472 subjicit:
1393 1398 1425 1458 et
1443 1395 1554 1460 edooit
1572 1411 1633 1460 eoa.
1650 1432 1687 1442 —
1707 1399 1745 1460 In
1768 1397 1855 1462 deoi-

307 1508 347 1583 τη
363 1497 480 1582 δεκάτη
502 1497 626 1584 μάστιγι
649 1497 865 1564 πατάσσυνται
880 1496 1058 1583 Αἰγυπτίων
1102 1511 1158 1557 ma
1172 1498 1277 1576 plaga
1300 1500 1539 1578 percutiuntur
1553 1501 1779 1582 AEgiptiornm
1802 1519 1852 1566 ra-

308 1603 392 1688 όίζοιι
406 1604 461 1667 καί
482 1602 588 1688 άρχαί,
605 1603 661 1666 καί
677 1601 864 1686 πρωτότοκα
887 1604 942 1667 καί
957 1601 1057 1688 άπαρ-
1101 1596 1192 1661 dices
1209 1603 1242 1661 et
1264 1601 1441 1682 principia.
1458 1621 1534 1683 quae
1556 1605 1786 1684 primogenita
1801 1605 1849 1669 di·

306 1709 363 1796 χαί
378 1705 481 1773 πόνων
497 1707 599 1772 αὐτῶν
614 1704 769 1792 λέγονται.
1101 1709 1226 1766 cuntur
1242 1708 1275 1766 et
1290 1705 1449 1785 primitiae
1464 1705 1618 1769 laborum
1634 1725 1760 1772 eorum.

349 1832 382 1877 v.
398 1814 450 1876 37.
466 1809 532 1876 Καί
554 1809 709 1897 ἐξήγαγεν
732 1809 846 1886 αὐτοὺς
862 1809 895 1874 ἐν
919 1807 1056 1895 ἀργυρίῳ
1144 1825 1176 1868 v.
1194 1808 1245 1871 37.
1261 1809 1308 1872 ut
1321 1807 1433 1873 edooit
1446 1825 1498 1874 eos
1511 1810 1549 1874 ia
1567 1816 1699 1894 οεριπίο
1713 1817 1746 1877 et
1758 1829 1846 1878 auro.

307 1917 362 1982 καί
377 1913 506 2001 χρυσίῳ.

349 2020 405 2086 Ἐν
416 2015 553 2104 ἀργυρίῳ
565 2018 620 2081 καί
629 2015 758 2103 χρυσίῳ,
772 2017 840 2081 ἀντὶ
852 2025 909 2081 τοῦ
922 2015 1054 2102 μετ’άρ-
1144 2017 1183 2076 In
1199 2019 1343 2093 argento
1362 2020 1395 2079 et
1409 2033 1492 2080 auro
1508 2034 1568 2098 pro
1582 2017 1692 2082 hisee:
1708 2038 1787 2084 enm
1799 2039 1849 2085 ar-

307 2122 415 2211 γυρίου
430 2125 485 2188 καί
496 2118 638 2207 χρυσίου,
650 2123 731 2205 άπερ
743 2118 885 2206 σόμόολά
900 2120 983 2185 ἐστιν
997 2129 1054 2206 της
1099 2124 1203 2196 ganto
1226 2124 1260 2182 et
1283 2137 1475 2201 cumauro,
1499 2141 1575 2204 quae
1600 2124 1754 2205 symbola
1768 2133 1848 2190 sunt

306 2228 419 2308 ἔξωθεν
434 2224 556 2311 σοφίας.
1099 2224 1276 2286 exterioris
1294 2225 1479 2305 sapientiae.

348 2353 380 2397 v.
397 2333 449 2396 39.
462 2327 634 2394 Διεπέτασε
648 2327 784 2412 νεφέλην
799 2329 844 2407 εἰς
860 2327 982 2413 σκέπην
997 2329 1051 2392 αό-
1142 2343 1174 2387 v.
1190 2327 1242 2388 39.
1258 2326 1424 2407 Expendit
1436 2327 1548 2392 οαόοοι
1558 2330 1596 2393 io
1603 2333 1842 2412 protecturum,

304 2443 379 2516 τοῖς,
394 2437 450 2499 καί
464 2443 525 2518 πῦρ
541 2441 597 2497 τοῦ
610 2430 740 2518 φωτίσαι
753 2430 859 2510 αὐτοῖς
870 2434 929 2518 την
944 2432 1052 2500 νύκτα,
1098 2434 1129 2495 et
1145 2431 1252 2512 ι’μιιοιιι
1266 2435 1305 2494 ut
1319 2432 1440 2496 taceret
1454 2435 1502 2497 eia
1510 2451 1573 2514 per
1585 2442 1718 2501 motem.

348 2538 389 2604 Ἥ
403 2535 520 2623 νεφέλη
538 2535 628 2623 φύσιν
651 2533 744 2622 ἁγίαν
760 2535 860 2622 δηλοῖ,
874 2538 932 2614 καί
947 2537 964 2600 ό
982 2538 1054 2610 στό-
1141 2536 1254 2600 Nubes
1278 2537 1425 2600 ostendit
1447 2543 1604 2602 naturam
1627 2547 1790 2620 sanctam,
1814 2549 1849 2607 et

303 2645 356 2722 λος
372 2653 427 2708 τοῦ
442 2639 666 2728 πυρόςόμοίως
679 2641 807 2727 δύναμιν
820 2638 965 2726 σημαίνει
980 2662 1052 2726 νοη-
1097 2641 1254 2703 columna
1271 2641 1362 2718 ignia
1378 2641 1536 2706 similiter
1550 2643 1725 2738 signifieat
1739 2648 1847 2710 virtu·

305 2749 372 2834 ράν.
1096 2749 1166 2806 tem
1181 2745 1403 2824 spiritualem.

347 2875 378 2918 v.
395 2855 447 2919 40.
464 2850 530 2917 Καί
545 2851 639 2935 άρτον
656 2851 790 2934 οὐρανοῦ
809 2845 983 2934 ἐνέπλησεν
998 2851 1052 2916 αῦ-
1140 2867 1171 2910 v.
1188 2848 1239 2910 40.
1257 2849 1302 2911 ut
1309 2865 1396 2928 poue
1411 2849 1483 2914 eoeli
1497 2853 1663 2918 saturavit
1677 2871 1737 2920 eoa.

302 2959 383 3034 τούς.

344 3059 429 3144 Ἐγώ
444 3059 535 3144 εἰμιό
550 3059 654 3142 άρτος,
667 3056 684 3121 ό
697 3055 760 3121 ἀπό
776 3065 831 3121 τοῦ
844 3056 981 3140 οὐρανοῦ
993 3080 1050 3123 κα-
1142 3078 1158 3116 «
1171 3057 1246 3134 Ego
1261 3074 1337 3119 sum
1353 3059 1460 3138 panis,
1477 3061 1536 3140 qui
1552 3061 1592 3124 de
1607 3062 1692 3124 coelo
1708 3061 1847 3127 descen-

301 3163 410 3246 ταόόις,
427 3163 540 3239 ἐντοῖς
557 3158 749 3246 εὐαγγελίοις
765 3161 870 3245 φησίν.
1095 3159 1154 3238 dit,
1168 3180 1184 3218 υ
1203 3161 1252 3222 ait
1266 3161 1301 3223 in
1318 3163 1516 3240 evangeliia

344 3273 397 3335 43.
413 3267 478 3334 Καί
490 3267 626 3353 ἐξήγαγε
638 3271 692 3332 τόν
703 3265 781 3331 λαόν
797 3269 893 3331 αὐτοῦ
905 3269 939 3333 έν
950 3269 1049 3354 ἀγαλ-
1138 3283 1169 3328 V.
1185 3266 1237 3327 43.
1253 3266 1299 3330 ut
1313 3265 1424 3330 edooit
1431 3267 1589 3348 populum
1599 3285 1694 3333 arcum
1704 3269 1743 3334 io
1753 3270 1843 3334 coul-

300 3375 412 3455 λιάσει,
427 3375 482 3438 καί
497 3374 570 3448 τοὺς
585 3371 753 3447 ἐκλεκτοὺς
776 3369 874 3436 αὐτοῦ
890 3371 923 3436 έν
938 3373 1050 3458 εὐφρο·
1093 3372 1223 3449 tutione,
1242 3371 1399 3438 etelectus
1413 3374 1539 3437 sooria
1554 3373 1679 3438 leticia.

302 3479 389 3561 σόνη.

342 3582 381 3648 Ei
392 3582 409 3646 ό
420 3581 496 3658 λαὸς
512 3578 642 3662 ἐξῆλθεν
657 3579 692 3643 ἐν
707 3577 903 3662 ἀγαλλιάσει,
920 3577 949 3642 οἱ
965 3579 999 3643 δέ
1015 3581 1045 3645 έ-
1137 3578 1171 3639 Si
1192 3580 1338 3658 populus
1365 3580 1472 3642 exivit
1498 3581 1534 3643 in
1563 3583 1782 3663 exultatione,
1807 3591 1847 3646 at

298 3687 426 3752 κλεκτοί
449 3686 546 3749 αὐτοῦ
561 3683 594 3749 ἐν
617 3682 791 3768 εὐφροσύνη
815 3690 872 3765 τῆς
896 3681 1047 3767 ἀγαλλιά-
1092 3683 1190 3744 electi
1207 3681 1280 3760 ejus
1296 3685 1331 3745 in
1354 3684 1473 3748 laetitia
1494 3687 1723 3766 exultationiS,
1740 3689 1841 3752 electi

300 3813 389 3873 σεως,
399 3791 466 3854 έπεί
477 3790 532 3852 καί
544 3785 719 3872 μείζονεςοί
731 3785 877 3850 ἐκλεκτοί
889 3797 945 3852 τοῦ
955 3786 1045 3853 λαοῦ.
1091 3786 1182 3848 enim
1198 3787 1313 3867 populi
1328 3789 1474 3867 potiores
1488 3794 1577 3852 sunt.

341 3917 373 3960 v.
390 3898 442 3960 44.
459 3892 525 3958 Καί
540 3890 654 3968 πόνους
669 3890 755 3954 λαῶν
775 3889 1045 3976 έκληρονόμησαν.
1135 3907 1166 3950 v.
1190 3891 1243 3951 44.
1265 3889 1310 3954 ut
1335 3889 1459 3955 labores
1480 3893 1674 3973 portitorum
1693 3895 1843 3977 posrede-
1912 3909 1917 3916 '

1090 3997 1178 4056 πιιιιί.

340 4099 406 4166 Νῦν
420 4101 457 4162 τό
473 4095 676 4180 ἀποτέλεσμα
692 4094 799 4177 πόνου,
815 4094 910 4161 πόνον
926 4097 1046 4184 ὼνόμα-
1135 4098 1232 4160 Nuno
1264 4097 1389 4161 laboris
1420 4101 1621 4182 terminum,
1652 4105 1845 4168 nominavit

297 4226 359 4270 σεν.
1090 4199 1250 4263 laborem.

340 4330 371 4373 v.
386 4310 438 4372 45.
451 4303 517 4370 Καί
533 4304 586 4367 τόν
600 4300 696 4388 νόμον
707 4305 804 4368 αὐτοῦ
816 4303 1043 4390 ἐκζητήσωσιν.
1060 4298 1065 4305 ’
1133 4323 1164 4366 v.
1180 4306 1233 4366 45.
1247 4305 1294 4368 ut
1308 4305 1408 4386 ίομιοι
1422 4308 1494 4387 ejus
1507 4312 1683 4390 requirent.

337 4413 376 4479 Εί
391 4409 513 4494 όνόμος
529 4406 737 4492 πνευματικός
749 4409 825 4492 ἐστι,
840 4407 954 4494 χρήζει
965 4414 1044 4495 πρὸς
1133 4410 1167 4472 Si
1180 4411 1235 4472 lex
1246 4411 1432 4490 spiritualis
1444 4418 1504 4491 est,
1522 4413 1767 4494 indignande
1783 4435 1837 4482 oo-

294 4521 329 4581 τό
345 4523 461 4601 γνῶναι
475 4514 530 4577 καί
545 4511 683 4596 ζητῆσαι
698 4511 801 4576 αὐτόν.
1089 4521 1282 4593 gnoscatur,
1300 4519 1339 4576 ut
1354 4517 1456 4580 etiam
1472 4521 1676 4600 requiratur.

329 4727 357 4762 v.
370 4707 413 4771 37,
427 4707 470 4761 39.
484 4705 551 4761 Vat.
566 4703 591 4756 5.
1123 4721 1150 4758 v.
1164 4703 1208 4758 43.
1221 4703 1288 4759 Vat.
1302 4705 1327 4758 5.

327 4813 355 4848 v.
368 4795 411 4848 40.
425 4794 491 4848 Vnt.
505 4793 529 4846 5.
544 4791 630 4848 Joan.
645 4805 684 4861 rr,
698 4791 739 4844 51.
1123 4808 1149 4846 v.
1162 4790 1205 4858 44,
1218 4790 1261 4845 45.
1275 4789 1341 4845 Vat.
1356 4792 1379 4858 5,
1396 4791 1438 4844 16.
