4008 6094
812 411 855 474 IN
879 409 1064 476 PSALMOS
1659 417 1701 482 29

166 546 386 632 ἐταπεινώθην,
401 549 455 612 καὶ
468 543 647 633 ἐσόγησαέξ
660 545 796 633 ἀγαθῶν,
808 551 863 614 καὶ
876 551 911 614 τό
955 567 1038 629 τινα,
1063 554 1096 614 τι
1116 550 1198 615 sileo
1219 567 1240 616 c
1260 551 1362 632 bonis,
1388 558 1421 618 ct
1440 555 1530 620 dulor
1542 574 1631 624 αιιιιι
1652 577 1701 623 αι-

167 653 299 740 άλγημά
314 674 372 738 μου
389 649 601 735 άνεκοιινίσθη.
619 691 660 700 -
675 650 910 739 Ἐθτρμάνθηὴ
954 655 1089 717 ancon
1110 657 1166 718 cst.
1185 689 1223 700 -·
1244 655 1408 722 Cooccclcit
1421 675 1475 723 cor
1488 678 1593 726 oscum
1609 663 1700 730 ictuc

165 755 280 841 καρδιά
295 778 354 844 μου
365 755 451 833 ἐντός
464 777 533 842 μου,
545 759 601 822 καὶ
614 755 648 820 ἐν
662 765 702 841 τῇ
718 753 833 842 μελέτη
847 776 907 841 μου
955 773 1013 835 mc,
1028 760 1060 821 et
1069 755 1107 820 io
1116 756 1319 824 owditotionc
1329 777 1399 826 mcc
1410 763 1698 848 cocrdcocctiaoio.

166 859 395 944 &necatricem
405 869 484 945 πῦρ·
499 858 683 944 ἐλάλησαέν
695 858 823 944 γλὼσοη
836 880 906 945 μου.
958 893 996 903 -
1014 860 1151 924 Locutus
1172 877 1245 926 cum
1266 863 1303 926 io
1325 863 1440 947 lioopua
1460 883 1540 932 occo.

209 963 271 1029 Ἐκ
289 971 352 1028 τῶν
366 962 468 1048 λόγων
489 973 544 1028 τοῦ
567 963 736 1040 συστάντος
758 984 908 1029 κατεναν·
998 964 1050 1026 Ειι
1079 963 1191 1028 verbis
1218 969 1411 1048 peccatoria,
1434 969 1613 1035 adversum
1644 990 1698 1036 me

165 1067 230 1133 τίον
253 1089 312 1156 μου
336 1067 533 1154 ἁμαρτωλοῠ,
557 1065 731 1153 ἐθερμάνθη
758 1066 910 1151 διαπορω-
955 1069 1178 1147 consistentis,
1202 1071 1283 1147 igne
1309 1088 1509 1136 succensum
1532 1077 1701 1140 concaluit

165 1170 283 1257 θεῖσαὴ
297 1170 411 1256 καρδία
420 1194 489 1258 μου,
501 1176 557 1238 καὶ
570 1171 591 1256 ἡ
604 1173 732 1257 τοιαύτη
745 1169 909 1258 θέρμανσις
955 1186 1013 1233 cor
1035 1188 1159 1251 meum,
1175 1177 1209 1235 et
1226 1173 1419 1237 incendium
1435 1175 1628 1256 huiusmodi
1652 1182 1701 1244 in·

167 1275 254 1353 ἐντός
269 1297 329 1362 μου
346 1275 521 1363 ἐφυλάχθη.
539 1315 579 1326 -
594 1271 633 1342 ‘0
648 1275 775 1358 τέλειος,
791 1275 832 1354 ὡς
846 1277 911 1363 ἠδη
954 1275 1008 1336 tra
1021 1291 1075 1337 me
1090 1279 1261 1339 servatum
1277 1282 1336 1340 est.
1352 1313 1389 1323 -
1403 1279 1574 1344 Perfectus
1596 1285 1698 1363 enim,

164 1377 286 1458 εὐεξίαν
301 1382 355 1445 καὶ
371 1381 591 1466 μακαριότητα
606 1379 782 1465 άναλαθὼν,
807 1383 843 1446 οὐ
865 1404 912 1446 κι-
957 1380 995 1440 ut
1008 1379 1068 1458 qui
1083 1378 1209 1442 bonum
1227 1381 1350 1445 animae
1369 1383 1533 1464 habitum,
1557 1385 1700 1450 beatitu-

167 1493 266 1550 νιιτοιι
281 1485 442 1563 τιοιντιλως
456 1486 517 1551 bnt
531 1493 592 1550 τῶν
613 1485 835 1569 λοιδορούντων
857 1485 911 1550 οὐ.
955 1480 1135 1563 diuemque
1151 1487 1202 1548 est
1216 1484 1368 1566 adeptus,
1383 1505 1450 1552 non
1463 1492 1618 1552 movetur
1629 1508 1697 1555 om-

168 1586 242 1652 τόν·
264 1588 282 1652 ὁ
305 1588 340 1652 δέ
362 1588 557 1674 προκόπτων,
584 1587 677 1675 ἀλγεῖ
700 1589 756 1675 μὲν
777 1591 831 1654 καὶ
853 1591 912 1675 την
955 1586 1036 1649 nino
1061 1589 1133 1651 suis
1159 1589 1450 1655 conviciatoribus.
1474 1594 1538 1669 Qui
1563 1598 1697 1660 tantum

165 1689 300 1777 καρδίαν
311 1693 379 1777 ἐχει
389 1690 632 1779 θερμαινομάνην
644 1693 678 1758 ἐν
692 1692 804 1778 ἐαυτῷ,
818 1691 912 1778 βράσ-
955 1707 1035 1752 vero
1045 1692 1261 1772 progreditur
1276 1693 1317 1757 ad
1340 1695 1589 1780 perfectionem,
1608 1699 1699 1764 dolet

166 1818 285 1862 ceuceu
296 1798 350 1861 καὶ
362 1793 612 1881 ταρασσομένην,
624 1795 695 1860 ἀλλ’
707 1797 744 1861 οὐ
756 1796 848 1882 μέχρι
857 1806 912 1861 τοῦ
956 1793 1102 1874 quidem,
1115 1813 1238 1877 corque
1255 1798 1289 1861 in
1305 1799 1415 1879 seipso
1436 1801 1541 1864 sentit
1561 1820 1699 1866 succen-

165 1900 269 1967 ἐλθεῖν
280 1902 343 1967 άιτό
355 1908 412 1985 της
426 1899 558 1985 καρδίας
570 1900 663 1988 λόγον
679 1900 730 1966 ἐπὶ
742 1900 852 1988 στόμα.
869 1939 910 1950 -
955 1915 1041 1978 sum,
1068 1898 1281 1979 conflagrans
1307 1907 1341 1966 et
1366 1905 1612 1986 conturbatum,
1639 1907 1698 1970 sed

164 2003 231 2070 Καὶ
243 2005 390 2092 μελετῶν,
404 2006 492 2090 φησι,
500 2008 540 2070 τόι
548 2005 618 2070 θεῖα
629 2005 729 2091 λόγιοι,
743 2005 912 2091 ἐκαιόμην·
955 2019 1023 2065 non
1050 2019 1089 2066 eo
1114 2020 1222 2084 usque
1244 2011 1326 2068 uta
1348 2008 1446 2070 corde
1468 2025 1578 2073 sermo
1596 2009 1639 2073 ad
1661 2026 1698 2073 os

163 2107 208 2187 ὡς
224 2109 254 2174 οἱ
267 2111 338 2192 περὶ
353 2107 503 2174 Κλεόπαν
517 2107 679 2194 λέγοντες·
695 2107 777 2196 Οὐχὶ
791 2109 813 2195 ἡ
835 2131 912 2196 καρ-
956 2108 1136 2170 excieatur.
1146 2116 1240 2174 —Ac
1250 2109 1430 2190 meditatos,
1449 2112 1570 2193 inquit,
1584 2113 1698 2178 dicim

163 2209 221 2275 δία
235 2210 327 2296 ἡμῶν
347 2209 499 2298 καιομένη
522 2214 563 2296 ην
578 2213 612 2277 ἐν
633 2212 718 2298 ἡμῖν,
742 2211 784 2289 ὡς
805 2212 912 2279 ἐλάλει
954 2208 1090 2291 cloquio,
1118 2209 1245 2291 conr,
1269 2213 1376 2278 veluti
1398 2215 1510 2281 aiebat
1536 2217 1698 2298 cleophas

164 2314 244 2400 ἡμῖν
258 2315 293 2380 ἐν
307 2324 347 2400 τῇ
361 2315 433 2400 ὁδῷ,
449 2317 504 2380 καὶ
519 2314 561 2393 ὡς
583 2314 737 2401 διήνοιγεν
758 2317 833 2404 ἡμῖν
855 2320 912 2396 τάς
955 2329 1033 2376 oum
1048 2313 1153 2376 socio:
1173 2315 1318 2380 «Nonne
1334 2333 1391 2380 cor
1405 2323 1557 2383 nostrum
1576 2320 1697 2385 ardens

162 2417 307 2503 γροφάς;
324 2418 465 2484 Τοιοῦτοι
478 2419 562 2504 ηοοιν
583 2423 637 2485 ιιοιι
659 2420 688 2486 οἱ
710 2420 798 2506 λόγοι
819 2417 912 2508 Ἱιρι.
955 2421 1028 2480 erat
1041 2418 1077 2479 in
1095 2417 1202 2497 nobis,
1220 2417 1302 2482 dum
1322 2421 1518 2500 loqueretur
1539 2423 1636 2486 nobis
1659 2425 1694 2488 in

165 2520 249 2607 μέου,
262 2522 309 2585 διὸ
320 2520 495 2607 γέγραπται
507 2521 666 2608 εἰρηκέναι
677 2526 729 2589 τὸν
742 2524 822 2592 Θεὸν
834 2529 912 2611 πρὸς
954 2521 1011 2584 via
1026 2525 1060 2584 et
1074 2521 1220 2601 aperiret
1233 2523 1330 2587 nobis
1344 2525 1555 2606 Scripturas?
1567 2548 1584 2586 ν
1602 2528 1698 2592 Talia

161 2624 279 2690 αὐτόν·
292 2623 385 2708 Ἰδοὺ,
408 2624 531 2690 δέδωκα
554 2628 626 2704 τοὺς
648 2625 760 2712 λόγους
783 2649 842 2715 μου
866 2631 909 2708 εἰς
955 2628 1052 2689 erant
1066 2625 1168 2688 verba
1183 2627 1356 2708 Jeremiae3
1372 2629 1446 2692 ideo
1461 2631 1624 2712 scriptum
1647 2637 1699 2695 eat

160 2732 200 2794 τό
215 2729 316 2815 στόμα
333 2750 390 2794 σου
408 2739 478 2812 ιτθρ.
496 2729 645 2796 Τοιαῦται
659 2731 742 2816 ἦσαν
764 2731 797 2797 αἱ
818 2733 911 2798 καθε-
954 2729 1063 2792 Deum
1079 2729 1129 2792 illi
1142 2728 1279 2794 dixisse:
1298 2733 1409 2796 «Ecce
1421 2734 1496 2798 dedi
1508 2735 1611 2798 verba
1622 2752 1698 2799 mea

159 2832 293 2918 ζόμενοιι
308 2833 447 2917 γλῶτται
461 2833 511 2898 ἐτι
527 2837 598 2912 τοὺς
613 2834 815 2920 ἀποστόλους,
838 2840 910 2916 τοὺς
955 2832 991 2895 in
1014 2849 1070 2896 ore
1085 2837 1145 2895 tuo
1160 2833 1314 2910 ignem.»
1333 2837 1431 2900 Tales
1449 2843 1546 2901 erant
1567 2840 1706 2918 linguae·

157 2934 336 3020 μέλλοντας
355 2939 409 3002 τὸν
423 2936 516 3021 λόγον
528 2947 583 3003 τοῦ
598 2937 781 3024 εὐαγγελίου
796 2941 912 3025 κηρύο.
955 2933 1138 2999 insidentes
1174 2953 1276 3017 super
1311 2942 1488 3022 apostolos,
1525 2944 1697 3021 evangelii

157 3060 236 3105 στιν.
253 3038 425 3125 Ὠφθησαν
440 3042 501 3126 γὰρ
517 3042 623 3119 αὐτοῖς
638 3041 680 3119 ὡς
694 3043 843 3126 τιθοῖτο
858 3043 910 3110 λό-
954 3040 1095 3104 verbum
1121 3041 1346 3106 nuntiaturos.
1372 3044 1456 3107 Nam
1482 3047 1593 3110 «viam
1615 3051 1697 3110 sunt

157 3164 217 3229 γος
232 3143 333 3208 αὐτῶν
346 3144 368 3228 d
383 3147 561 3228 cccccccccc,
574 3148 629 3210 καὶ
644 3144 768 3232 άνάπτη
778 3149 835 3226 τὰς
851 3149 908 3234 ψο-
954 3142 1023 3206 illis
1044 3147 1207 3225 tanquam
1223 3145 1356 3225 ignia»
1377 3149 1567 3213 utiliorum
1585 3167 1696 3215 sermo

161 3248 227 3331 χὰς
242 3255 302 3314 τῶν
318 3246 535 3334 ἀκροωμένων.
954 3250 1043 3310 esset
1056 3247 1212 3330 adurens,
1228 3253 1262 3312 et
1283 3249 1476 3316 auditorum
1498 3255 1629 3320 animas
1648 3255 1697 3318 in-

954 3347 1151 3415 flammaret.

205 3473 238 3516 v.
255 3455 285 3518 5.
306 3455 335 3518 6.
359 3451 512 3537 Γνόιρισόν
535 3476 596 3540 μοι,
619 3454 727 3541 Κύριε,
750 3460 786 3523 τό
809 3457 908 3546 πέρας
996 3471 1028 3516 v.
1043 3456 1074 3532 5,
1087 3457 1312 3538 6.Notomsoc
1327 3457 1419 3537 milti,
1435 3461 1693 3546 Dominc,flrrcm

159 3577 231 3641 μου,
247 3559 301 3621 καὶ
323 3559 376 3621 τόν
398 3557 526 3644 άριθμον
549 3567 610 3623 τῶν
628 3559 753 3646 ἡμερῶν
776 3584 836 3649 μου
859 3563 906 3641 τίς
952 3573 1065 3636 mcum,
1083 3562 1115 3622 et
1126 3569 1295 3624 ooowwm
1308 3561 1434 3626 dicrum
1448 3581 1596 3645 meorum,
1618 3583 1696 3649 quo

158 3661 256 3744 ἐστιν,
279 3662 332 3724 ἐντι
352 3669 417 3746 γνῶ
443 3661 473 3726 τό
494 3663 613 3747 ὑστερῶ
636 3663 709 3750 ἐγώ.
732 3665 825 3750 Ἰδοὺ,
848 3689 908 3732 ιτα-
953 3661 998 3726 lic
1018 3661 1074 3741 cc,
1100 3667 1137 3726 ot
1162 3663 1263 3728 sciam
1288 3665 1368 3747 quid
1392 3664 1476 3730 decit
1500 3669 1590 3732 miti.
1617 3671 1697 3736 Ecce

205 3841 352 3904 Burnus
369 3840 406 3904 ιἰι
418 3858 448 3906 ο.
472 3843 501 3904 3.
518 3843 561 3906 Et
584 3860 648 3922 ego
672 3845 816 3909 meditor
838 3847 904 3910 ιλιι
952 3840 1022 3902 Hoc
1037 3839 1199 3902 nimirum
1216 3845 1267 3903 est
1281 3841 1383 3905 etiam
1400 3844 1489 3923 quod
1505 3845 1539 3908 in
1554 3847 1694 3911 Actibus

159 3929 242 4008 quia
257 3928 422 3993 Domini...
438 3929 496 3994 sed
512 3935 661 4011 optarem
685 3939 724 3996 ut
738 3935 846 4015 primo
870 3936 905 3998 in
952 3928 1178 4007 apostolorum
1212 3928 1365 4009 refertur,
1395 3950 1472 3996 cum
1499 3933 1582 3998 dicit
1614 3937 1696 4016 quia

158 4017 351 4097 cordcmec,
363 4019 509 4082 secundo
521 4021 698 4100 qucquein
710 4022 902 4086 auditorum
952 4016 1034 4078 visae
1048 4022 1130 4080 sunt
1145 4018 1193 4082 eis
1208 4016 1325 4082 divisae
1341 4021 1469 4098 lingum
1488 4023 1577 4086 sicut
1592 4023 1695 4103 ignis,

159 4104 331 4168 mentibus
347 4106 609 4186 exardescerent,
626 4109 715 4172 sieut
737 4116 833 4174 erant
856 4111 906 4174 illi
952 4107 986 4166 et
1000 4103 1189 4168 consedisse
1219 4123 1320 4188 super
1354 4112 1530 4189 apostolos,
1563 4125 1623 4191 pro
1657 4128 1696 4174 eo

157 4210 330 4256 sermones
346 4195 763 4277 quosloquebaturJesus,
777 4199 817 4261 de
830 4201 903 4279 qui·
952 4193 1081 4256 scilicet
1106 4194 1197 4273 quod
1219 4197 1390 4273 evangelii
1413 4200 1553 4263 verbum
1576 4199 1694 4280 prudi-

160 4281 224 4344 bus
244 4281 400 4346 dicebant
422 4284 473 4346 illi
497 4285 556 4364 qui
579 4285 771 4349 audierant:
795 4289 907 4353 Νοιιιιτ
953 4281 1061 4343 caturi
1078 4287 1111 4344 et
1125 4283 1219 4359 ignei
1235 4284 1380 4362 fulgoris
1403 4286 1562 4350 deberent
1583 4289 1696 4366 gratia

159 4375 254 4432 etc...
278 4371 375 4434 Tales
401 4371 545 4452 denique
569 4378 665 4436 erant
692 4379 725 4436 et
746 4377 903 4438 Jeremiae
952 4368 1111 4449 roborari,
1147 4375 1186 4432 ut
1218 4372 1410 4438 auditorum
1446 4377 1568 4438 animae
1603 4374 1695 4439 flam-

158 4473 340 4538 sermones,
355 4461 541 4523 secundum
557 4462 646 4542 quod
660 4464 823 4544 scriptum
844 4469 905 4544 est,
951 4474 1041 4520 mam
1057 4475 1118 4538 per
1132 4461 1295 4524 sermonis
1317 4461 1489 4526 traducem
1512 4469 1694 4528 sumerent.

157 4563 236 4610 cum
252 4545 335 4610 dicit
348 4547 390 4611 ad
405 4565 482 4611 eum
506 4549 679 4614 Dominus.
703 4553 792 4631 Ecce,
820 4558 903 4616 etc...
951 4547 1012 4608 BB·
1031 4548 1104 4610 693.

192 4708 220 4747 v.
230 4691 286 4745 2-4.
297 4691 363 4748 Vat.
376 4691 417 4762 10,
429 4691 470 4762 13,
485 4692 526 4746 14.
537 4694 607 4756 Ἑξω
616 4697 663 4748 καὶ
671 4695 825 4762 μακρότητα
836 4692 903 4749 Vct.
983 4706 1012 4745 v.
1025 4690 1050 4760 5,
1063 4691 1088 4746 6.
1101 4690 1168 4747 Vat.
1183 4693 1224 4762 10,
1243 4692 1284 4762 13,
1304 4693 1346 4748 ll.
1364 4693 1409 4748 De
1427 4693 1571 4750 variatae
1585 4697 1696 4750 παλαιαὶ

159 4776 201 4832 13.
223 4777 289 4832 Duo
308 4776 391 4832 codd.
414 4781 605 4847 μακαριότητα
625 4776 683 4834 Sed
701 4777 835 4850 sphalma
854 4794 905 4833 ve·
950 4781 981 4832 et
996 4779 1139 4832 παλαισταὶ
1150 4777 1186 4832 cf.
1199 4777 1290 4834 Field.
1304 4796 1331 4852 p.
1346 4778 1404 4848 143,
1423 4778 1474 4834 ubi
1490 4785 1609 4835 notatur
1627 4785 1696 4854 post

158 4867 272 4932 tuaest,
285 4862 441 4919 cumidem
453 4862 578 4919 Rufinus
590 4863 698 4934 legisse
709 4862 852 4934 videatur,
866 4863 904 4918 si·
948 4861 1104 4932 Nobilium,
1118 4867 1233 4918 tacente
1245 4864 1332 4932 Maio,
1345 4862 1453 4936 duplex
1472 4863 1607 4922 Vaticani
1625 4865 1694 4920 sori-

158 4948 219 5003 mul
231 4965 266 5003 ac
284 4947 438 5004 emendare
457 4949 593 5005 voluisse.
605 4979 638 4990 -
648 4948 692 5004 ef.
710 4949 780 5004 Luc.
794 4949 904 5018 ³11493
948 4953 1043 5022 ptura,
1056 4964 1137 5020 aeque
1149 4947 1278 5021 antiqua,
1291 4965 1373 5020 aeque
1386 4957 1542 5022 superstes,
1552 4955 1630 5007 teste
1644 4968 1694 5006 no-

159 5049 246 5103 xx1v,
257 5033 301 5088 32.
314 5034 423 5090 Jerem.
435 5051 463 5104 v,
478 5035 519 5090 14.
534 5035 600 5090 Act.
614 5051 646 5104 11,
664 5035 689 5089 3.
708 5033 817 5108 Incipit
833 5035 904 5090 Bar·
949 5052 986 5094 ve
1008 5033 1052 5090 ed.
1074 5035 1138 5090 loco
1156 5035 1233 5090 laud.
1252 5034 1369 5106 Origen.
1389 5042 1421 5093 et
1440 5035 1539 5094 Rufin
1557 5037 1695 5109 legebant

157 5118 246 5175 barus
257 5118 436 5178 Veronensis
448 5120 533 5193 plura
545 5136 562 5177 a
574 5119 683 5178 nostris
695 5119 789 5178 latina
797 5120 902 5180 fecere.
948 5121 1096 5175 ταλαισται
