4036 6090
824 437 868 502 IN
891 435 1077 502 Pellitos
1663 433 1722 497 171

179 597 274 644 τισιν·
300 573 407 644 έοθύτε
433 576 609 664 σύμπτωμα
639 573 742 642 τοίνυν
767 573 928 662 πάσχουσι
968 575 1074 639 nullis
1096 576 1252 640 occurrit.
1277 575 1451 640 Interdum
1475 590 1555 640 vero
1578 575 1717 657 quidam

178 685 270 764 τινές,
285 684 361 747 ὅταν
376 682 393 746 δ
408 693 479 760 νοῦς
494 682 616 766 έκλίιση
639 683 716 766 πρδς
732 677 926 766 φιληδονίαν,
973 681 1150 742 incursum
1165 680 1353 759 patiuntur,
1374 679 1508 760 quando
1523 698 1619 744 mens
1634 679 1724 744 fran-

179 787 255 852 ὅταν
271 784 410 872 ἀτονήοη
424 785 549 872 καρδία,
562 784 740 872 κατενέχθη
752 787 829 871 πρὸς
841 784 928 869 ιριλο-
973 784 1070 861 gitur
1083 769 1299 866 uoluptatum
1319 783 1470 864 libidine,
1494 784 1628 865 quando
1644 785 1720 865 quis

180 891 324 976 σαρκίαν,
340 894 416 957 ὅταν
433 891 592 978 ἀκηδιάση
608 894 685 977 πρὸς
699 894 741 958 τοι
763 900 820 976 της
843 891 930 956 εύσε-
972 888 1071 952 corde
1083 886 1260 968 flaccescit,
1273 891 1307 952 et
1318 889 1491 952 invaditur
1505 891 1617 952 carnis
1633 905 1723 952 emo·

179 993 268 1074 ύείοις
284 998 373 1082 ἔργα,
389 997 444 1060 καί
460 995 614 1082 ένγεράση
637 997 714 1080 πρὸς
729 993 841 1072 πόνους
855 995 929 1071 τούς
973 1008 1019 1071 re,
1036 992 1170 1072 quando
1184 995 1296 1072 torpet
1310 991 1352 1055 ad
1367 993 1546 1070 religionis
1562 1009 1673 1072 opera,
1689 997 1724 1055 et

181 1101 260 1186 ὑπὲρ
288 1111 346 1186 της
372 1099 506 1185 ἀρέτης·
533 1099 617 1164 ἀλλὰ
646 1101 701 1164 καί
729 1099 801 1165 τότε
826 1098 933 1176 συνζεῖ
973 1101 1112 1160 veterno
1133 1097 1328 1174 languescit
1353 1098 1389 1159 in
1412 1096 1584 1160 laboribus
1600 1097 1661 1177 qui
1683 1097 1727 1161 ad

181 1201 268 1289 Θεῷ·
284 1203 476 1270 ἀπαλλάττει
487 1203 548 1288 γάρ
561 1203 789 1290 συμπτώματος
800 1202 834 1282 ἐξ
849 1202 931 1287 άκη-
973 1200 1136 1264 virtutem
1151 1203 1319 1280 spectent:
1337 1217 1457 1264 verum
1473 1202 1673 1264 etiamtunc
1689 1201 1726 1264 in

181 1303 260 1389 δίας,
276 1305 418 1372 τουτέστι
434 1305 593 1393 δαιμονίου
610 1304 812 1393 μεσημύρίσυ.
973 1304 1043 1366 Deo
1058 1304 1226 1383 convivat,
1242 1307 1282 1366 ut
1299 1305 1357 1385 qui
1380 1308 1497 1368 tuetur
1517 1305 1560 1368 ab
1583 1306 1723 1369 incursu

973 1408 1110 1490 teporis,
1122 1411 1205 1487 pute
1220 1425 1240 1470 a
1255 1408 1423 1472 demonio
1438 1410 1636 1473 meridiano.

223 1536 256 1581 v.
275 1518 326 1581 10.
343 1513 390 1581 Ob
411 1513 657 1600 προσελεύσεταί
678 1513 755 1600 πρὸς
778 1515 815 1578 σέ
830 1515 927 1598 κακά,
1015 1531 1052 1575 v·
1069 1514 1119 1576 10.
1135 1513 1209 1578 Non
1223 1511 1369 1578 ααατιίααί
1382 1511 1425 1577 σύ
1447 1516 1477 1578 te
1498 1513 1597 1594 mia,
1612 1518 1644 1579 et
1655 1513 1724 1598 ,νία-

180 1621 236 1686 καί
251 1618 362 1713 μάστιξ
377 1620 436 1684 ούκ
455 1619 561 1707 έγγύει
575 1627 619 1704 τῷ
634 1615 819 1704 σκηνύματί
833 1638 901 1682 σου.
974 1616 1097 1700 pellata
1124 1633 1189 1682 noo
1224 1617 1495 1700 appropinquabit
1524 1618 1728 1686 stemma

531 1771 533 1776 ,
979 1724 1043 1785 tuo.

226 1827 269 1894 Ei
288 1849 334 1906 τις
354 1825 497 1913 βούλοιτο
520 1827 564 1912 μὴ
591 1833 769 1910 περιπεσεῖν
796 1823 932 1912 μάστιγι,
1020 1825 1055 1888 Si
1070 1827 1146 1906 quis
1161 1826 1248 1888 nolit
1269 1825 1388 1890 cedere
1405 1825 1440 1888 in
1461 1823 1649 1905 flagellum,
1664 1823 1726 1888 fiat

181 1931 319 2018 γενέσθω
335 1933 421 2008 σίκυς
436 1929 529 1998 Θεοῦ.
545 1929 704 2014 Κρείττυν
720 1930 776 2014 έοη
790 1938 852 1996 τῶν
867 1929 932 1994 δια
975 1930 1037 1993 Dei
1048 1929 1316 1992 tabernaculum.
1329 1929 1479 1992 Validior
1492 1930 1558 1992 eris
1570 1945 1639 2009 prae
1650 1928 1727 1990 Dia-

181 2037 316 2102 ύολικῶν
337 2033 510 2120 προύολῶν,
531 2036 586 2099 καί
608 2031 729 2120 βλάύην
752 2033 871 2100 ἐκεῖθεν
894 2036 931 2099 ού
974 2033 1045 2097 boli
1078 2032 1367 2114 impressionibus,
1398 2049 1460 2094 nec
1482 2030 1724 2094 detrimentum
1817 2067 1822 2078 ·

181 2140 267 2225 δέξη,
283 2142 338 2204 καί
352 2139 520 2206 δυναστεία
531 2147 587 2204 τοῦ
602 2135 749 2204 διαύόλου
761 2139 798 2204 ού
810 2138 930 2224 κυριεύ-
975 2139 1125 2219 patieris,
1137 2155 1248 2219 neque
1260 2141 1407 2219 potestas
1419 2136 1551 2201 Diaboli
1567 2138 1726 2218 prevale
1776 2169 1778 2176 ·

120 2252 130 2272 ⁸
181 2267 231 2312 σει
244 2268 304 2313 σοι.
974 2241 1026 2305 bit
1040 2241 1112 2305 tibi.

219 2500 247 2542 v.
261 2484 304 2540 10.
316 2483 384 2542 Vat.
397 2483 423 2552 2,
437 2483 479 2539 15.

796 2699 967 2779 Psalmue
990 2697 1103 2778 XCI.

230 2981 262 3028 ν.
279 2964 310 3028 2.
333 2959 472 3046 Ἀγαθὸν
487 2961 522 3026 τὸ
538 2957 793 3047 ἐξομολογεῖσθαι
814 2968 859 3046 τῷ
874 2960 938 3026 Κυ-
1009 2925 1057 3027 ἵν.
1085 2963 1116 3027 2.
1142 2965 1268 3028 emma
1290 2966 1338 3029 est
1359 2963 1507 3048 confiteri
1528 2961 1672 3041 Domino,
1699 2963 1732 3026 et

184 3064 250 3151 ρίιμ,
266 3068 320 3131 καί
342 3065 473 3150 ψάλλειν
495 3074 539 3150 τῷ
562 3063 692 3152 ύνύματί
714 3086 781 3148 σου,
797 3061 937 3151 Ὗψιστε.
976 3067 1123 3149 psaltere
1137 3068 1260 3133 nomint
1275 3071 1337 3148 tiu,
1356 3067 1536 3134 Alosum.

194 3174 261 3239 Vct.
280 3171 355 3251 684,
374 3171 403 3233 1.

229 3273 388 3358 Πρότερον
419 3269 661 3358 μετανοήσαντα
682 3271 936 3360 ἐξομολογήσασ·
1023 3277 1175 3340 Primum
1190 3279 1322 3356 oportet
1333 3269 1554 3357 poenitentem
1565 3273 1729 3352 confiteri,

186 3376 239 3442 θαι
254 3376 310 3461 δεῖ,
334 3378 404 3442 εἶτα
417 3375 658 3460 καθαρεύσαντα
672 3377 822 3463 ψάλλειν·
837 3377 865 3442 εἰ
879 3377 935 3442 ούν
979 3379 1100 3444 deinde
1119 3379 1191 3460 jam
1208 3397 1276 3444 non
1291 3380 1505 3443 immundum
1522 3381 1675 3461 psallere.
1695 3378 1731 3442 Si

182 3493 245 3548 τῶν
260 3481 415 3568 ποιητέων
438 3480 556 3568 ἀγαθόν
572 3482 639 3549 έστι
660 3485 696 3548 τὸ
717 3483 935 3570 έξομολογεῖσ-
980 3502 1063 3564 ergo
1079 3485 1168 3548 inter
1179 3486 1238 3548 illa
1249 3503 1324 3565 quae
1337 3483 1470 3562 agenda
1482 3488 1571 3563 sunt,
1585 3483 1727 3547 laudum

183 3585 234 3654 θαι
251 3595 295 3672 τῷ
309 3585 428 3670 δικαίῳ,
444 3585 578 3671 ποιητέα
592 3587 627 3650 δὲ
643 3587 749 3673 ἀγαθά
764 3589 886 3672 εἴρηται
901 3585 935 3652 έν
979 3607 1122 3652 munera
1137 3590 1267 3652 solvere
1293 3588 1419 3652 bonum
1435 3593 1486 3652 est
1509 3587 1612 3668 justo,
1642 3587 1730 3651 bona

182 3699 260 3768 τοῖς·
273 3689 444 3756 Ἐκκλινον
460 3689 522 3754 &ab
545 3701 658 3774 κακοῦ,
675 3693 731 3755 καί
750 3688 884 3775 ποίησον
900 3689 935 3754 ά·
980 3697 1094 3780 autem
1107 3710 1179 3755 esse
1190 3691 1353 3772 faciende,
1367 3693 1414 3754 ita
1425 3693 1629 3772 precipitur:
1646 3691 1728 3753 «De-

183 3794 292 3880 γαθδν,
308 3795 362 3858 καί
377 3793 466 3858 οὐδὲν
478 3802 540 3859 τῶν
557 3793 683 3880 ἀγαθῶν
696 3793 834 3872 εύκθλιος
850 3791 937 3879 γένε-
980 3796 1072 3860 clina
1093 3813 1114 3858 a
1135 3796 1234 3874 male,
1259 3799 1294 3859 et
1315 3793 1367 3856 fec
1393 3795 1558 3874 bonum,>›
1591 3812 1630 3858 ec
1651 3796 1727 3858 nul·

183 3919 245 3980 ται,
261 3896 417 3983 ζητητέον
431 3897 697 3984 ἐξομολογεῖσθαι,
713 3899 730 3962 b
747 3897 865 3984 άγαθύν
884 3896 935 3962 to·
979 3899 1053 3962 lum
1070 3915 1111 3960 ex
1125 3898 1224 3962 bonis
1246 3898 1345 3962 facile
1368 3901 1555 3980 peragitur,
1577 3917 1730 3980 quaeren·

186 4023 226 4086 τι,
244 3999 367 4087 μήποτε
382 4003 437 4067 ούν
449 4001 542 4088 μόνος
557 4005 611 4066 καί
623 4001 665 4079 ύς
677 4002 694 4066 δ
707 4001 820 4088 μηκέτι
835 4001 936 4088 ἁμαρ·
982 4003 1065 4066 dum
1089 4006 1140 4066 est
1161 4003 1202 4065 de
1224 4001 1444 4084 confessione,
1468 4021 1545 4085 quae
1566 4003 1655 4066 bona
1670 4007 1731 4083 est,
1840 4050 1843 4056 .

186 4107 288 4173 τάνυν
299 4105 543 4192 έξομολογεῖται.
556 4104 691 4192 Ὁμοίως
703 4107 731 4171 εἰ
742 4104 861 4192 ἀγαθόν
873 4104 940 4171 ἐστι
984 4125 1028 4170 an
1044 4108 1137 4171 solus
1154 4106 1187 4169 id
1202 4111 1294 4186 eget,
1311 4106 1371 4186 qui
1387 4110 1550 4187 tanquam
1567 4107 1662 4169 nullo
1678 4104 1735 4168 ad·

187 4213 223 4275 τδ
236 4209 367 4295 ψάλλειν
379 4219 423 4294 τῷ
434 4209 562 4295 ὀνόματι
571 4208 791 4295 τοῡὙψίστου,
800 4230 937 4296 πνευμα·
984 4211 1088 4274 misso
1123 4213 1260 4291 peccato
1286 4207 1477 4272 confitetur,
1512 4210 1677 4273 Similiter
1704 4210 1735 4272 si

187 4323 281 4392 τικιῖίς
304 4311 459 4398 ψαλτέον·
482 4314 518 4376 ού
533 4313 628 4398 γάρὸ
651 4312 803 4379 έκνιλίνυν
822 4314 937 4392 ἐντοῖς
981 4315 1108 4378 bonum
1139 4319 1191 4378 est
1219 4313 1364 4396 psallere
1394 4315 1524 4377 nomini
1554 4315 1730 4394 Altissimi,

188 4417 349 4503 ἀσθητοίς,
373 4417 506 4502 ψάλλειν
528 4418 586 4502 τὴν
612 4417 720 4504 φωνην
743 4415 863 4503 άγαθδν
884 4437 938 4482 πε-
982 4417 1197 4501 psellendum
1212 4422 1264 4482 est
1278 4417 1511 4498 spiritualiter.
1527 4416 1626 4481 Haud
1641 4419 1732 4481 enim

223 4622 275 4678 Ps.
293 4638 355 4694 xor,
373 4639 403 4680 ν.
421 4623 449 4678 2.
468 4623 536 4682 Vct.
554 4622 580 4677 4.
598 4622 771 4693 Psxxxm,
783 4622 828 4677 27.
846 4621 942 4678 Multa
985 4639 1081 4695 neque
1090 4621 1265 4694 negandum,
1273 4620 1528 4694 sdhucsuperesse
1537 4619 1737 4692 fragmentum

194 4709 232 4766 de
252 4709 393 4782 psalterio
413 4715 444 4766 et
459 4709 640 4766 decachordo
652 4709 861 4783 anepigraphe,
872 4709 941 4764 fort,
985 4709 1017 4766 in
1030 4710 1093 4765 cod.
1105 4707 1215 4764 unciali
1227 4708 1363 4767 vaticano
1375 4724 1412 4764 ex
1424 4707 1523 4778 magni
1535 4706 1645 4762 Hilarii
1658 4723 1735 4763 eom·

182 4794 309 4872 ‘Origeni
319 4794 511 4865 restituenda,
519 4795 598 4851 idem
606 4795 697 4852 hebet
703 4795 766 4851 cod.
773 4796 799 4866 4,
806 4813 865 4851 una
874 4812 941 4850 oum
983 4796 1128 4853 monterio
1140 4797 1172 4851 in
1181 4795 1315 4850 eumdem
1331 4795 1434 4868 psalm
1445 4810 1507 4854 τισι.
1520 4795 1662 4850 Attamen
1675 4791 1734 4850 duo

188 4881 256 4940 Vct
270 4881 312 4952 14,
325 4898 391 4952 quse
400 4881 557 4938 confertim
569 4881 750 4938 transierunt
759 4881 797 4938 sd
807 4881 939 4938 dheodo-
983 4881 1096 4939 seholia
1107 4881 1223 4938 Hilario
1241 4881 1383 4954 inscripta
1395 4898 1414 4936 s
1431 4880 1579 4952 cordesio,
1595 4879 1736 4938 videlicet

188 4971 293 5022 retum.
306 4966 365 5023 Sed
376 4967 602 5025 admirationem
613 4985 733 5024 movere
744 4969 847 5041 possit,
860 4966 939 5040 qnod
982 4972 1034 5038 χρη
1046 4975 1132 5026 τοίνυν
1149 4974 1180 5025 et
1194 4971 1243 5037 τὴν
1252 4972 1305 5038 γάρ
1323 4973 1371 5022 τού
1384 4971 1531 5036 βρίθοντες,
1543 4967 1639 5023 nostri
1648 4966 1732 5023 codd.

187 5053 220 5109 in
231 5070 307 5109 vers.
319 5053 338 5108 4
350 5059 381 5111 et
392 5055 418 5124 5,
431 5055 509 5128 epod
520 5055 639 5111 Gorder.
655 5071 687 5126 11,
701 5056 761 5126 900,
774 5055 820 5112 bis
830 5055 869 5112 ad
881 5055 940 5112 dno
983 5054 1121 5113 Vaticani
1144 5055 1262 5113 omnino
1281 5059 1312 5112 et
1329 5053 1442 5130 liquido
1462 5053 1564 5113 eedem
1584 5053 1745 5114 ascribunt.

189 5139 302 5200 scholis
311 5147 446 5200 occurrat
455 5141 691 5215 inexspectatum
699 5154 806 5200 nomen
814 5145 940 5214 Ἰλαρίου.
988 5141 1164 5214 ,ίρυίίίυανία
