3966 6108
856 474 1062 538 EUSEBIUS
1665 473 1728 538 507

184 615 258 682 ἀλλ’
280 613 392 682 ἑαυτόν
414 611 566 696 κενώσας,
588 614 645 680 καὶ
671 613 795 699 μορφὴν
821 611 936 678 δούλου
979 589 1042 680 Dei
1067 616 1162 682 visus
1185 617 1245 694 est,
1268 616 1328 680 sed
1354 619 1462 679 semet
1481 616 1680 695 exinanivit,
1697 633 1728 678 e-

182 719 298 804 λαδίιν,
319 716 462 806 σχήματί
482 739 518 783 τε
541 717 676 803 εὑρεθεὶς
698 717 740 796 ὡς
763 717 935 804 ἄνθρωπος,
979 720 1063 784 tiem
1078 720 1168 782 servi
1183 718 1325 782 formem
1345 720 1520 800 recipiens,
1536 720 1725 801 habituque

178 823 308 902 εἰκότως
330 823 533 888 διδάσκονται
547 821 577 888 οἱ
591 821 701 899 παῖδες
719 820 842 908 λέγειν·
857 822 931 890 Ἐπί
975 823 1135 888 inventus
1152 829 1190 886 ut
1205 823 1315 902 home,
1331 823 1424 887 haud
1443 825 1612 888 immerito
1627 825 1725 905 pueri

177 931 251 1007 τοὺς
266 926 454 1014 οόροινοὺςὴ
471 925 548 1005 δόξα
563 911 670 990 αὐτοῦ.
976 926 1087 990 dicere
1099 927 1279 991 docentur:
1298 929 1403 1008 Super
1417 927 1508 993 celer
1520 928 1629 1011 ploret
1643 929 1726 1008 ejus.

221 1053 254 1098 v.
271 1035 339 1100 5-8.
357 1029 412 1110 Τίς
431 1029 473 1106 ὡς
488 1030 595 1115 κύριος
609 1028 627 1094 ό
642 1027 824 1116 Θεόςὴμόν
840 1077 848 1114 ,
864 1029 882 1094 δ
897 1028 931 1094 ἐν
995 1049 1051 1094 ν.
1068 1032 1149 1096 5-8.
1176 1032 1256 1108 dietis
1277 1037 1328 1098 eet
1349 1033 1438 1100 είυαί
1457 1033 1617 1100 Demeter
1638 1035 1728 1099 Deee

181 1135 316 1222 ὑψηλοῖς
330 1134 400 1200 κτλ.
979 1137 1158 1200 mererere.

228 1239 283 1318 Τίς
297 1239 363 1322 οὖν,
380 1239 486 1323 φησίν,
498 1235 541 1315 ὡς
552 1235 670 1322 Κύριος
684 1235 702 1302 ὁ
717 1235 797 1314 Θεὸς
811 1231 935 1323 ἡμωνδ
1024 1239 1103 1315 Qseir
1117 1240 1238 1320 igitur,
1261 1242 1320 1320 eit,
1343 1241 1430 1306 sicet
1457 1243 1620 1308 Demisere
1641 1245 1731 1308 Deus

179 1342 214 1408 ἐν
230 1341 364 1428 ὑψηλοῖς
387 1342 628 1428 sacertotem
645 1342 687 1408 τὰ
701 1342 835 1410 ταπεινὰ
856 1341 933 1427 ἐφο-
973 1346 1092 1422 meter,
1111 1343 1170 1425 φατ’
1182 1345 1220 1408 tre
1234 1344 1315 1410 eltis
1327 1345 1467 1426 delitet,
1482 1346 1664 1412 ethemilie
1677 1366 1730 1412 re-

179 1454 259 1532 ρῶνς
295 1445 337 1527 ὡς
362 1449 442 1530 πρὸς
475 1445 558 1514 Θεὸν
584 1446 647 1531 γὰρ
673 1444 779 1512 πάντα
800 1447 933 1512 ταπεινὰ
967 1446 1100 1526 ¹spicit?
1128 1449 1172 1510 Ut
1189 1465 1266 1529 quae
1285 1454 1365 1512 ente
1379 1451 1595 1532 Deum-sunt,
1615 1457 1733 1516 create

180 1551 349 1638 scrisperat,
365 1549 529 1636 ποιήματα
545 1549 631 1631 όντα,
644 1549 869 1636 οότόιέπίγης
881 1547 935 1635 μό-
976 1552 1091 1616 omnia
1108 1556 1191 1618 eunt
1213 1552 1368 1634 humilia,
1391 1555 1443 1616 uti
1470 1570 1583 1636 opere,
1600 1571 1668 1618 non
1692 1575 1733 1620 ee

181 1677 248 1739 νον,
263 1655 348 1722 ἀλλὰ
370 1656 428 1721 καί
448 1657 490 1721 τὰ
505 1653 617 1732 ἐντοῖς
633 1653 795 1739 οὐρανοῖς·
817 1652 877 1739 δρᾷ
899 1654 935 1719 δὲ
976 1659 1112 1718 tentum
1131 1671 1208 1736 quae
1222 1656 1260 1720 τ’νι
1273 1659 1372 1735 terre,
1400 1657 1459 1720 sed
1482 1675 1558 1739 quae
1581 1658 1619 1722 ie
1640 1659 1729 1724 eeltr

180 1759 331 1824 ταῦτατόι
342 1759 475 1822 ταπεινὰ
485 1767 711 1843 προνοητικῶς.
721 1756 849 1844 Ἀμέλει
857 1767 935 1846 γοῦν
976 1764 1067 1824 eunt.
1080 1760 1145 1824 Sed
1155 1760 1228 1824 haec
1242 1761 1389 1826 humilis
1403 1763 1515 1826 cernit
1530 1762 1566 1824 in
1577 1779 1641 1825 sue
1652 1779 1728 1843 pro-

181 1864 310 1950 πτωχὸν
326 1862 408 1948 δρῶν
429 1861 482 1926 ἐπί
495 1871 556 1947 γῆς
578 1859 717 1947 ῥιφέντα,
741 1864 796 1928 καὶ
813 1862 866 1927 ἐπὶ
880 1881 934 1926 κο-
977 1863 1146 1930 videntis:
1159 1867 1211 1929 illi
1223 1867 1314 1930 enim
1331 1867 1484 1930 omnium
1500 1883 1583 1929 cure
1595 1871 1662 1930 est:
1678 1883 1728 1930 re·

180 1975 274 2051 πριᾰς
289 1965 422 2050 πένητα,
445 1967 572 2052 ἤγειρεν
586 1967 642 2030 καί
663 1963 855 2052 συνέστησεν
878 1966 933 2031 sir·
976 1970 1117 2050 speeiem
1137 1987 1219 2048 ergo
1245 1970 1389 2034 sollicite
1408 1985 1586 2050 pauperem
1604 1971 1639 2033 in
1663 1976 1728 2034 ter·
1836 1983 1837 1986 ’

182 2073 256 2148 τοὺς
271 2069 334 2136 ἀπό
348 2068 602 2154 περιεστηκότων
616 2070 656 2135 ἐκ
666 2067 775 2147 πενίας
786 2071 842 2136 καὶ
852 2089 934 2136 πτω·
977 2089 1051 2139 rem
1066 2079 1251 2155 repentem,
1269 2080 1303 2137 et
1317 2075 1512 2138 mendicum
1527 2075 1563 2138 in
1575 2079 1724 2156 stercore,

181 2172 258 2261 χίας
272 2181 391 2240 κακῶν.
413 2172 480 2241 Καί
502 2173 540 2238 οὐ
556 2170 650 2259 μέχρι
668 2182 724 2238 του
737 2173 857 2260 ἐγεῖραι
878 2186 934 2249 καὶ
977 2178 1117 2244 ceseidat
1137 2183 1172 2242 et
1186 2179 1293 2258 eu‘git
1316 2193 1373 2242 eos
1396 2195 1440 2242 ex
1462 2180 1672 2260 paupertatis
1694 2183 1729 2242 et

178 2278 368 2364 ἀναστῆναι,
390 2277 475 2342 ἀλλὰ
488 2278 550 2363 γὰρ
565 2274 726 2343 ἐπιτείνων
740 2278 799 2362 την
814 2275 931 2364 ἀγαθό-
979 2280 1102 2363 inopie
1118 2281 1217 2346 melis
1232 2281 1479 2360 ambientibus3
1500 2298 1563 2344 nec
1578 2283 1663 2346 setis
1678 2286 1731 2346 est

177 2403 270 2468 τητα,
292 2379 430 2466 καθήσει
446 2382 559 2459 αὐτοὺς
583 2382 664 2466 μετὰ
679 2379 851 2468 ἀρχόντων,
867 2381 930 2446 ίσο-
974 2385 1139 2450 suscitare
1151 2386 1339 2465 derigere,
1356 2385 1415 2450 sed
1426 2387 1615 2466 producens
1631 2402 1730 2450 suem

176 2485 285 2573 τόμους
297 2486 411 2564 αὐτοὺς
426 2487 532 2564 αὐτοῖς
550 2484 814 2570 παρασκευάζων.
834 2484 932 2554 Δόνα-
977 2488 1237 2569 benignitatem,
1248 2489 1357 2554 cedere
1372 2476 1540 2571 essseeiet
1555 2505 1627 2556 ουπι
1634 2489 1732 2570 μναι-

181 2610 235 2655 ται
256 2591 399 2673 καὶπερὶ
420 2598 478 2655 τοῦ
500 2587 563 2656 ἀπὸ
578 2597 642 2654 τῶν
663 2587 760 2654 ἐθνῶν
781 2587 862 2654 λαοῦ
883 2587 934 2654 λέ-
978 2591 1113 2675 ospitem,
1131 2595 1255 2675 aequeli
1274 2594 1400 2658 honore
1419 2593 1480 2658 hos
1504 2598 1539 2656 et
1556 2595 1632 2658 illos
1656 2611 1731 2658 eve·

180 2693 301 2781 γεσθαι,
317 2694 396 2780 ὑπὲρ
412 2695 449 2758 οὖ
467 2691 657 2778 προφητεία·
670 2693 722 2758 διὰ
732 2701 826 2757 τοῦτο
839 2691 935 2776 ηὐλό-
978 2697 1073 2762 heus.
1096 2698 1209 2763 Etiam
1233 2697 1297 2764 hoo
1315 2697 1383 2761 dici
1405 2701 1516 2779 potest
1539 2697 1579 2762 de
1605 2699 1731 2780 populo

180 2796 280 2885 γησόν
303 2818 340 2863 σε
362 2797 380 2863 ό
402 2796 479 2874 λαός
502 2796 678 2882 όπτωχός·
697 2805 809 2862 τοῦτον
824 2817 930 2883 τοιγα-
978 2802 1147 2882 gentium,
1171 2801 1214 2865 ed
1239 2818 1341 2882 quem
1371 2801 1549 2884 prophetie
1579 2806 1727 2882 spectet:

178 2913 254 2988 ροῦν
268 2906 322 2971 τόν
336 2902 465 2987 πτωχόν
480 2903 536 2966 καί
550 2898 674 2985 πένητα
684 2900 762 2967 λαόν
779 2901 929 2987 [ἤγειρεν]
976 2905 1156 2986 «ideoque
1179 2905 1242 2969 tibi
1269 2905 1444 2970 benedixit
1469 2907 1615 2988 populus
1642 2924 1727 2987 peu·

178 3006 241 3072 ἀπό
256 3015 319 3073 τῶν
334 3003 545 3092 χαμαιζήλων
560 3005 764 3092 πραγμάτων.
788 3007 838 3090 01.
861 3006 929 3072 edd.
974 3026 1068 3090 per.»
1089 3011 1189 3074 Hunc
1204 3009 1296 3072 enim
1312 3011 1476 3090 populum
1491 3027 1675 3091 pauperem
1690 3015 1724 3074 et

176 3115 233 3182 col.
252 3115 338 3179 1362
356 3114 388 3179 C.
974 3130 1155 3191 egenume
1170 3113 1298 3177 vilibus
1314 3114 1416 3180 rebus
1432 3116 1544 3178 erexit
1554 3119 1617 3179 etc.

221 3238 254 3281 v.
271 3219 301 3281 9.
318 3214 356 3281 Ὁ
373 3211 562 3294 κατοικίζων
576 3213 703 3300 στείραν
717 3215 751 3282 ἐν
767 3216 854 3300 clep,
872 3234 931 3302 μη·
1018 3235 1050 3281 ν.
1068 3219 1098 3280 9.
1111 3217 1723 3299 ρυίόυόίίονυίαυόόείυαίίυπιίπιίυυιο,

175 3319 253 3406 τίρα
267 3321 320 3385 ἐπί
334 3317 456 3397 τέκνοις
471 3317 731 3404 εὐφραινομένην.
836 3357 837 3360 =
975 3321 1274 3402 eeeteemfiliorrem
1289 3321 1471 3388 ίοοίαπίοπν.

223 3422 350 3489 Τέκνων
365 3422 481 3508 ποίων;
501 3425 522 3508 ἠ
539 3424 610 3508 περὶ
632 3425 676 3489 ιὐν
690 3420 869 3510 γέγραπται
885 3423 933 3486 ότι
1020 3425 1180 3499 Qualium
1196 3423 1374 3488 filiorum?
1389 3427 1456 3489 nisi
1470 3443 1587 3490 eorum
1601 3427 1642 3490 de
1655 3429 1729 3509 qui·

177 3525 287 3612 στείρα
310 3527 418 3592 ἔτεκεν
432 3529 514 3593 ἐπτὰ
528 3523 635 3608 τέκνα,
653 3527 723 3611 ἣτις
738 3525 823 3592 ἐστιν
837 3523 860 3609 ἡ
875 3545 932 3590 πο·
977 3529 1041 3593 bus
1064 3529 1228 3608 scriptum
1247 3533 1317 3590 est:
1333 3530 1495 3592 «sterilis
1510 3530 1643 3610 peperit
1655 3547 1731 3610 sep-

176 3630 327 3707 λότεκνος
342 3629 509 3717 ἐκκλησία.
974 3633 1046 3712 tem
1062 3629 1151 3693 filios
1164 3651 1193 3709 υ,
1218 3647 1294 3712 quae
1311 3633 1363 3692 est
1376 3630 1530 3698 Ecclesia
1542 3631 1728 3694 mulierum

976 3735 1127 3799 filiorum
1142 3734 1247 3798 ferax.

212 3931 239 3972 v.
257 3911 313 3968 52
332 3909 407 3968 Ibid.
425 3911 473 3967 Ab
491 3911 556 3969 edd
575 3909 688 3967 recedit
704 3906 932 3965 commentemus
978 3885 1325 3963 donecinedd.recidet.
1339 3905 1572 3978 cf.1s.xxxr‚il

177 4004 287 4070 noster,
305 3998 481 4070 summatim,
494 4004 528 4055 ut
540 4013 627 4072 seepe,
638 3996 783 4071 psalmum
790 3993 932 4063 referens,
1012 4009 1040 4050 v.
1050 3993 1079 4074 Ι9.
1093 3991 1189 4048 Vstic.
1202 3993 1229 4048 4.
1242 3991 1323 4048 Fert.
1336 3991 1357 4048 J
1358 4009 1445 4047 erem.
1458 4009 1508 4064 xv,
1521 3995 1537 4049 1
1551 3991 1708 4048 laudetur?

775 4173 949 4251 essemus
976 4141 1131 4249 exere.

221 4410 253 4453 v.
269 4392 300 4456 2.
316 4387 449 4475 Ἰσραὴλ
465 4384 591 4468 ἐξουσία
607 4388 714 4454 αίιτοῠ.
1018 4406 1050 4452 v.
1066 4389 1099 4452 2.
1116 4389 1235 4469 Israel,
1247 4391 1393 4470 potestas
1408 4387 1489 4467 ejus.

222 4494 286 4562 Τόν
301 4494 336 4560 δέ
351 4493 611 4580 ἐξουσιαζόμενον
625 4489 770 4578 Ἰσραὴλ,
786 4487 929 4570 ἐξουσίαν
1018 4494 1124 4568 Quem
1151 4492 1342 4575 possidebat
1358 4492 1473 4572 lsrael,
1489 4482 1568 4554 euni
1591 4492 1725 4554 vocavit

178 4598 333 4686 ὠνόμασε,
350 4601 483 4686 καὶγὰρ
500 4596 645 4685 βασιλεία
663 4594 861 4684 λέγεταικαὶ
875 4594 931 4660 et
974 4597 1202 4678 possesionem
1213 4613 1326 4682 suem:
1343 4595 1469 4658 etenim
1483 4611 1630 4673 regnum
1646 4595 1728 4660 dici-

36 4781 40 4796 .
175 4703 211 4767 τό
228 4702 263 4766 τό
287 4701 419 4789 ἀξίωμα,
440 4704 495 4768 καί
515 4701 543 4767 οἱ
560 4699 807 4788 βασιλευόμενοι,
830 4701 885 4764 καί
906 4698 928 4784 ἡ
975 4707 1032 4765 tur
1047 4707 1081 4765 et
1091 4703 1192 4780 regie
1202 4702 1365 4780 dignitas,
1380 4703 1414 4762 et
1425 4700 1485 4780 qui
1496 4705 1677 4778 reguntur,
1693 4703 1728 4762 et

175 4804 270 4893 χώρα
285 4807 320 4874 ἐν
334 4809 355 4892 ᾔ
371 4805 531 4893 διάγουσιν
547 4804 576 4870 οἱ
592 4801 837 4892 βασιλευόμενοι.
974 4807 1069 4870 locus
1085 4807 1121 4869 in
1138 4823 1205 4888 quo
1222 4805 1297 4885 regi
1312 4803 1456 4884 subJ‘ecti
1473 4803 1614 4882 degunt.

220 4933 252 4979 ν.
271 4913 337 4977 3-7.
355 4905 397 4976 ‘H
418 4908 572 4975 θάλασσα
594 4907 675 4976 εἶδεν
694 4908 750 4971 καὶ
771 4906 897 4992 ἔφυγεν,
912 4903 952 4993 ό,
1017 4929 1050 4973 v.
1067 4911 1133 4974 3-7.
1161 4913 1255 4974 More
1280 4907 1365 4973 sidit
1388 4912 1420 4973 et
1435 4905 1547 4992 sepi&
1570 4906 1728 4975 Jordseir

209 5119 259 5175 Pe.
274 5135 359 5177 exus.
371 5135 399 5176 v.
412 5119 438 5174 2.
451 5116 548 5174 vetio.
559 5117 586 5172 4.
973 5128 1032 5186 quo
1043 5111 1161 5169 nomine
1173 5110 1331 5184 eliquendc
1342 5107 1511 5184 baptisterii
1520 5111 1633 5169 conche
1642 5130 1728 5171 vocs-

211 5222 238 5262 v.
248 5203 304 5260 et.
318 5203 413 5263 vetio.
432 5202 458 5274 5,
469 5204 512 5260 16.
526 5202 645 5260 Denter.
664 5215 705 5272 iv,
718 5201 760 5258 15.
772 5199 794 5258 J
795 5198 928 5272 ordenes,
975 5199 1073 5270 betur,
1095 5197 1288 5274 interpretem
1305 5197 1431 5256 adduxit
1446 5196 1485 5255 ed
1502 5199 1728 5258 catechumenos
