4044 6104
876 481 1085 548 EUSEBIUS
1674 491 1738 553 409

209 618 293 702 δοον,
307 621 344 684 τὸ
361 620 403 705 μὴ
428 616 629 703 παραύαίνειν
651 617 746 704 ὅρκου
759 617 880 686 πίστιν·
902 623 949 686 έν·
994 626 1146 705 septimo,
1165 641 1231 687 non
1254 641 1414 705 personas
1438 629 1657 709 contemplari
1680 647 1742 692 nec

209 743 312 805 νατον,
328 725 364 788 τὸ
379 723 423 809 μη
439 722 629 802 ἐκτοπίζων·
644 722 787 808 δέκατον,
803 726 820 789 δ
835 727 891 790 καί
901 723 951 790 τί·
994 729 1173 810 despicere,
1185 731 1257 794 sive
1268 730 1372 809 dives,
1384 732 1456 794 sive
1472 749 1600 812 pauper
1611 733 1667 812 sit,
1679 751 1741 798 nec

206 825 261 904 λος
276 825 343 892 ἐστὶ
364 829 481 904 παντὸς
495 826 626 915 ἀγαθοῦ,
649 827 888 914 ἀδωροδόκητον
909 828 950 895 εί·
993 832 1195 916 glorificare,
1209 835 1352 898 etiamsi
1367 853 1495 916 pauper
1509 835 1617 900 bonus
1632 839 1692 917 sit3
1709 854 1742 900 o·

207 951 267 995 ναι.
284 929 410 997 Τούτων
425 930 570 1016 ἐκμαθὼν
584 933 643 1018 τὴν
656 931 859 1016 κατόρθωσιν,
872 932 950 1000 ἀσέ-
993 941 1100 1018 ctare,
1116 954 1183 1000 non
1206 939 1333 1001 violare
1348 935 1535 1016 juramenti
1550 939 1665 1020 fidem3
1682 958 1742 1004 no-

206 1031 316 1102 λευτον
332 1033 470 1114 ἕξειτῶν
486 1034 612 1120 ἀγαθῶν
626 1037 685 1122 την
699 1037 795 1103 δύσιν.
993 1055 1047 1118 no,
1066 1056 1134 1102 non
1150 1039 1324 1119 foenerari3
1344 1040 1484 1122 decimo,
1501 1042 1535 1105 id
1551 1043 1640 1124 quod
1655 1062 1741 1126 apex

993 1147 1046 1207 ost
1070 1145 1175 1208 totius
1192 1145 1283 1224 boni,
1294 1146 1494 1210 muneribus
1510 1165 1577 1211 non
1592 1165 1740 1213 corrum-
1812 1203 1817 1220 ,

993 1248 1040 1328 pi.
1057 1247 1266 1328 Quicumque
1281 1249 1376 1311 novit
1397 1248 1484 1311 banc
1500 1251 1742 1330 integritatem,

995 1351 1203 1418 immobilem
1219 1352 1356 1417 habebit
1372 1353 1535 1417 bonorum
1550 1355 1741 1418 retributio-

996 1471 1085 1518 nem.

839 1681 1009 1762 Ρεοίοιασ
1033 1683 1122 1761 XV.

247 1915 280 1960 ν.
295 1899 325 1960 5.
342 1891 457 1980 Κύριος
480 1893 565 1980 μερίς
578 1901 636 1978 της
658 1889 876 1978 κληρονομίας,
886 1913 944 1979 μου
1032 1912 1064 1956 ν.
1081 1896 1100 1957 ύ
1127 1897 1285 1963 Dominus
1294 1915 1378 1978 porr
1403 1899 1601 1965 baereditatis
1614 1918 1688 1966 nuc
1710 1907 1741 1967 et

203 1999 258 2063 καί
272 2007 329 2063 τοῦ
343 1995 493 2082 ποτηρίου
510 2017 579 2084 μου.
594 1994 641 2061 Σὺ
657 1996 686 2060 εί
698 1993 715 2060 δ
727 1993 945 2062 ἀποκαθιστῶν
989 1997 1103 2063 calicis
1116 2000 1189 2064 mei.
1207 2003 1258 2064 Pu
1273 2019 1308 2066 cs
1324 2002 1548 2082 putrescimus
1574 2003 1740 2070 haredita-

203 2104 262 2187 τὴν
276 2100 487 2188 κληρονομίαν
503 2123 562 2188 μου
577 2099 656 2188 ἐμοί.
680 2103 779 2169 Vatic.
796 2104 871 2166 631.
889 2104 918 2182 1,
991 2105 1054 2165 tem
1067 2119 1170 2166 nocam
1183 2103 1276 2167 milti.

247 2205 463 2292 Ἀνθρωπίνως
478 2204 613 2272 ἐνταῦθα
626 2203 722 2291 λέγει,
733 2203 947 2290 κληρονομίαν
1034 2207 1098 2268 Hic
1112 2221 1204 2270 more
1231 2208 1380 2271 humano
1401 2210 1557 2275 Christus
1579 2213 1740 2302 loquitur,

202 2311 260 2396 μέν
273 2309 380 2376 καλῶν
393 2311 452 2395 τὴν
473 2318 534 2375 τῶν
548 2308 644 2375 ἒθνῶν
665 2306 835 2396 βασιλείαν,
850 2306 947 2393 ποτή-
991 2307 1222 2374 hereditatem
1252 2329 1377 2376 vocans
1399 2314 1558 2391 gentium
1582 2332 1739 2396 regnum,

203 2434 268 2500 ριον
284 2415 319 2480 δὲ
341 2415 377 2481 δν
393 2414 444 2480 tui
462 2413 552 2500 ἡμῶν
574 2413 716 2501 ἐπέμεινε
737 2413 889 2480 θάνατον.
905 2451 947 2470 -
991 2413 1131 2476 calicem
1161 2430 1242 2477 τετυ
1253 2420 1395 2478 mortem
1423 2433 1527 2496 quam
1554 2435 1614 2499 pro
1643 2420 1740 2484 nobis

2 2557 3 2562 κ
112 2573 117 2578 ι.
202 2516 273 2588 Oba
286 2519 372 2585 είπεν
383 2517 495 2600 διδούς,
511 2516 584 2583 ἀλλ’
595 2515 823 2600 ἀποκαθιστῶν,
838 2515 947 2603 ἐπειδὴ
993 2517 1167 2580 sustinuit.
1183 2519 1256 2582 Non
1272 2518 1374 2584 dixit:
1390 2522 1455 2595 Qui
1477 2522 1582 2601 dabis,
1598 2523 1657 2586 sed
1683 2525 1741 2605 qui

201 2627 334 2709 πρὸτῆς
348 2619 560 2707 παραύύσεως
575 2619 593 2686 δ
607 2619 768 2705 ἄνθρωπος
786 2621 840 2685 καὶ
861 2619 948 2707 ζωὴν
990 2619 1154 2699 restitues,
1165 2622 1326 2702 quoniam
1338 2622 1449 2703 homo,
1460 2629 1539 2688 ante
1549 2629 1741 2706 transgres-

205 2727 292 2813 είχεν
306 2728 362 2790 καί
375 2723 537 2806 ἐξουσίαν·
553 2727 633 2812 μετὰ
646 2725 682 2791 δὲ
695 2725 754 2811 τὴν
767 2723 945 2810 παράδοσιν
991 2722 1121 2786 sionem
1136 2725 1208 2787 vita
1222 2725 1416 2806 potiebatur
1439 2732 1473 2789 et
1491 2733 1655 2810 potestate
1672 2752 1680 2811 ;
1704 2735 1740 2795 at

202 2829 387 2917 ἀμφοτέρων
416 2828 572 2912 ἐξέπεσεν,
601 2832 658 2895 καί
681 2838 739 2915 της
761 2829 943 2909 δεσποτείας
987 2831 1063 2907 post
1073 2827 1217 2909 lapsum,
1234 2830 1276 2893 ab
1291 2836 1436 2912 utraque
1454 2833 1585 2913 cecidit,
1597 2838 1631 2897 et
1644 2839 1737 2915 pote-

198 2936 255 3000 καὶ
284 2935 342 3021 της
371 2934 466 3020 ζωης.
498 2931 716 3020 Ἀνθρωτιίνως
741 2931 760 2997 δ
788 2931 943 3017 δεσπότης
986 2935 1072 2994 state
1087 2937 1122 2996 et
1143 2934 1223 2996 vita.
1243 2935 1407 2998 Dominus
1438 2940 1562 3018 autem,
1589 2938 1737 3004 humane

198 3048 332 3104 ποιεῖται
354 3039 412 3123 την
427 3037 560 3123 αἴτησιν,
575 3036 669 3116 ἀξιῶν
691 3035 862 3102 ἀπολαδείν
884 3039 944 3124 την
987 3040 1153 3117 precatus,
1168 3040 1317 3118 postulat
1339 3043 1379 3102 ut
1396 3040 1574 3120 pristinam
1597 3044 1739 3124 recipiat

198 3141 354 3228 προτέραν
369 3140 455 3227 ζωήν
466 3163 501 3206 τε
515 3142 571 3205 καί
586 3137 779 3206 δεσποτείαν.
987 3145 1022 3203 et
1036 3141 1141 3204 vitam
1157 3147 1192 3205 et
1205 3147 1414 3223 potestatem.

242 3268 274 3312 v.
293 3250 322 3314 7.
337 3242 512 3330 Εὐλογήσω
534 3246 588 3309 τὸν
610 3242 737 3327 Κύριον,
752 3242 808 3307 τὸν
830 3241 946 3307 συνετί-
1032 3261 1064 3307 ν.
1081 3245 1112 3308 7.
1138 3245 1329 3311 Benedictus
1353 3247 1598 3330 Dominamque·
1622 3249 1739 3316 tribuit

199 3350 299 3417 σαντέ
315 3370 362 3435 με·
379 3351 425 3414 ἔτι
439 3348 475 3413 δέ
489 3349 544 3414 καί
559 3349 617 3426 έως
635 3348 744 3424 νυκτὸς
757 3344 945 3414 ἐπαίδευσαν
988 3343 1072 3409 milri
1101 3347 1318 3413 intellectum:
1347 3349 1482 3429 insopor
1514 3356 1545 3416 et
1571 3369 1672 3434 τωρωι
1696 3355 1740 3419 ad

202 3475 241 3539 με
257 3454 286 3520 οἱ
300 3452 408 3539 νεφροί
422 3472 507 3539 μου·
987 3450 1604 3530 αοοίοοιίπονηνιοιυαίοιετιοοεωεί.

242 3556 381 3645 Εύλορεῖ
398 3559 452 3622 τὸν
474 3553 600 3639 Κύρων,
629 3551 803 3638 φαντασίας
832 3553 945 3638 δείαης
1031 3553 1122 3615 Bene
1138 3554 1280 3616 Domino
1295 3553 1389 3634 dicit,
1404 3574 1426 3619 a
1448 3573 1515 3636 qno
1538 3559 1642 3622 menti
1665 3578 1736 3624 suae

198 3659 407 3747 λγγενομένης
432 3667 476 3746 τῷ
501 3667 561 3746 νῷ·
600 3657 664 3722 ἀπὸ
688 3657 857 3742 προσώπου
883 3659 945 3743 γέιρ
988 3654 1095 3720 subiit
1109 3655 1225 3719 divina
1248 3659 1349 3721 visio:
1372 3676 1393 3721 a
1419 3661 1518 3724 vultu
1538 3663 1628 3725 enim
1655 3665 1737 3727 emi·

198 3775 310 3850 γνῶσις
331 3767 385 3830 καί
400 3763 531 3841 σύνεσις.
554 3761 632 3844 Περί
646 3769 766 3848 νεφρῶν
788 3762 824 3828 δέ
838 3760 942 3847 λέγει·
988 3763 1068 3824 cant
1085 3761 1228 3824 scientia
1242 3765 1277 3822 et
1301 3762 1503 3826 intellectus.
1527 3764 1576 3828 De
1599 3765 1737 3829 renibus

199 3871 285 3936 ούτοι
304 3871 367 3954 γὰρ
388 3866 601 3945 τελειωθέντες
630 3867 682 3933 δεδι
707 3864 846 3951 νοήσεως
872 3888 943 3932 παι-
987 3865 1159 3928 meminit:
1184 3881 1281 3928 renes
1296 3867 1386 3928 enim
1399 3867 1574 3931 intellectu
1588 3868 1734 3949 perfecte

199 3973 322 4040 δεύουσι
328 3977 382 4039 τδν
390 3973 570 4059 ἐφιστάντα,
581 3981 647 4057 φῶς
657 3969 850 4057 παρέχοντες
861 3971 944 4059 γνιύ-
967 3999 971 4008 ·
987 3971 1164 4051 compositi
1178 3969 1341 4033 erudiunt
1352 3987 1429 4034 eum
1442 3989 1544 4052 quem
1555 3976 1735 4053 sustinent,

198 4098 288 4161 σεως,
303 4075 395 4164 μέχρι
409 4075 539 4164 λυθηναι
553 4076 575 4162 ἡ
590 4075 654 4154 νύξ.
987 4075 1104 4138 lumen
1116 4075 1168 4137 illi
1178 4075 1329 4138 scientia
1341 4075 1538 4159 praebentes,
1551 4077 1656 4142 donec
1667 4097 1735 4143 nox

986 4179 1178 4261 dissipetur.

241 4281 549 4370 ν.11.Ἐγνύρισές
573 4303 624 4368 μοι
639 4282 729 4361 δδοὺς
752 4282 845 4368 ζωης,
860 4283 943 4370 πλη-
1028 4301 1060 4346 v.
1091 4282 1141 4347 ll.
1169 4285 1273 4351 Νοίασ
1302 4285 1385 4350 milri
1400 4283 1521 4366 fecisti
1547 4287 1621 4352 oica
1649 4290 1732 4368 cita,

200 4387 309 4472 ρύσεις
332 4409 371 4474 με
393 4387 586 4473 εύρροσύνης
609 4389 688 4473 μετὰ
702 4397 758 4452 τοῦ
773 4385 941 4472 προσύπου
985 4386 1174 4468 adimplebit
1187 4405 1237 4452 mc
1263 4387 1378 4452 teritio
1392 4403 1463 4453 cont
1484 4387 1578 4452 οαίία
1592 4392 1659 4468 ίαο,·
1680 4389 1734 4453 de-

197 4512 265 4574 σου,
279 4491 486 4576 τερπνύιητες
501 4492 535 4557 έν
549 4499 589 4576 τῇ
604 4489 689 4576 δεξιᾷ
701 4512 757 4555 σου
772 4491 816 4567 είς
830 4489 931 4568 τέλος.
986 4489 1170 4557 tentationes
1184 4491 1221 4555 ic
1234 4490 1361 4556 deutoro
1373 4496 1431 4556 tac
1445 4509 1545 4574 orpora
1555 4494 1592 4557 ίπ
1603 4493 1709 4565 finem.

241 4596 295 4682 Τῷ
316 4597 351 4661 δέ
365 4595 481 4674 ταύτας
503 4595 665 4661 ὁδεύσαντι
683 4596 739 4671 τὰς
762 4594 853 4671 δδσύς
867 4593 943 4659 ἀκο-
1031 4595 1085 4657 Illi
1104 4595 1165 4676 qui
1179 4595 1367 4658 ambulavit
1389 4595 1450 4659 has
1465 4597 1548 4676 vias,
1571 4597 1733 4677 competit

197 4698 303 4766 λουθεῐ
323 4702 359 4765 τὸ
379 4696 472 4765 ύείαν
495 4697 603 4784 τέρψιν
625 4699 719 4784 ἔχειν,
742 4697 777 4761 έν
796 4705 836 4782 τῇ
858 4696 943 4783 δεξιᾷ
986 4696 1731 4779 divinampercipereduloedinemindextera

197 4815 252 4871 τοῦ
260 4803 343 4872 Θεοῦ
354 4806 451 4890 σύσην
458 4801 570 4888 σοφίαν
581 4806 637 4868 καί
647 4801 807 4888 ἀλήθειαν,
816 4802 884 4887 ἥτις
892 4801 942 4868 έσ-
986 4805 1057 4884 Dei,
1074 4803 1132 4867 ubi
1147 4803 1241 4866 sedet
1255 4805 1421 4884 sapientia
1440 4810 1473 4868 et
1498 4807 1636 4888 veritas,
1654 4825 1730 4888 quae

231 5027 281 5083 Pr.
294 5044 344 5097 xv,
355 5025 419 5083 αδ
433 5023 528 5082 Vatic.
541 5025 566 5081 6.
579 5021 637 5080 Hic
649 5027 681 5081 et
691 5023 771 5082 infra
786 5024 945 5085 deficienti·
989 5021 1072 5080 edire
1084 5021 1179 5078 lucem
1191 5018 1310 5076 audent.

196 5113 252 5170 bns
275 5113 356 5169 foliis
376 5117 437 5170 vat.
462 5112 504 5182 13,
528 5115 632 5169 munes
656 5115 772 5168 tantum
792 5111 945 5170 stricturas
1023 5126 1052 5167 v.
1062 5107 1088 5164 7.
1099 5107 1194 5166 Vatic.
1207 5107 1233 5162 6.

196 5199 582 5274 είίαιιύεοοιτεείιοιιε,ηυω
600 5197 942 5276 quidemvixpublicam
1024 5213 1053 5258 ν.
1066 5193 1110 5254 11.
1119 5194 1214 5274 Vatia.
1227 5193 1269 5250 16.
