3966 6108
642 459 683 524 ΙΝ
707 459 887 524 osualdi
909 459 1180 525 CANTIOORUM
1621 454 1684 518 535

141 592 239 661 ἐθνῶν
259 593 434 682 γενομένην
459 597 494 663 ἓν
522 596 715 686 ἀκροὸυστέρι
743 596 888 682 πίστεως,
933 601 1020 664 tium
1035 616 1113 663 cum
1126 597 1327 662 fidefactam
1343 597 1379 660 in
1395 596 1570 678 preputio,
1583 596 1686 659 mira-

140 697 354 785 θαυμάζουσα
369 699 473 788 λέγει·
932 703 1048 768 bunda
1064 703 1229 784 erumpit:
1638 707 1639 710 ’

187 808 201 841 ‘⁴
219 804 258 870 Ti
272 804 397 890 ὄψεσθε,
412 803 508 890 λέγει,
523 805 558 872 ἐν
580 814 619 890 τῇ
638 801 848 891 Σουναμέτιδι,
865 803 887 890 ἡ
979 807 1092 883 «Quid
1104 807 1236 888 ridetis,
1249 807 1307 888 ait,
1322 806 1358 870 in
1370 804 1590 885 Sunamitide,
1606 822 1682 887 quae

142 910 157 943 ‘⁴
173 895 332 994 ἐρχομένη
348 908 390 986 ὡς
404 911 495 996 χοροὶ
509 907 716 996 παρεμὸολῶν
726 904 772 995 ²⁰)
787 933 822 995 ,3
934 933 952 972 ιι
967 911 1121 993 procedit
1135 916 1175 975 ut
1189 911 1283 974 chori
1298 911 1539 976 castrorumia

184 1009 231 1078 Οὐ
253 1014 315 1097 γὰρ
337 1012 372 1093 ἐξ
394 1013 472 1097 ἐνδς,
488 1013 572 1078 ἀλλ’
582 1015 621 1078 ἐκ
642 1016 758 1092 παντὸς
781 1013 887 1093 ἔθνους
975 1014 1074 1078 Haud
1092 1015 1184 1078 enim
1198 1033 1241 1079 ex
1263 1030 1342 1095 unc,
1360 1013 1420 1078 sed
1442 1012 1599 1076 exomni
1622 1027 1679 1093 po·

137 1116 287 1202 ηρχοντο,
304 1115 817 1204 ᾰρέντεςτδιςἰδέαςπαρεμθολδις,
833 1122 888 1185 οιαὶ
931 1119 1012 1199 pulo
1034 1119 1226 1199 veniebant,
1252 1119 1389 1200 propria
1409 1115 1602 1196 rejicientes
1628 1132 1683 1178 ca·

139 1218 362 1304 συντρέψαντες
381 1221 438 1298 τὰς
460 1221 629 1307 μαχαίρας,
645 1223 700 1286 καὶ
717 1221 827 1288 λοιπδν
846 1224 888 1289 εἰ·
931 1226 1011 1302 stra,
1028 1227 1061 1286 et
1076 1221 1328 1302 confringentes
1343 1219 1486 1300 gladios,
1499 1217 1612 1299 etjam
1624 1235 1680 1300 pa-

140 1324 255 1408 ρηνιιιδι
270 1332 465 1408 φρονοῦντες.
930 1325 1026 1389 cilice
1041 1327 1236 1390 sentientes.

183 1425 224 1494 ‘H
238 1428 273 1507 ἐξ
294 1428 391 1494 ἐθνῶν
405 1429 510 1514 δρῶσα
532 1430 592 1517 τὴν
613 1429 825 1517 Ἰερουσαλὴμ
844 1427 887 1507 ὡς
974 1432 1102 1511 Sponsa
1124 1432 1291 1510 gentium,
1313 1428 1432 1493 videns
1451 1445 1488 1492 se
1511 1428 1609 1509 quasi
1624 1427 1680 1492 de-

136 1532 438 1619 παραμεμρομένην,
458 1532 664 1620 ἀπολογεῖται
684 1538 755 1621 περὶ
771 1535 886 1622 ἐαοτης
929 1537 1079 1614 spectem
1094 1534 1137 1597 ab
1160 1536 1383 1613 Hierusalem,
1399 1534 1487 1596 hanc
1509 1530 1551 1595 de
1572 1550 1609 1596 se
1625 1532 1681 1595 de·

137 1637 187 1702 δτι
203 1639 246 1724 μὴ
264 1635 347 1723 ἀργή
362 1637 445 1703 ἐστιν
461 1638 560 1724 αὐτῆς
575 1637 596 1724 ἡ
613 1637 737 1726 ιιλησις.
930 1633 1117 1699 sensionem
1129 1637 1288 1718 instituit,
1297 1637 1524 1702 frustraneum
1532 1653 1600 1700 nou
1608 1654 1683 1700 esse

930 1741 1142 1804 vocationem
1156 1759 1264 1805 suam.

152 1881 154 1890 ι
183 1848 199 1881 “
214 1842 358 1910 Μέλαινα
372 1845 436 1930 εἰμι
455 1847 511 1911 καὶ
526 1845 622 1932 καλὴ,
645 1843 813 1932 θυγατέρες
827 1843 886 1912 Ἱε-
977 1865 994 1904 ιι
1017 1845 1125 1924 Nigra
1145 1863 1232 1924 sum,
1249 1844 1308 1908 sed
1330 1845 1482 1926 pulchra,
1497 1843 1578 1908 flliae
1600 1846 1681 1908 Hie-

138 1953 156 1986 θ
170 1948 346 2034 ρουσαλὴμ,
362 1948 404 2028 ὡς
419 1949 616 2035 σκηνώματα
626 1951 751 2037 Κηδαρ,
763 1951 806 2030 ὡς
817 1951 885 2038 δέρ-
932 1968 950 2007 ι
973 1949 1576 2029 rusalem‚sicuttabernaculacedar,
1589 1951 1680 2014 sicut

136 2055 152 2088 θ
169 2051 427 2139 ρειςιΣαλιομὼν,
449 2052 504 2140 Μὴ
528 2052 667 2140 βλέψηιί
690 2076 728 2142 με
751 2058 798 2122 ὅτι
819 2056 884 2143 εγὼ
932 2072 950 2112 ι
972 2052 1077 2132 pelles
1088 2053 1286 2116 Salomonis.
1301 2052 1412 2116 Nolite
1423 2069 1478 2116 me
1489 2051 1679 2116 considera-

136 2161 152 2194 θ
169 2158 232 2242 εἰμι
247 2155 503 2243 μεμελανωμέγη,
517 2158 563 2225 ὅτι
577 2157 758 2245 mmcd}
769 2181 807 2247 με
819 2163 837 2226 t
848 2162 885 2247 ᾗ.
932 2177 949 2216 ιι
965 2173 1012 2237 re,
1028 2158 1189 2238 quoniam
1203 2156 1334 2220 fuscata
1352 2174 1439 2237 sum,
1456 2157 1537 2237 quia
1551 2158 1603 2221 801
1622 2174 1678 2221 me

136 2265 153 2309 “-
171 2259 246 2339 λιος.
262 2259 328 2325 Υἱοὶ
341 2259 458 2347 μητρός
471 2283 530 2348 μου
545 2261 744 2348 ἐμαχέσαντο
754 2264 789 2329 ἐν
800 2261 882 2352 ἐμοί·
932 2281 949 2320 ιι
965 2262 1107 2342 aspexit.
1118 2261 1197 2324 Filii
1209 2261 1328 2324 matris
1340 2277 1423 2324 meae
1435 2266 1679 2342 pugnaverunt

114 2421 116 2426 .
134 2369 155 2419 “t
168 2363 275 2431 ἐθεντθ
287 2385 326 2451 με
336 2363 537 2450 ρυλακέσσαν
550 2365 584 2432 ἐν
600 2366 771 2452 ἀμιῐλῶσι,
784 2367 885 2455 ἀμπε-
931 2386 950 2425 ιι
965 2365 1127 2429 adversus
1143 2382 1208 2428 me.
1225 2367 1414 2429 Posuerunt
1432 2381 1486 2428 me
1505 2365 1679 2430 custodem

134 2473 149 2508 ‘⁴
166 2468 254 2544 λῶνα
269 2469 343 2555 ἐμὸν
359 2468 418 2533 οὐκ
433 2468 575 2554 ἐφύλαξα
585 2465 639 2555 ²¹).
656 2519 672 2553 „
931 2489 949 2529 ιι
966 2467 1272 2549 invineis,vineam
1279 2486 1390 2532 meam
1401 2470 1677 2534 noncustodivi.»

177 2573 218 2639 Εἰ
231 2574 303 2659 γὰρ,
320 2575 407 2659 ρησῑ,
425 2571 558 2659 μέλαινά
581 2574 653 2660 εἰμι,
669 2573 742 2638 ἀλλ’
753 2574 813 2639 ὑπὸ
827 2576 882 2642 τὸν
942 2615 946 2622 -
973 2573 1008 2636 Si
1023 2574 1124 2654 enirn,
1140 2573 1199 2653 ait,
1210 2573 1313 2652 nigra
1327 2591 1415 2654 sum,
1426 2573 1491 2638 sub
1503 2574 1615 2655 ipsum
1627 2590 1679 2637 so·

133 2677 233 2744 αθτδν
258 2677 348 2763 ἥλιον
375 2677 455 2762 εἰμὶ·
477 2678 531 2742 κοιλ
554 2680 581 2744 εἰ
604 2675 796 2762 ἀκρόθυστος
811 2679 882 2763 εἰμὶ,
927 2677 994 2740 λεια
1018 2675 1108 2739 facta
1129 2694 1223 2756 sum;
1247 2677 1335 2740 etin
1356 2675 1521 2758 preputio
1540 2675 1571 2739 si
1593 2681 1675 2739 nata

132 2779 208 2846 ἀλλ’
220 2779 427 2866 ἀπεταξάμην
448 2779 605 2859 εἰδώλοις·
626 2783 681 2847 καὶ
699 2781 830 2868 ἐξῆλθον
845 2783 884 2848 ἐκ
927 2796 1014 2858 sum,
1029 2777 1088 2842 sed
1104 2779 1202 2844 idolis
1213 2778 1462 2860 abrenuntiavi,
1478 2782 1514 2841 et
1529 2778 1620 2842 exivi
1632 2778 1675 2843 de

128 2893 187 2950 τοῦ
203 2885 292 2950 οἶκον
307 2893 363 2970 ιης
380 2882 496 2970 μητρός
513 2905 582 2970 μου,
606 2885 711 2972 ὥσπερ
726 2887 780 2951 καὶ
795 2885 812 2950 ὁ
827 2884 883 2952 ‘A-
927 2880 1033 2946 domo·
1052 2883 1170 2946 matris
1196 2901 1289 2963 mea,
1316 2883 1406 2947 sicut
1431 2889 1465 2946 et
1490 2883 1672 2964 Abraham,

130 2987 247 3074 θραδιμ,
264 2986 393 3073 ἐκείνης
401 2988 464 3074 γάρ
479 2989 542 3075 εἰμι
556 2995 613 3073 ιης
628 2988 771 3067 πίστεως.
928 2985 1079 3066 ejusdem
1094 2988 1185 3050 enim
1200 3004 1278 3050 sum
1292 2987 1380 3050 fidei.

152 3113 156 3142 ι’
173 3091 242 3160 Καὶ
258 3095 311 3159 διὰ
324 3104 417 3159 τοῦτο
433 3091 520 3177 ἀξιῶ,
538 3097 553 3130 ‘⁴
569 3093 757 3180 εἰσαγθγετε
769 3095 813 3174 εἰς
826 3098 903 3180 τὸν,
970 3091 1014 3154 Et
1036 3091 1111 3155 ideo
1133 3108 1260 3173 precor,
1290 3092 1522 3156 «introducite
1552 3108 1606 3154 me
1640 3092 1677 3156 in

132 3198 252 3264 θοέιιον
265 3207 323 3263 τοῦ
338 3198 440 3262 οἴνου·
462 3196 578 3276 τάξατε
597 3195 647 3262 ἐπ’
657 3197 715 3283 ἐμὲ
730 3197 878 3285 ἀγάπην·
929 3216 947 3256 ιι
970 3198 1091 3260 cellam
1121 3198 1203 3277 vini,
1234 3198 1385 3262 ordinem
1418 3198 1504 3261 mihi
1533 3201 1675 3262 statuite

117 3305 146 3384 ,“
162 3298 333 3386 στηρίσατέ
349 3322 388 3388 με
402 3298 436 3366 ἐν
452 3299 568 3386 μύροις,
585 3297 773 3366 στοιθάσατέ
789 3323 828 3387 με
842 3303 877 3372 ἐν
929 3321 946 3360 ιι
970 3299 1156 3380 charitatis,
1172 3301 1296 3382 stipate
1311 3319 1365 3364 me
1380 3303 1489 3382 malis,
1506 3302 1588 3381 quia
1600 3302 1674 3365 vul-

126 3409 146 3442 ’θ
157 3403 286 3492 μήλοις,
301 3404 349 3468 δτι
363 3401 541 3489 τετριμμένη
557 3403 685 3488 ἀγάπης
700 3403 763 3491 ἐγώ
770 3399 854 3492 ²²).‚,
929 3424 946 3463 ιι
970 3408 1088 3467 nerata
1102 3421 1216 3468 amore
1231 3422 1296 3483 ego
1316 3423 1403 3469 sum.
1420 3425 1438 3465 »

152 3506 230 3594 vMt
259 3517 299 3593 τῇ
329 3505 521 3593 ἀκροθυστέρ
545 3505 736 3594 προσέχετε,
760 3507 831 3574 ἀλλ’
846 3510 880 3577 ἐν
964 3507 1074 3572 Nolite
1083 3509 1249 3591 praeputio
1257 3509 1441 3587 attendere;
1453 3507 1555 3572 sedin
1567 3507 1676 3571 chari·

128 3611 239 3697 ἀγάπῃ
255 3611 437 3697 προσλαθοῠ
452 3632 501 3699 με,
518 3609 629 3696 ιθνθμε
641 3613 695 3676 καὶ
706 3621 877 3698 προφῆται.
926 3615 995 3676 tate
1006 3617 1046 3675 tu
1057 3615 1168 3694 recipe
1183 3630 1248 3692 me,
1261 3629 1280 3675 ο
1292 3613 1358 3691 lex,
1380 3627 1449 3691 vos,
1461 3627 1481 3673 o
1492 3610 1673 3693 propheta.

127 3713 196 3781 Kal
211 3713 353 3800 δυσώδης
369 3717 431 3800 εἰμὶ
446 3725 484 3801 τῇ
500 3714 673 3800 ἀγριότητι,
690 3715 775 3781 ἀλλὰ
785 3719 824 3782 σὺ
841 3737 879 3802 με
925 3715 1011 3778 Male
1030 3717 1133 3779 etiam
1155 3717 1229 3779 oleo
1245 3733 1287 3778 ex
1305 3715 1513 3794 rusticitate3
1537 3716 1576 3776 tu
1591 3731 1672 3778 vero

127 3817 270 3903 παίδευε,
293 3823 349 3885 καὶ
371 3831 412 3907 τῇ
427 3820 541 3907 εὐωδίᾳ
564 3842 620 3886 σου
642 3818 797 3905 οτηριξον.
822 3820 880 3887 Τέ-
925 3834 979 3880 me
992 3819 1133 3898 erudit0,
1149 3822 1184 3881 et
1198 3819 1389 3898 fragrantia
1404 3824 1464 3881 tua
1476 3817 1594 3881 fulcito
1610 3835 1675 3882 me.

125 3943 250 4009 τρωμαι
263 3926 326 4010 γὰρ
341 3934 381 4010 τῇ
397 3923 518 4010 ἀγάπη,
534 3926 590 3989 καὶ
604 3924 656 3988 διθι
670 3934 782 3989 τοῦτο·
924 3922 1064 3986 Saucior
1075 3923 1167 3986 enim
1182 3922 1372 4002 dilectione,
1389 3927 1423 3985 et
1438 3920 1530 3984 ideo:

169 4035 190 4067 “
206 4023 344 4115 Ὥριιισα
362 4030 453 4116 ὑμᾶς,
468 4029 642 4120 θυγαθέρες
657 4029 878 4117 Ἰερουσαλὴμ,
970 4049 988 4088 ι
1008 4027 1171 4108 adjuravi
1193 4045 1263 4108 vos,
1287 4027 1367 4091 filiae
1390 4028 1613 4108 Hierusalem,
1637 4028 1673 4092 in

128 4135 145 4169 θ
161 4134 196 4200 ἐν
210 4143 279 4211 ταῖς
294 4133 443 4220 δυνάμεσι
459 4136 514 4198 οιαὶ
533 4135 567 4200 ἐν
581 4143 650 4211 ταῖς
666 4134 808 4220 ἰοχύσεσι
822 4144 878 4201 ’τοῦ
926 4153 951 4191 ιι-
966 4132 1152 4196 virtutibus
1176 4137 1210 4196 et
1232 4133 1268 4195 in
1294 4132 1425 4196 viribus
1435 4133 1528 4211 agri,
1553 4150 1595 4196 ne
1617 4151 1674 4196 su-

129 4239 145 4273 “
163 4237 273 4323 ἀγροῦ,
296 4237 518 4324 ἐδινέγεέρητε
539 4239 595 4302 οιαὶ
620 4237 797 4325 ἐξεγείρητε
818 4241 877 4327 τὴν
925 4258 942 4296 ι
966 4237 1095 4301 scitetis
1118 4254 1180 4301 nec
1195 4253 1338 4316 surgere
1358 4235 1489 4300 faciatis
1505 4235 1676 4318 dilectam,

128 4344 143 4378 ⁸
160 4341 300 4427 ἀγάπην,
317 4345 375 4420 ἕως
391 4345 427 4408 οὔ
441 4341 568 4427 θελήσῃ
581 4337 636 4426 ²³).
653 4389 668 4424 „
925 4361 942 4400 ιι
967 4341 1187 4424 quoadusque
1201 4344 1293 4407 velit.
1311 4362 1328 4402 s

148 4443 308 4530 ·“οριιέζιο
331 4447 421 4532 ὑμᾶς,
445 4445 628 4530 ὢποιτέρες,
652 4447 689 4510 οὐ
708 4447 793 4512 κατὰ
814 4455 876 4515 τῶν
965 4445 1092 4526 Adjuro
1114 4463 1185 4526 vos,
1202 4462 1221 4508 o
1236 4449 1359 4527 patres,
1383 4461 1450 4508 non
1464 4447 1582 4508 contra
1604 4444 1672 4508 vir·

123 4549 289 4638 δυνάμειον
305 4551 376 4636 (οὐκ
389 4551 490 4631 ἔξεστι
504 4553 589 4637 γὰρ),
606 4549 677 4615 ἀλλ’
688 4551 721 4615 ἐν
741 4560 810 4630 ταῖς
825 4552 876 4617 δο-
920 4552 1022 4630 tutes,
1037 4550 1128 4615 haud
1144 4551 1235 4614 enim
1251 4551 1341 4631 licet,
1357 4548 1416 4614 sed
1435 4551 1471 4613 in
1486 4549 1672 4616 virtutibus

125 4655 259 4743 νάμεσιν
270 4655 540 4742 τοῦπαραδεέσοο,
551 4659 604 4722 θνα
615 4656 658 4733 εἰς
669 4655 789 4721 ἐκεῖνον
805 4653 875 4742 βλέ-
920 4652 1082 4734 Paradisi,
1094 4655 1177 4717 utin
1191 4671 1270 4718 eum
1281 4654 1493 4735 aspicientes,
1505 4657 1670 4736 tanquam

157 4847 207 4919 20)
220 4845 304 4903 Oant.
317 4863 371 4917 ru,
384 4849 409 4902 1.
427 4846 497 4904 God
514 4849 674 4916 σομανῑτηδι.
954 4843 1002 4918 22)
1014 4841 1098 4898 (iant
1116 4857 1148 4914 11,
1171 4841 1236 4912 4‚5.
1254 4841 1318 4897 eod.
1337 4841 1618 4922 amplectentium
1634 4849 1668 4916 ep

157 4933 207 5008 21)
220 4932 304 4990 cana
318 4951 338 5006 r,
350 4935 376 5006 t,
388 4936 414 4990 6.
424 4933 716 5008 oodaissphalmts
727 4933 874 4993 tacitura·
918 4934 1016 4999 νλσδέα
1032 4930 1231 5000 potentantur.
1249 4927 1356 4987 Maura.
1375 4932 1563 5002 οτοιδαζηπε...
1573 4935 1623 5000 τῆς
1639 4933 1671 4986 ιλ-

121 5019 246 5077 mendo:
259 5024 296 5088 ὡς
307 5025 458 5092 ιιονὼμιιτα,
474 5023 608 5091 θλίψεται,
620 5021 835 5092 μημιλανομένη,
847 5025 874 5077 δ·
917 5021 1085 5088 κροδοστῑιις.

119 5113 291 5179 μαχαισαντο
321 5113 376 5165 sta
400 5109 462 5166 Nec
490 5124 580 5181 snpra
602 5105 705 5166 nemsi
731 5105 872 5166 absonam
952 5103 1096 5179 amcam.
1110 5119 1143 5177 rr,
1156 5103 1181 5160 7.

119 5195 233 5255 Meum.
245 5193 416 5255 lectionem:
435 5197 476 5252 δτι
487 5197 524 5266 μὴ
536 5197 617 5267 δρχη.
