3966 6104
685 489 715 550 S.
733 487 950 552 MALCHION
966 488 1196 553 PRESBITER
1644 490 1704 552 601

207 619 410 708 Ὑφεστηκὼς
432 622 472 710 δη
496 625 587 702 οὖτος
601 623 620 690 ό
633 624 739 711 λόγος,
761 623 855 703 αὐτός
878 647 913 692 τε
1002 628 1094 693 Idem
1109 630 1219 708 igitur
1234 629 1393 710 Verbum,
1410 647 1516 712 quum
1533 634 1640 694 semet
1654 629 1709 702 fer
1839 617 1840 622 ¹

161 722 293 813 γέγονεν
307 735 351 812 τῷ
367 726 489 813 σώματι
509 725 628 816 έκείνφ,
644 727 688 807 ὡς
702 730 758 794 καὶ
778 729 912 812 ἔδωκας,
956 732 1042 795 oerit
1055 732 1231 796 subditum
1243 733 1324 797 huic
1332 736 1475 826 corpori,
1482 739 1704 799 utetoonces-

161 837 207 916 τῷ
222 829 261 895 έκ
275 828 399 917 Μαρίας
414 831 486 918 όριρ,
501 830 579 897 διότι
594 831 627 897 ci
640 835 762 919 γραφαί
777 829 911 920 φασίνῚ)
955 836 1041 915 sisti,
1050 836 1140 898 intra
1151 837 1265 900 uariae
1275 841 1422 918 septum,
1432 854 1606 919 quumque
1619 836 1705 900 Scri-

161 935 260 1000 αυτόν
274 935 538 1021 κεκοινωνηκέναι
552 936 603 1002 tet
618 947 657 1022 τῇ
678 934 820 1025 ἡμετέρᾳ
843 937 913 1025 [φῦ-
955 940 1707 1022 pturaeasserantipeumnaturaenostraefuis-
1733 975 1737 980 -

161 1039 233 1124 σει],
257 1038 299 1117 ὡς
325 1039 416 1127 ἡμεῖς
444 1039 628 1127 μετέχομεν,
654 1041 710 1106 καί
736 1041 845 1127 ἐπειδη
872 1043 914 1106 τθι
956 1059 992 1104 sc
1009 1042 1219 1123 participem,
1231 1044 1320 1107 sicut
1333 1060 1393 1108 nos
1404 1045 1657 1126 participamus,
1674 1046 1709 1106 et

160 1141 282 1224 παιδία,
298 1144 404 1230 φησίν,
419 1143 682 1229 κεκοινωνηκέναι
704 1145 838 1230 αίματσς
859 1147 914 1210 καί
958 1144 1093 1227 quando
1124 1145 1261 1226 quidem
1285 1147 1393 1229 pueri,
1417 1149 1539 1229 inquit,
1559 1164 1707 1211 commu-

162 1247 297 1330 σαρκός,
327 1245 380 1312 διὰ
401 1256 494 1312 τοῦτο
516 1247 611 1313 καλό
633 1246 704 1326 Υίός
725 1258 781 1314 τοῦ
811 1247 912 1316 Θεοῦ·
956 1249 1117 1311 uicerunt
1139 1251 1302 1328 sanguini
1326 1255 1360 1314 et
1381 1253 1486 1332 carni,
1503 1253 1552 1314 ita
1566 1269 1704 1332 prorsus

160 1347 356 1436 πυνθάνομαι
378 1351 433 1416 οῦν
460 1351 488 1417 εί
517 1351 622 1437 ὥσπερ
644 1349 735 1438 ἡμεῖς
756 1360 850 1417 τοῦτο
875 1354 912 1417 τό
957 1353 1065 1416 Filius
1090 1353 1153 1416 Dei
1175 1355 1459 1418 communicavit:
1485 1358 1600 1418 nostra
1624 1370 1707 1433 ergo

160 1451 308 1522 σύνθετον
323 1456 406 1535 ζῶον
421 1455 451 1520 οί
470 1455 627 1542 ἄνθρωποι
650 1456 780 1523 σύνοδον
794 1459 911 1544 ἔχομεν
955 1459 1125 1544 sententia
1149 1461 1209 1537 est,
1237 1457 1397 1522 videlicet
1422 1457 1707 1539 quemadmodum

159 1560 198 1624 έκ
214 1581 250 1625 τε
265 1562 382 1645 σαρκός
404 1563 460 1626 καί
474 1563 556 1639 τινός
577 1561 666 1652 όντσς
686 1561 721 1626 έν
743 1571 782 1647 τῇ
806 1561 909 1645 σαρκί,
954 1576 1016 1623 nos
1028 1561 1182 1624 homines
1195 1560 1358 1653 habemns
1374 1562 1436 1626 hoc
1449 1579 1580 1644 corpus,
1593 1564 1644 1625 uti
1658 1562 1708 1624 vi-

159 1665 399 1743 coinquinaret
415 1663 537 1751 Λόγος·
561 1664 679 1752 conti]
703 1664 798 1752 σοφία
813 1666 854 1752 ην
876 1665 910 1732 έν
952 1679 1035 1729 vnm
1059 1666 1196 1745 animal,
1224 1667 1447 1748 compositum
1476 1683 1517 1729 ex
1544 1684 1645 1730 carna
1672 1669 1707 1730 et

159 1765 268 1853 ἐκείνῳ
282 1777 326 1855 τῷ
342 1768 464 1855 σόματι
478 1764 519 1853 ²),
535 1767 577 1847 ὡς
591 1777 649 1854 της
665 1768 699 1834 έν
712 1766 788 1853 ἡμῖν
803 1769 910 1835 ένταῦ-
954 1768 1101 1851 quadam
1115 1768 1151 1832 in
1167 1787 1269 1833 carne
1285 1770 1485 1850 substantia,
1498 1771 1657 1834 similiter
1668 1787 1704 1833 ee

160 1870 201 1937 θα
215 1872 317 1959 ζωῆς·
333 1873 478 1958 καθάπερ
493 1871 542 1958 ἐφ’
552 1871 644 1958 ἡμῶν
666 1871 854 1939 ἐπιτελεῖται
870 1872 909 1937 έκ
953 1870 1056 1936 habet
1073 1874 1184 1955 ipsum
1205 1875 1363 1938 Verbum.
1389 1877 1465 1957 Ipsa
1481 1875 1654 1956 Sapientia
1669 1875 1705 1937 in

158 1981 217 2058 της
232 1973 414 2058 συνθέσεως,
430 1979 512 2041 οῦτυ
527 1977 582 2041 καί
597 1975 648 2040 ἐπ’
659 1974 779 2057 ἐκείνου
795 1975 833 2041 ἐκ
849 1986 907 2043 τοῦ
951 1977 1053 2042 hocce
1066 1995 1204 2060 corpore
1216 1979 1336 2061 inerat,
1350 1978 1466 2042 eedem
1479 1995 1547 2060 qua
1559 1995 1619 2043 nos
1635 1979 1707 2042 vita

159 2076 448 2165 συνδεδραμηκέναι
462 2079 497 2146 έν
512 2078 779 2168 receptoribus
797 2080 904 2168 λόγον,
952 2081 1193 2146 iniliovivens.
1203 2083 1310 2146 Sicuti
1320 2099 1424 2163 penes
1436 2099 1497 2146 nos
1511 2085 1619 2145 totum
1632 2099 1706 2164 per·
1841 2104 1854 2137 ι

158 2182 214 2246 καί
227 2182 264 2248 τό
279 2181 319 2249 έκ
332 2193 390 2271 της
405 2181 579 2269 Παρθένου.
951 2184 1116 2250 ficiturex
1129 2188 1323 2268 composito,
1340 2187 1389 2250 ita
1400 2187 1502 2262 etiam
1519 2187 1554 2250 in
1578 2187 1637 2250 illo
1652 2184 1702 2265 fit,

954 2289 1036 2354 dum
1051 2290 1087 2353 in
1103 2291 1176 2372 ipso
1191 2289 1295 2353 simui
1318 2293 1566 2353 concurrerunt
1586 2294 1621 2353 et
1640 2288 1702 2352 Dei

953 2393 1103 2458 Verbum
1120 2399 1154 2458 et
1169 2393 1258 2476 quod
1274 2397 1347 2457 erat
1362 2411 1404 2456 ex
1419 2394 1572 2472 Virgine.

204 2493 341 2573 Παῦλος.
353 2491 535 2581 Ὑαεκρίνω,
544 2496 640 2583 οίμαι,
652 2496 708 2563 καί
719 2493 908 2584 όπὲρὴμῦν,
996 2496 1134 2562 Paulus
1165 2495 1389 2579 Respondieti,
1422 2497 1550 2579 opinor,
1581 2501 1615 2561 et
1643 2513 1704 2579 pro

157 2597 200 2678 ὡς
217 2597 350 2678 ἒδόκεις.
849 2645 855 2659 .
954 2601 1062 2681 nobis,
1082 2606 1122 2664 ut
1136 2600 1316 2665 videberis.

202 2701 366 2790 Μαλχίυν.
388 2701 576 2789 Ἐρῦτησα·
598 2703 707 2791 ἐπειδὴ
731 2702 835 2792 λέγεις
856 2726 909 2771 σο-
996 2705 1209 2787 Iuicr’ropuoi.
1227 2706 1410 2786 Postquam
1424 2706 1547 2769 asseris
1564 2706 1702 2786 Sapien-

157 2806 232 2894 φίαν
246 2810 302 2873 καί
324 2807 431 2896 λόγον,
452 2806 549 2895 λόγον
564 2807 599 2872 δέ
618 2807 730 2893 σοφίας
753 2829 909 2896 μετεσχη·
952 2809 1036 2873 tiam
1048 2814 1083 2872 et
1092 2808 1252 2891 Verbum,
1269 2811 1387 2891 aisque
1403 2811 1553 2875 Verbum
1565 2809 1703 2892 Sapien-

156 2910 247 2978 κέναι
267 2914 323 2977 καί
347 2915 365 2977 δ
387 2911 476 2977 δεῖνα
502 2911 673 2997 όινθρωτιος,
700 2913 796 2979 καλό
821 2912 910 2980 δεῖνα
952 2915 1009 2977 tiae
1023 2914 1129 2978 fuisse
1143 2913 1354 2995 participem,
1372 2917 1406 2976 et
1428 2914 1620 2978 talemense
1643 2913 1701 2976 bo·

157 3015 267 3101 δεῑται,
282 3017 415 3102 πότερον
437 3018 522 3081 κατα
537 3015 705 3103 μετουσίαν
725 3015 845 3083 τούτων
858 3016 910 3084 λέ·
952 3020 1081 3083 minem
1096 3021 1157 3082 ant
1177 3018 1280 3081 talem
1297 3035 1371 3082 esse
1386 3017 1517 3097 debere,
1533 3018 1618 3081 dicis
1630 3051 1643 3065 -
1655 3034 1699 3080 ne

156 3136 233 3208 γεις,
248 3122 270 3208 ἡ
288 3129 346 3186 τοῦ
360 3120 458 3207 λόγου
470 3121 566 3186 αὐτοῦ
581 3123 636 3186 καί
650 3131 708 3207 της
729 3121 843 3208 σοφίας
864 3122 908 3201 εἰς
953 3122 987 3187 id
1011 3122 1085 3186 fieri
1109 3139 1151 3185 ex
1179 3122 1358 3204 utriusque
1381 3124 1619 3186 communione
1641 3139 1703 3186 seu

154 3224 252 3289 ἀὐτόν
266 3222 499 3307 κατελθοόσηςς
516 3225 553 3289 οὐ
568 3225 631 3311 γὰρ
646 3225 754 3310 όμοιον
765 3224 857 3291 οὐσία
871 3247 906 3292 τε
950 3225 1052 3289 Verbi
1075 3227 1183 3306 ipsius
1198 3229 1233 3289 et
1248 3226 1429 3308 Sapientia
1452 3228 1488 3290 in
1511 3228 1623 3308 ipe-um
1644 3226 1699 3290 de·

155 3331 213 3394 καί
227 3325 360 3413 μετοχή·
373 3329 409 3392 τό
433 3328 490 3414 μὲν
511 3328 573 3414 γίιρ
589 3328 737 3407 οὐσιῶδες
754 3327 796 3408 ὡς
812 3327 905 3416 μέρος
952 3329 1168 3394 scendentis?
1182 3329 1281 3393 Haud
1294 3331 1385 3394 enim
1398 3347 1451 3394 ree
1467 3331 1596 3395 similes
1611 3333 1702 3410 sunt,

158 3440 215 3498 τοῦ
226 3430 314 3513 όλου,
326 3432 412 3496 κατθι
423 3431 611 3518 συμπλοκὴν
626 3430 709 3500 Θεοῦ
721 3434 776 3497 καί
792 3430 909 3518 ἀνθρώ-
953 3434 1187 3497 substnntiaet
1197 3434 1419 3515 participatio.
1434 3434 1528 3510 Quod
1540 3436 1631 3497 enim
1643 3451 1705 3515 per

157 3555 219 3600 που
240 3533 412 3621 γενομένου
438 3533 557 3619 Κυρίου
580 3532 688 3620 ἡμῶν·
710 3535 747 3599 τό
770 3534 805 3600 δέ
825 3535 911 3602 κατόι
954 3536 1180 3601 substantiam
1191 3535 1240 3616 fit,
1249 3537 1349 3618 quasi
1360 3554 1438 3618 pars
1451 3541 1581 3618 extoto,
1592 3555 1700 3600 unum

159 3641 311 3726 μετοχὴν,
329 3640 370 3717 όις
387 3641 430 3727 μὴ
446 3637 540 3727 μέρος
556 3639 590 3706 έν
605 3640 630 3726 ᾧ
645 3639 696 3725 ην.
867 3643 870 3650 '
955 3641 1004 3721 fit,
1019 3641 1210 3705 oohaerente
1225 3641 1290 3704 sibi
1307 3643 1377 3706 Deo
1392 3646 1428 3705 et
1442 3641 1578 3707 homine
1601 3644 1637 3707 in
1661 3660 1700 3706 eo

949 3749 1009 3831 qui
1024 3746 1133 3811 iactus
1149 3751 1201 3810 est
1215 3747 1380 3810 Dominus
1393 3750 1515 3810 noster.
1532 3746 1626 3830 Quod
1640 3765 1699 3810 au·

948 3859 1018 3918 tem
1040 3851 1080 3914 flt
1101 3868 1162 3933 per
1183 3850 1487 3932 participationem,
1509 3865 1577 3914 non
1600 3852 1699 3933 quasi

952 3975 1030 4039 pars
1045 3955 1086 4019 fit
1101 3957 1137 4020 in
1153 3971 1193 4018 eo
1210 3955 1300 4038 quod
1315 3958 1397 4018 erat.

201 4055 337 4140 Παῦλος.
361 4055 462 4143 Ἐμοῦ
477 4051 711 4141 διαλεγομένου,
728 4053 843 4133 πάντες
858 4055 910 4121 οῦ-
997 4059 1134 4126 Ροιιίιιε.
1160 4061 1240 4135 Quae
1270 4058 1352 4141 dixi,
1379 4059 1496 4124 eadem
1523 4059 1560 4122 hi
1586 4076 1703 4124 omnes

158 4181 206 4226 τοι
223 4171 323 4227 ταῦτα
337 4161 476 4247 λέγουσι.
953 4165 1061 4228 aiunt.

204 4263 393 4352 [deripiant
417 4263 482 4331 Καὶ
504 4264 543 4331 οῦ
567 4284 619 4350 μοι
633 4261 720 4330 εἰπέ·
742 4264 850 4348 έρωτῦ
871 4264 906 4329 δέ
995 4265 1170 4334 Μοίιόίυιι.
1186 4269 1237 4332 Τυ
1252 4283 1332 4330 vero
1354 4267 1409 4332 dio
1428 4266 1524 4348 mihi,
1548 4266 1612 4331 hoo
1633 4269 1703 4349 pri·

155 4377 294 4454 πρῦτον·
309 4369 456 4455 ἀνόμοιον
471 4377 604 4454 πρᾶγμα
618 4366 810 4452 παρεικάσαι
824 4367 907 4433 έπει-
950 4389 1045 4437 mum
1059 4372 1266 4436 sciscitabor.
1281 4373 1370 4434 Num
1385 4369 1448 4434 tibi
1464 4372 1595 4438 censeri
1611 4389 1701 4439 oom-

156 4473 238 4560 ρέθη
262 4474 343 4539 σοιό
367 4473 461 4560 λόγος
484 4473 526 4551 ὡς
549 4469 772 4558 προκείμενονς
797 4470 821 4556 η
843 4471 906 4557 γίιρ
949 4481 1084 4558 partum
1100 4478 1152 4538 est
1167 4472 1316 4538 Verbum
1331 4491 1404 4537 ease
1417 4475 1516 4554 quasi
1532 4491 1603 4540 rem
1620 4475 1700 4538 inae-

155 4576 291 4657 διίιθεοις
313 4575 335 4663 ἡ
357 4579 443 4642 κατίι
464 4575 646 4661 ἀνθρώπους
668 4572 811 4658 έτεροίαν
837 4576 904 4661 ἔχει
948 4580 1094 4662 qualem,
1119 4581 1159 4640 ut
1180 4576 1271 4659 quod
1285 4595 1368 4641 casu
1387 4577 1527 4658 emanet.
1550 4579 1699 4661 Disposi-

153 4683 213 4768 τὴν
234 4679 449 4766 κατασκευήν·
464 4682 537 4766 περί
552 4678 648 4765 λόγου
663 4677 699 4744 δέ
721 4678 776 4742 καὶ
791 4676 904 4764 σοφίας
948 4685 997 4746 tio
1009 4683 1100 4746 enim
1113 4699 1189 4764 quae
1201 4682 1236 4745 in
1249 4681 1403 4746 homines
1415 4682 1514 4762 cadit,
1523 4681 1697 4747 diversum

131 4773 136 4782 ’
154 4785 403 4874 διελέγχθημεν·
417 4787 473 4851 καί
487 4785 624 4852 πάντα...
947 4780 1050 4853 babet
1063 4787 1201 4851 modum
1213 4791 1248 4851 et
1262 4786 1434 4868 habitum3
1458 4787 1517 4876 sed
1531 4787 1572 4852 de
1587 4788 1697 4853 Verbo

951 4894 986 4955 et
999 4890 1168 4974 sapientia
1181 4889 1440 4972 disputavimus.
1457 4891 1501 4954 ut
1516 4891 1660 4955 omnia...

188 5126 218 5196 1)
231 5123 391 5199 Respicere
403 5123 522 5184 videtur
534 5123 573 5182 ad
584 5123 675 5182 nour.
689 5140 722 5196 ιι,
735 5123 778 5180 14.
952 5141 1018 5183 cnm
1029 5123 1189 5199 Sapientis,
1201 5122 1279 5180 siout
1295 5122 1450 5198 disciplina
1466 5124 1568 5180 unitur
1577 5141 1645 5181 cunr
1657 5125 1700 5182 di-

188 5213 218 5282 2)
231 5211 454 5270 Humanitatem
472 5211 572 5270 aiebat
587 5211 696 5270 Paulus
712 5211 827 5270 unitum
842 5227 908 5271 οεεο
952 5208 1708 5286 εοεαόορεερεειίυέμηιίοιιοιυίθοκίείιυ).1’τωόειειι.
