4006 6090
288 377 353 440 280
951 375 1161 438 ORIGENES

281 515 563 602 εὐφρανθήσονται,
579 517 628 580 ότι
647 516 692 593 είς
708 517 779 592 τοὺς
802 514 915 598 λόγους
931 533 988 578 σου
1004 514 1033 578 ἐ·
1079 514 1282 593 truncatur,
1308 515 1387 596 quic
1408 515 1445 579 ia
1466 513 1561 578 cerba
1583 519 1641 579 luc
1662 529 1826 595 superspe-

283 619 437 705 πήλπισα.
1081 621 1166 683 ruci.

329 725 402 802 Τοῖς
429 723 633 810 φοὸουμένοις
656 745 702 806 σε,
727 725 832 808 φησίν,
859 731 924 798 τοῖς
947 721 1035 786 εὸσε-
1122 724 1340 789 Timentibus
1369 729 1413 804 te,
1444 725 1502 804 ait,
1537 724 1710 801 religiosis
1746 723 1829 785 viris

285 825 374 892 δοῦσι
396 829 545 913 πρόξενος
568 828 761 913 εὐφροσύνης
784 825 969 912 γενήσομαι,
985 827 1034 891 ἑλ-
1080 837 1200 892 auctor
1215 847 1272 893 ero
1288 831 1425 908 laetitiae,
1441 829 1483 892 ob
1495 846 1604 890 meam
1621 831 1657 890 iu
1675 832 1708 890 te
1723 844 1827 907 spem,

282 929 376 1009 τείσας
396 933 441 1011 είς
456 933 502 1015 σὲ,
519 933 573 996 καὶ
589 930 793 1015 κατάλληλον
811 931 910 1014 εὑρὼν
925 940 970 1021 τῇ,
988 932 1031 1008 είς
1078 940 1111 998 at
1127 935 1217 1014 quod
1233 933 1489 1014 respondentem
1512 933 1585 1013 spei
1609 934 1645 994 in
1668 937 1701 994 te
1725 930 1826 994 finem

284 1037 320 1100 σὲ
336 1035 437 1101 ἐλπίδι
459 1035 560 1113 τέλος.
578 1073 619 1084 -
636 1027 681 1100 Ἤ
705 1035 734 1099 οἱ
749 1037 802 1100 τὸν
824 1033 905 1101 Θεὸν
920 1033 1033 1120 φοθοό-
1077 1039 1203 1102 inveni.
1227 1073 1265 1083 -
1289 1041 1350 1102 Vel
1367 1039 1426 1119 qui
1442 1040 1564 1101 timent
1587 1039 1706 1116 Deum,
1729 1037 1765 1100 in
1789 1053 1828 1100 eo

284 1159 381 1226 μενοι,
397 1149 441 1226 τῷ
457 1140 556 1225 μηδὲν
573 1141 687 1216 αὐτοὺς
710 1138 849 1223 ὑστερεῖν
864 1134 979 1202 τέλειοί
992 1138 1034 1202 εἰ·
1078 1142 1167 1223 quod
1183 1143 1269 1206 nihil
1289 1160 1345 1207 eos
1361 1145 1507 1223 superat,
1521 1141 1660 1223 perfecti
1675 1145 1766 1219 sunt,
1781 1145 1830 1204 ta-

285 1265 343 1327 σιν,
359 1245 446 1321 ὸντες
469 1243 504 1307 δὲ
524 1252 667 1324 τοιοῦτοι,
691 1241 804 1328 ἀγαθοί
825 1242 1034 1328 τυγχάνουσιν
1077 1248 1193 1327 lesque
1224 1260 1330 1328 quum
1357 1248 1447 1326 siut,
1477 1247 1558 1309 boni
1585 1262 1645 1325 per
1674 1245 1829 1308 timorem

286 1350 372 1413 κατὸι
386 1351 440 1414 τὸν
463 1349 499 1413 ὸν
512 1349 622 1433 ἔχουσι
645 1345 759 1432 φόθονὁ
782 1347 828 1410 διὸ
843 1347 900 1411 καί
913 1346 1033 1423 πάντας
1077 1366 1179 1430 quem
1192 1350 1327 1428 habent,
1342 1350 1502 1430 evadunt,
1515 1350 1659 1429 ideoque
1671 1353 1829 1428 praestare

284 1453 450 1540 βούλονται
464 1454 663 1537 προκόπτειν,
679 1453 734 1516 καὶ
750 1447 968 1536 εὐφραίνονται
983 1451 1034 1515 ἐπί
1078 1453 1281 1516 inomnibus
1289 1455 1410 1516 volunt
1421 1461 1456 1516 et
1467 1455 1628 1516 laetantur
1640 1451 1680 1514 de
1693 1452 1746 1514 his
1755 1469 1829 1532 quar

283 1568 349 1635 τοῖς
378 1560 582 1642 εῦαρεστοῦσι
619 1554 699 1640 Θεῷ.
732 1593 773 1603 -
804 1553 1035 1639 Εὸφραίνονταῑ
1077 1557 1147 1620 Deo
1166 1559 1310 1638 placent.
1329 1593 1366 1602 —
1385 1559 1570 1620 Laetantur
1584 1557 1662 1618 vitae
1684 1561 1831 1618 actuosa

282 1665 460 1746 πρακτικοί,
485 1661 654 1737 άκοόσντες
669 1667 858 1745 γνωστικῦν,
877 1696 917 1706 -
935 1657 1034 1744 Συνά-
1078 1660 1231 1740 studiosi,
1256 1660 1336 1724 dum
1356 1662 1498 1724 scientia
1510 1660 1666 1742 praeditos
1678 1660 1831 1722 audiunt.

284 1765 331 1830 δει
345 1768 381 1830 τὸ
404 1766 611 1850 ἐπαγόμενον,
628 1764 675 1827 δτι
690 1764 734 1840 είς
756 1765 829 1840 τοὺς
848 1762 961 1847 λόγους
976 1783 1033 1826 σου
1079 1767 1297 1844 -Congruit
1305 1767 1409 1828 allata
1417 1767 1587 1829 sententia
1598 1765 1828 1844 sequentibus:

281 1867 470 1954 ἐπήλπισαν.
486 1867 678 1953 Ὑπόδειγμα
688 1866 750 1953 γάρ
763 1889 800 1952 με
812 1865 961 1944 λαθόντες
977 1869 1033 1932 καί
1077 1871 1120 1932 Ic
1134 1868 1228 1933 aerbo
1244 1873 1301 1933 iao
1315 1871 1557 1950 strperspercci.
1575 1869 1709 1931 Etenim
1725 1886 1778 1931 me
1795 1868 1830 1930 in

283 1974 428 2059 ὁρῶντες,
451 1974 507 2037 καί
529 1974 618 2037 carol
640 1981 701 2038 τῶν
721 1968 836 2056 ὁμοίων
858 1970 1035 2056 προσὸοιιή-
1079 1975 1272 2054 exemplum
1281 1974 1448 2037 habentes
1458 1973 1661 2053 etridentes,
1674 1973 1738 2052 ipsi
1750 1989 1831 2052 quo-

284 2099 375 2141 σουσι
400 2085 517 2162 τυχεῖν.
546 2115 587 2125 -
614 2075 770 2140 Βούλεται
800 2074 843 2152 ὡς
868 2073 1033 2160 προφήτης
1076 2094 1142 2157 que
1169 2079 1296 2140 similia
1317 2097 1353 2142 se
1377 2078 1569 2159 adepturos,
1593 2077 1830 2158 expectabunt.

285 2184 358 2258 τοὺς
374 2179 584 2265 φοθουμένους
600 2182 653 2244 τὸν
664 2179 746 2246 Θεὸν
761 2177 945 2264 ἐπιστρέψαι
957 2181 1033 2262 πρὸς
1080 2217 1119 2227 -
1149 2185 1206 2246 Uti
1228 2183 1401 2264 propheta,
1425 2185 1500 2248 vult
1525 2200 1642 2246 omnes
1671 2183 1829 2246 timentes

284 2285 388 2363 αὺτὸν,
405 2284 460 2346 καί
475 2283 575 2366 ήκειν,
588 2284 639 2346 ίνα
651 2284 757 2359 αὸτοῐς
770 2281 893 2368 μετάδφ
904 2293 961 2348 τοῦ
975 2301 1034 2368 γα·
1076 2287 1185 2350 Deum
1197 2293 1447 2368 convertantur,
1461 2293 1496 2351 et
1507 2286 1670 2350 accedant
1680 2286 1722 2350 ad
1739 2304 1828 2368 eum,

285 2384 433 2472 ρίσματος
449 2395 504 2450 τοῦ
521 2385 554 2451 ἐν
571 2387 666 2470 αὐτῷ.
1077 2395 1117 2453 ut
1131 2392 1253 2468 gratiae
1268 2409 1339 2454 suae
1354 2393 1536 2472 participes
1553 2408 1610 2454 cos
1627 2390 1762 2454 efficiat.

327 2512 357 2554 v.
377 2489 578 2575 νπἚγνων,
600 2490 773 2575 Κόριε,ότι
795 2490 1034 2576 δικαιοσύνητὸ
1120 2512 1152 2557 v.
1169 2497 1222 2558 75.
1242 2497 1387 2578 Copnori,
1421 2497 1570 2576 Domita,
1596 2497 1675 2576 μνία
1695 2495 1832 2576 apodas

283 2593 422 2680 κρίματά
437 2615 503 2676 σου,
519 2596 575 2658 καὶ
590 2593 724 2679 άληθείμ
739 2592 951 2673 εταπείνωσάς
969 2616 1017 2680 με.
1070 2596 1202 2677 judicia
1224 2604 1291 2678 tua,
1317 2604 1348 2663 ct
1368 2603 1504 2666 ventare
1527 2600 1713 2664 humiliasti
1734 2617 1793 2663 mc.

327 2698 481 2784 Ζητήσεις
503 2699 538 2762 δὲ
562 2698 682 2783 μᾶλλον
705 2701 776 2775 τοὺς
800 2701 870 2782 περί
901 2698 1033 2784 κρίσεως
1121 2703 1349 2781 Investigahis
1370 2721 1409 2767 eo
1435 2705 1548 2782 magis
1571 2705 1718 2766 rationes
1740 2702 1832 2784 judi-

286 2803 410 2889 λόγους,
435 2801 625 2888 μεμαθηκὼς
654 2804 700 2866 δτι
727 2801 822 2867 Δαυὶδ
847 2803 1034 2888 γεγράφηκε
1078 2807 1133 2884 cli,
1150 2808 1239 2887 quod
1255 2807 1413 2872 didiceris
1429 2807 1463 2871 id
1480 2810 1591 2890 ipsum
1607 2809 1717 2872 David
1728 2809 1833 2889 scrip·

284 2917 386 2988 τοῦτο,
402 2909 423 2992 ή
441 2906 548 2983 άπλῦς
571 2907 786 2984 πεπιστευκὼς
809 2907 857 2970 ότι
876 2908 934 2971 οὐκ
949 2907 1033 2973 ἑνδὲ-
1079 2912 1172 2990 sisse,
1197 2912 1251 2974 vel
1279 2910 1369 2992 quod
1399 2913 1532 2975 sincera
1558 2910 1623 2974 fide
1650 2910 1833 2974 credideris

284 3032 378 3097 χεται
393 3014 446 3075 τὸν
462 3009 583 3074 δίκαιον
598 3010 679 3077 Θεὸν
695 3010 855 3096 ἀδικῆσαι.
869 3050 910 3060 -
924 3011 1034 3077 Ταῦτα
1078 3031 1145 3076 nou
1161 3031 1257 3094 posse
1269 3013 1401 3094 justum
1427 3016 1535 3078 Deum
1560 3032 1632 3078 esse
1654 3013 1830 3094 injustum.

285 3115 493 3200 διαφερόντως
509 3113 605 3197 λέγει,
621 3115 679 3200 τήν
703 3113 821 3179 οἰκείαν
837 3115 1033 3201 εδγνωμοσό-
1077 3153 1122 3167 -
1150 3121 1227 3182 Haec
1246 3120 1330 3182 dicit
1352 3120 1506 3198 egregie,
1524 3137 1624 3182 suam
1648 3119 1739 3196 grati
1761 3119 1834 3182 aui·

284 3240 342 3302 νην
359 3218 488 3295 δεικνύς.
505 3216 586 3283 Οίδα
598 3218 642 3298 δὲ,
656 3220 761 3303 φησίν,
780 3217 915 3302 άκριθῦς
932 3221 973 3296 ὥς
985 3221 1035 3304 ὸρ-
1078 3225 1124 3286 mi
1146 3224 1343 3286 memoriam
1359 3222 1575 3304 patefaciens.
1594 3223 1691 3301 Novi,
1708 3223 1831 3305 inquit,

286 3323 347 3400 θῦς
371 3343 422 3407 μοι
445 3323 499 3386 καί
522 3321 649 3400 δικαίως
672 3322 956 3407 καταψηφίσουσιν,
980 3325 1036 3388 καί
1078 3333 1235 3390 accurate
1267 3327 1357 3408 quod
1387 3331 1479 3392 recte
1507 3335 1539 3390 et
1562 3327 1654 3407 juste
1681 3327 1833 3411 [decreta

285 3435 354 3503 ταῖς
369 3426 584 3502 παντοδαπαῖς
599 3425 782 3510 περιὲθαλες
798 3435 982 3512 συμφοραῖς.
993 3464 1031 3474 —-
1078 3430 1151 3514 tua]
1170 3449 1224 3494 me
1239 3431 1558 3512 condemnabunt‚et
1575 3433 1665 3513 quod
1677 3435 1832 3497 innume-

285 3529 447 3606 Πολλάκις
461 3531 497 3594 δὲ
519 3529 664 3614 ἐτήρησα
687 3532 733 3594 ὅτι
756 3529 968 3608 ἐταπείνωσάς
985 3553 1033 3616 με,
1079 3539 1127 3600 rls
1147 3555 1200 3600 me
1223 3538 1370 3601 miseriis
1393 3537 1556 3618 objecisti.
1585 3573 1623 3582 -
1652 3539 1745 3620 Saepe
1770 3556 1832 3602 au·

284 3635 352 3700 ἀντὶ
368 3645 424 3699 τοῦ
446 3645 631 3720 πειρασμοῖς
653 3633 837 3719 περιέθαλὲς
861 3656 900 3720 με
915 3634 1034 3698 πολλα·
1078 3641 1674 3719 temobservavi‚latmiliostimedici
1688 3643 1829 3723 prohoc:

283 3749 354 3826 χοῦ,
370 3743 425 3804 καὶ
448 3739 586 3825 μάλιστα
604 3740 713 3817 ἐντοῖς
729 3739 866 3825 ψαλμοῖς
889 3740 1033 3826 λέγεται·
1078 3745 1322 3808 tentationibus
1338 3762 1392 3807 mc
1407 3745 1669 3825 circumdedisti,
1685 3744 1743 3809 sed
1758 3763 1829 3808 ma·

284 3846 381 3930 χωρίς
395 3846 457 3929 γάρ
473 3855 530 3929 τῆς
547 3845 580 3908 ἐν
595 3843 723 3921 πολλοῖς
739 3844 903 3929 ὸὸυνηροίς
918 3865 1034 3930 γυμνα·
1078 3849 1169 3909 xime
1182 3848 1216 3908 in
1229 3849 1368 3926 psalmis
1380 3847 1514 3911 diditur.
1527 3850 1611 3910 Nam
1623 3850 1689 3912 nisi
1702 3849 1777 3930 quis
1790 3850 1826 3912 in

285 3945 356 4024 σίας
378 3950 432 4012 καί
455 3957 511 4034 της
538 3946 612 4030 παρ’
625 3947 737 4011 ἐλπίδα
757 3947 929 4033 γενομένης
951 3947 1035 4014 Θεοῦ
1079 3951 1235 4031 plurimis
1251 3952 1416 4014 molestiis
1436 3956 1642 4031 exerceatur,
1664 3955 1698 4015 et
1709 3957 1831 4032 practer

286 4051 442 4138 βοηθείας,
467 4052 606 4117 οὐκέστι
622 4049 754 4136 βεθαίως
774 4051 935 4134 ἄνθρωπον
951 4049 984 4113 ἐν
1000 4049 1035 4113 d·
1086 4071 1181 4133 spem
1195 4056 1362 4118 auxillum
1378 4057 1439 4118 Dei
1455 4055 1552 4136 adsit,
1572 4073 1640 4119 non
1663 4061 1772 4138 potest
1786 4075 1837 4120 es·

285 4166 360 4241 ρετή
372 4164 522 4240 παγῆναι.
537 4155 660 4231 -Τοῖς
673 4155 779 4230 αὐτοῖς
793 4152 953 4238 [δικαίοις]
966 4152 1044 4218 πάν·
1087 4175 1122 4220 se
1146 4157 1245 4220 homo
1268 4158 1414 4222 firmiter
1441 4162 1475 4222 in
1498 4161 1625 4223 virtute
1651 4161 1834 4224 stabilitus.

284 4280 325 4323 τα
341 4261 380 4324 τὸι
391 4258 529 4345 κρίματα
544 4257 627 4326 Θεοῦ
643 4256 773 4344 γίνεται,
789 4258 843 4321 καί
861 4257 908 4320 δτι
923 4255 1039 4321 δικαιο-
1088 4265 1187 4325 Hisce
1204 4261 1331 4346 [justis]
1342 4266 1456 4327 omnia
1472 4264 1561 4327 fiunt
1572 4263 1702 4344 judicia
1713 4265 1787 4342 Dei,
1802 4267 1837 4327 et

285 4366 363 4449 σθνη
380 4366 446 4430 ἐστὶ
460 4364 501 4428 τά
516 4363 653 4448 κρίματα
676 4373 731 4427 τοῦ
754 4360 847 4427 Θεοῦ.
865 4355 905 4425 ‘0
928 4363 1036 4438 πιστὸς
1083 4366 1171 4447 quod
1190 4365 1325 4445 justitia
1348 4374 1430 4431 sunt
1448 4368 1580 4447 judicia
1605 4370 1676 4432 Dei.
1709 4369 1834 4433 Fidelis

285 4469 432 4550 πιστεύει,
450 4468 522 4532 ἀλλ’
538 4469 596 4531 σὸκ
611 4469 702 4553 ἔγνω,
722 4467 751 4531 εἰ
767 4467 809 4551 μή
826 4462 918 4529 λάθοι
939 4464 1034 4550 λόγον
1079 4472 1196 4551 credit,
1219 4471 1278 4534 sed
1302 4490 1369 4536 nou
1396 4475 1568 4554 cognovit,
1596 4476 1663 4537 nisi
1690 4475 1833 4538 verbnm

284 4571 439 4658 γνώσεως.
456 4570 593 4656 Ἔλεγεν
615 4573 710 4656 γὰρὸ
738 4569 861 4654 Ἰησοῦς
877 4572 953 4652 πρὸς
980 4591 1034 4633 πε·
1080 4576 1230 4638 scientiar
1256 4578 1436 4657 acceperit.
1463 4580 1564 4642 lesus
1592 4580 1682 4642 enim
1708 4578 1751 4642 ad
1774 4581 1834 4644 Ju-

287 4677 494 4752 πιστευκότας
510 4677 595 4760 αυτῷ
610 4675 801 4752 Ἰουδαίους·
816 4673 893 4739 Ἐάν
909 4672 1035 4759 μείνητε
1080 4679 1169 4742 dacos
1192 4681 1251 4760 qui
1276 4681 1311 4743 in
1335 4697 1412 4744 eum
1436 4682 1662 4764 crediderant,
1688 4684 1746 4746 ait:
1766 4684 1831 4747 «Si

284 4781 319 4845 'ev
342 4781 384 4865 τῲ
412 4779 497 4866 λόγῳ
523 4789 567 4865 τῷ
590 4781 665 4866 ἐμῷ,
696 4779 854 4865 γνώσεσθε
877 4776 935 4865 τήν
958 4779 1035 4865 άλή-
1081 4785 1272 4846 manseritis
1297 4787 1332 4848 in
1357 4804 1431 4848 meo
1456 4805 1620 4870 sermone,
1648 4807 1830 4868 cognosce·

286 4885 382 4964 θειαν,
398 4888 453 4949 καί
468 4883 489 4968 ή
503 4885 636 4970 ἀλήθεια
652 4884 853 4970 ἐλευθερώσει
869 4885 958 4970 ὑμᾶς.
973 4885 1033 4950 Πε-
1079 4887 1123 4950 tis
1140 4889 1328 4970 veritatem,
1350 4897 1383 4954 et
1398 4892 1524 4955 veritas
1539 4893 1697 4956 liberabit
1719 4912 1789 4958 vos,
1808 4915 1825 4952 ν

321 5109 349 5150 ν.
367 5094 410 5147 lo.
423 5099 482 5150 vat.
503 5093 528 5164 4,
548 5095 572 5164 5,
593 5095 635 5148 16.
647 5095 668 5151 J
670 5111 725 5150 ocu
745 5111 809 5163 mu,
828 5093 872 5149 32.
891 5091 1037 5149 Truncum
1082 5092 1198 5150 videtur
1210 5093 1336 5165 initium,
1348 5095 1386 5150 cf.
1399 5095 1510 5151 scholia
1523 5096 1554 5152 in
1566 5115 1593 5154 ν.
1607 5099 1632 5167 ί,
1644 5099 1687 5152 20.
1701 5101 1757 5153 etc.
