4020 6098
814 427 857 489 IN
881 425 1066 490 Pontinos
1654 429 1715 490 197

217 581 249 630 v.
266 565 318 630 25.
334 557 388 648 Μή
412 559 577 648 ἀναγάγῃς
600 581 638 647 με
660 560 695 626 ἒν
716 556 822 647 ἡμίσει
843 559 920 648 ἡμε-
1008 580 1040 625 v.
1056 562 1109 626 25.
1127 562 1175 628 Ne
1187 578 1313 628 ασοοοσσ
1327 579 1375 626 νεα
1386 562 1423 626 ia
1438 562 1572 628 dimidio
1587 563 1713 628 ciarum

173 677 236 750 ρῶν
251 689 320 755 μου,
336 667 370 733 ὲν
385 675 481 752 γενεᾷ
495 673 612 752 γενεῶν
626 665 669 729 σοι
684 665 740 749 ἔτη
756 685 823 729 σου.
963 684 1114 747 amoram,
1132 666 1170 731 ia
1184 667 1390 749 peroratione
1402 670 1645 750 permotionem
1655 685 1712 735 aa·

965 771 1003 835 rai
1020 773 1080 835 tui.

217 875 279 941 Δύο
293 876 409 962 γενεαί,
426 875 482 942 δυὸ
497 873 579 956 λαοὶ,
596 874 629 939 ἐν
650 874 695 950 οίς
709 874 750 938 τὰ
764 883 821 938 τού
836 872 921 940 Θεού
1009 875 1094 938 Dum
1106 876 1347 954 generationes
1363 876 1509 939 duorum
1523 881 1603 940 eunt
1614 893 1719 959 popu-

170 978 254 1046 eona
269 981 337 1064 ἔτη.
354 1019 396 1028 -
412 977 499 1046 Ἀντί
514 989 585 1044 τού·
597 977 728 1058 Δίδαξύν
742 999 780 1063 με
792 979 850 1062 τὴν
866 977 922 1061 φύ-
965 982 1087 1061 lorum,
1104 981 1140 1043 in
1156 981 1279 1060 quibus
1308 981 1390 1045 anni
1412 982 1474 1045 Dei
1490 983 1650 1045 existunt.
1676 1017 1715 1028 -

172 1099 221 1148 σιν
236 1093 296 1149 τῶν
310 1081 446 1149 ενταῦθα
467 1083 604 1168 ἡμερῶν,
621 1083 662 1158 ὥς
686 1083 771 1146 ἔστιν
792 1079 920 1166 ἒντελὴς
965 1086 1015 1150 Ne
1028 1085 1260 1150 reuocermein
1273 1084 1408 1148 dimidio
1421 1085 1547 1150 durum
1561 1101 1712 1165 οιαοονιινι,

169 1189 224 1252 καί
239 1184 375 1273 βραχεῖα
394 1187 450 1250 καί
464 1184 576 1272 ὀλίγη·
598 1187 653 1250 καί
675 1185 710 1249 ἒν
732 1183 919 1269 πληρώματι
965 1207 1026 1271 pro
1038 1189 1117 1252 hoo:
1131 1190 1218 1252 Doce
1234 1206 1289 1251 me
1301 1193 1459 1252 naturam
1475 1189 1715 1254 hodiernorum

167 1289 295 1377 ἡμερῶν
315 1289 451 1375 ποιήσας
472 1311 510 1376 με
531 1287 686 1376 γενέσθαι,
709 1286 852 1375 ἀνάγαγε
879 1309 918 1374 με
963 1293 1106 1372 dierum,
1123 1308 1225 1373 quem
1241 1294 1355 1356 tenuis
1366 1295 1412 1357 eit
1423 1298 1456 1356 et
1469 1294 1582 1358 brevis
1598 1299 1632 1358 et
1648 1295 1717 1358 exi·

167 1394 324 1461 ἐντεῦθεν·
339 1397 356 1459 t
372 1395 502 1480 ἐντελὴς
517 1394 552 1459 δὲ
573 1393 706 1473 ἐξελθὼν
727 1392 762 1459 ἒν
784 1390 840 1480 βίῳ
862 1395 917 1458 καί
961 1412 1042 1477 gua,
1070 1399 1104 1458 et
1126 1396 1185 1477 qui
1208 1397 1244 1458 in
1267 1396 1480 1476 plenitudine
1508 1397 1640 1461 dierum
1657 1415 1714 1462 me

166 1499 290 1586 γνώσει,
305 1499 340 1565 ἒν
361 1496 467 1584 ἡμίσει
489 1498 641 1584 ἀνάγεται
662 1497 799 1584 ἡμερῶν,
823 1497 916 1563 οἱονεί
962 1517 1034 1563 esee
1049 1498 1169 1579 fecisti,
1181 1499 1302 1563 exinde
1315 1500 1401 1564 eduo
1416 1517 1481 1563 me.
1495 1502 1555 1565 lile
1568 1501 1628 1582 qui
1640 1519 1715 1584 per·

167 1600 360 1690 ἐξὴμισείας
374 1600 607 1689 πεφωτισμίνος
622 1603 710 1688 παρὰ
727 1601 852 1686 Πατρύς
863 1602 919 1667 καί
962 1601 1071 1666 feotue
1090 1606 1151 1682 eet,
1168 1607 1201 1666 et
1216 1603 1340 1667 transit
1352 1620 1412 1684 per
1434 1605 1541 1668 vitam
1558 1609 1592 1668 et
1607 1607 1714 1670 soien-

169 1706 243 1772 Υίού
257 1709 312 1773 καί
328 1706 420 1794 ἁγίου
434 1706 628 1794 Πνεύματσς.
963 1707 1058 1786 tiam,
1074 1707 1111 1770 in
1130 1706 1269 1770 dimidio
1293 1712 1472 1771 revoeatur
1495 1708 1637 1790 dierum,
1660 1727 1717 1792 pe-

963 1810 1058 1874 rinde
1072 1828 1112 1873 ao
1135 1811 1164 1874 ei
1180 1828 1223 1873 ex
1238 1810 1379 1875 dimidio
1395 1813 1609 1877 illuminatus
1624 1814 1669 1876 eit
1694 1831 1716 1876 e

962 1916 1061 1979 Patre
1077 1919 1111 1978 et
1125 1915 1210 1978 Filio
1227 1918 1262 1979 et
1276 1916 1406 1996 Spiritu
1421 1919 1547 1980 eanoto.

207 2153 235 2194 ν.
246 2135 289 2191 25.
298 2134 401 2193 vaae
412 2134 534 2204 Quoties
549 2133 586 2190 de
600 2131 740 2208 perfectis
757 2130 864 2204 egitur,
879 2129 1019 2188 recolitur
1029 2129 1171 2186 memorie
1190 2128 1494 2187 oetheohumenorum.
1513 2131 1626 2188 Ultima
1637 2132 1716 2190 oleu-

169 2225 236 2282 σοῖο
247 2224 489 2282 eommeuterium
501 2241 566 2280 esee
579 2221 732 2282 homiliam
744 2219 900 2293 signifieat

800 2409 969 2518 Paulinae
995 2404 1092 2486 ΟΠ.

215 2665 247 2710 ν.
265 2644 294 2708 1.
309 2637 453 2726 Εύλύγει,
475 2633 602 2724 ἡψυχὴ
626 2657 697 2722 μου,
715 2635 768 2698 τὸν
790 2629 917 2716 Κύριον,
1006 2648 1038 2693 v.
1057 2631 1085 2694 1.
1108 2631 1255 2714 Bataua,
1280 2636 1393 2701 aniate
1413 2653 1493 2717 mee,
1515 2637 1663 2716 Domino,
1682 2643 1715 2703 et

171 2751 227 2814 καί
240 2747 345 2813 πάντα
360 2746 400 2810 τὰ
415 2741 502 2821 ἐντός
519 2763 588 2829 μου,
603 2742 640 2806 τὸ
662 2739 763 2825 ὄνομα
777 2737 812 2800 τὸ
828 2737 918 2822 ἅγιον
962 2735 1071 2800 martio
1091 2751 1160 2817 qua
1174 2739 1267 2806 intra
1281 2757 1330 2806 me
1351 2746 1438 2822 eunt,
1456 2744 1582 2808 iamiar·
1604 2749 1714 2812 sancto

171 2854 278 2917 οοτοο.
302 2850 448 2930 Vaaoea,
465 2849 496 2911 2.
962 2840 1044 2920 eju.

160 2983 163 2990 ⁴
215 2954 311 3022 Πᾶσα
333 2952 461 3038 δύναμις
482 2959 538 3016 τού
560 2951 633 3032 ἔσο),
651 2948 707 3012 καί
728 2943 799 3009 κατ’
812 2942 920 3009 εἰκόνα
1008 2948 1124 3012 Omnis
1138 2954 1286 3030 potestas
1310 2952 1402 3016 intus
1418 2955 1478 3032 eet,
1493 2957 1596 3035 atque
1607 2950 1711 3032 juxta

171 3071 227 3126 τού
248 3059 332 3127 Θεοῦ
354 3056 528 3142 ἀνθρώπου,
559 3055 624 3119 οίον
650 3052 672 3137 ἡ
695 3052 838 3136 νοητικὴ,
863 3048 920 3114 καί
965 3052 1152 3131 imaginem
1166 3055 1229 3118 Dei
1243 3055 1401 3135 hominis,
1418 3057 1528 3138 qualis
1544 3061 1595 3120 est
1609 3057 1714 3122 faoul-

171 3163 355 3249 διανοητικὴ
373 3163 428 3226 καὶ
442 3159 463 3245 ἡ
478 3156 695 3243 ἑπιύλεπτικὴ,
712 3158 767 3221 κού
785 3156 807 3241 ἠ
823 3155 920 3239 ὁρμη-
964 3161 1016 3220 tae
1028 3157 1254 3240 intelligendi,
1265 3165 1298 3224 et
1309 3162 1493 3242 cogitandi,
1506 3167 1540 3226 et
1550 3163 1715 3244 aspicien-

171 3270 254 3354 τινιὴ,
270 3270 324 3332 καὶ
335 3267 357 3352 ἡ
370 3264 577 3351 φανταστικὴ,
592 3262 647 3326 καί
661 3259 694 3323 αἱ
709 3257 825 3323 λοιπαί.
842 3256 920 3322 Ἐσ-
964 3261 1009 3341 di,
1022 3264 1056 3325 et
1067 3262 1193 3340 agendi
1205 3267 1240 3326 et
1248 3264 1472 3345 imaginandi,
1485 3271 1518 3329 et
1529 3267 1614 3330 alite.
1627 3268 1714 3331 Prae·

171 3374 251 3438 τιτὸ
266 3374 322 3450 τὰς
337 3368 429 3447 θείας
443 3368 577 3454 χάριτας
591 3367 642 3433 δια
659 3370 695 3432 τὸ
710 3366 816 3451 ὑμνεῖν
832 3362 918 3450 ἀμεί-
962 3369 1031 3429 etat
1056 3371 1172 3429 eutem
1195 3366 1320 3432 divinis
1349 3370 1549 3434 muneribus
1571 3389 1632 3452 per
1653 3371 1715 3453 hy-

171 3475 288 3541 6εσθαι.
316 3474 440 3559 Ἑαοτῷ
466 3473 521 3538 ούν
550 3470 752 3556 ίγκελεύετοιι
777 3469 918 3553 εὐλογεῖν
962 3488 1081 3534 mnum
1096 3471 1307 3556 respondere.
1320 3473 1462 3537 sibimet
1477 3476 1586 3553 igitur
1597 3477 1713 3557 praeoi-

170 3583 224 3646 τὸν
240 3579 331 3662 Θεὸν,
345 3579 401 3642 καί
415 3578 530 3663 ὑμνεῖν,
545 3575 645 3641 καλὸν
663 3574 830 3659 φάρμακον
846 3571 917 3637 {aa
962 3574 1216 3657 pitbenedioere
1224 3559 1293 3640 D'eo
1302 3582 1336 3640 et
1343 3596 1421 3642 eum
1429 3580 1712 3662 celebrereegre·

170 3693 237 3768 τού,
253 3685 311 3770 τὴν
334 3684 378 3760 εἰς
401 3681 482 3748 Θεὸν
505 3679 651 3766 εὐλογίαν
672 3677 839 3764 τιθέμενος.
859 3676 918 3742 Διὰ
963 3683 1022 3760 gia
1034 3683 1071 3744 in
1085 3682 1155 3744 Deo
1166 3681 1395 3746 benedioendo
1410 3684 1542 3748 medela
1556 3685 1622 3750 eibi
1638 3703 1712 3767 pro-

170 3797 232 3853 τῶν
247 3786 345 3868 ἐντὸς,
367 3787 403 3852 τύ
418 3784 453 3865 ἒξ
468 3785 545 3869 ὅλης
568 3780 684 3870 ἰσχύος]
696 3781 798 3866 δηλοῖ.
813 3775 860 3846 Ἢ
882 3783 918 3846 τὸ
961 3787 1081 3870 posite.
1099 3787 1163 3849 Per
1181 3787 1341 3850 interiore
1355 3787 1530 3866 signifieat
1547 3807 1589 3852 ex
1605 3791 1711 3853 omni·

170 3893 277 3958 αύιντα
289 3893 331 3958 τὰ
345 3893 442 3974 ἐντὸς,
456 3890 525 3956 ἀντὶ
539 3899 594 3953 τοῦ
606 3887 694 3952 πᾶσά
711 3908 769 3973 μου
786 3885 919 3971 ενθύμη-
963 3894 1028 3957 bue
1050 3891 1192 3972 viribus,
1209 3893 1264 3956 vel
1280 3894 1394 3957 omnia
1409 3911 1486 3974 quae
1508 3896 1599 3958 intre
1620 3900 1712 3975 eunt,

172 4018 219 4074 σῖῖ
231 3997 286 4061 καὶ
301 4003 364 4060 πᾶν
376 3994 499 4081 νόημα·
515 3994 601 4070 ἐντὸς
616 3994 678 4080 γὰρ
689 4000 745 4056 τοῦ
756 3988 920 4075 ἀνθρώπου
964 3999 1024 4079 ait,
1039 3995 1198 4060 videlicet
1212 3999 1284 4059 tota
1298 3997 1366 4060 mei
1388 3996 1557 4061 sentiendi
1573 4003 1607 4062 et
1621 4001 1714 4078 eogi-

201 4189 251 4258 Be.
271 4203 322 4258 011,
340 4181 369 4246 ν.
388 4189 412 4242 1.
424 4186 492 4242 Vet
510 4186 536 4241 4.
554 4185 667 4242 Ultimo.
684 4198 755 4238 eene
772 4179 916 4237 Eusebiae
965 4184 1136 4242 adducendo
1148 4184 1288 4256 attrahet
1298 4202 1388 4257 quere
1397 4184 1483 4258 jubet
1495 4186 1654 4242 Dominum
1665 4186 1715 4243 be-

166 4273 242 4347 legit
253 4291 288 4331 eo
299 4291 380 4331 more
397 4290 450 4329 suo
467 4273 582 4329 recoxit
598 4275 829 4339 παραφραστικαῖς.
848 4269 918 4325 Tria
961 4273 1104 4344 neumare,
1113 4273 1170 4328 hoo
1178 4277 1224 4328 eet
1233 4272 1385 4342 honorare,
1396 4277 1427 4328 et
1436 4273 1554 4328 assidue
1564 4278 1634 4328 ente
1645 4289 1711 4328 oou·

167 4367 219 4416 eut
236 4366 364 4433 quotuor
380 4358 472 4419 verbe
488 4359 613 4415 corrasit
629 4358 769 4429 vulgatus
786 4356 918 4412 Athene-
962 4360 1007 4416 loe
1019 4359 1136 4416 hebere.
1147 4358 1293 4414 Caurum
1306 4359 1424 4432 Moyeee
1435 4375 1549 4430 quoque
1560 4357 1650 4414 trium
1662 4357 1715 4414 ho-

168 4447 237 4518 uiue,
243 4448 328 4520 lorge
334 4451 364 4503 et
370 4447 502 4503 liberiori
512 4443 918 4517 menuexoorpeitHereoleo-
963 4465 1029 4503 rum
1046 4445 1225 4502 mentionem
1240 4444 1347 4500 fooieee
1368 4445 1450 4502 visus
1468 4450 1515 4501 eet
1532 4443 1563 4499 iu
1585 4443 1713 4500 hominis

167 4539 208 4604 te,
221 4534 272 4606 qui
289 4532 388 4608 pergit
404 4533 436 4590 in
453 4532 621 4606 prolixiore,
639 4547 699 4586 non
717 4529 839 4602 Origeni
856 4529 919 4601 qui·
963 4531 1147 4602 formatione,
1160 4547 1195 4585 eo
1207 4530 1337 4602 oorporie
1350 4529 1550 4601 quidem‚eum
1563 4529 1622 4584 eit:
1637 4529 1715 4584 “Ao-

169 4620 244 4692 dem,
256 4619 310 4677 aed
321 4619 448 4677 fortasse
460 4619 512 4675 elii
525 4617 642 4688 seniori,
655 4635 707 4672 our
719 4633 778 4672 non
787 4615 919 4671 (ilemen-
964 4620 1043 4692 oepit
1054 4619 1205 4692 pulverem
1217 4615 1254 4671 de
1266 4620 1347 4672 terre
1356 4654 1381 4687 „‚
1400 4603 1509 4671 enimae'
1517 4631 1596 4684 vero,
1613 4631 1667 4688 per
1680 4615 1715 4670 il-

168 4707 214 4764 ei?
231 4705 422 4778 restituenda,
441 4706 540 4784 quuiie
556 4723 584 4763 v.
603 4723 631 4776 g.
652 4703 761 4759 “Alius
779 4720 850 4761 vero
868 4703 919 4774 eit,
964 4704 1029 4761 lud:
1049 4702 1121 4759 “Ad
1133 4700 1292 4772 imaginem
1309 4707 1339 4758 et
1354 4701 1610 4774 similitudinem„
1630 4701 1715 4775 epiri·

169 4795 248 4868 quod
260 4813 327 4851 oum
338 4794 436 4850 anime
448 4795 529 4849 inter-
538 4808 644 4864 eorpus
656 4790 849 4864 spiritumque
860 4807 921 4846 me·
965 4796 1014 4848 tue
1026 4789 1141 4848 veroin
1152 4787 1218 4842 illo:
1238 4791 1253 4822 ‘⁸
1263 4793 1295 4843 et
1305 4787 1463 4860 inspiravit
1475 4786 1521 4864 [in
1533 4787 1639 4843 feoiem
1652 4787 1715 4859 ejue

170 4881 220 4938 die
227 4882 275 4954 eit,
284 4899 389 4954 oorpne
399 4880 517 4953 quidem
523 4896 589 4935 eam
597 4877 635 4932 ed
644 4877 779 4951 propriae
788 4878 921 4950 oenoupi-
965 4877 1144 4954 epireoulum
1155 4872 1234 4950 vitm]
1242 4913 1266 4946 „.
1280 4874 1352 4942 Quae
1365 4891 1436 4930 eene
1448 4873 1492 4929 ite
1503 4874 1648 4930 audiendo
1657 4891 1716 4930 non

170 4969 297 5027 eoentiee
309 4967 489 5038 eervileeque
499 4966 667 5038 voluptates
680 4963 824 5035 detrehet
837 4965 922 5036 quasi
965 4971 1035 5022 eunt
1046 4964 1117 5036 quin
1128 4961 1249 5048 humani
1265 4960 1419 5033 oompoeiti
1437 4960 1536 5016 unitae
1552 4961 1715 5033 personalis

170 5057 296 5130 desuper
308 5072 346 5113 ex
357 5055 417 5112 olto
434 5054 530 5128 ipsum
546 5051 758 5126 quodammodo
772 5051 921 5124 dejiciens,
965 5054 1098 5112 laedatur.
1110 5051 1175 5107 Ima
1185 5047 1295 5123 pegiue
1306 5053 1418 5119 notura,
1431 5065 1491 5105 non
1507 5065 1578 5106 vero
1590 5048 1716 5121 probare

169 5137 921 5218 epiritueveroadseipsumqueeienreumadDenm
962 5143 1042 5218 juvit
1052 5141 1129 5199 hene
1139 5135 1356 5214 philosophiam
1367 5134 1640 5194 Alexandrinorum.
