4008 6094
834 361 876 426 IN
900 363 1084 427 PSALMOS

225 492 295 558 oux
320 494 404 559 ἔστιν
433 495 529 560 εἰπεῖν
559 507 658 560 ταῦτα
687 499 759 576 τούς
789 501 832 586 μη
863 507 926 564 τῶν
1015 503 1106 564 Haec
1127 501 1238 566 dicere
1261 520 1328 566 non
1350 507 1498 585 pertinet
1519 508 1561 572 ad
1584 512 1716 590 eosqui

179 595 265 662 ἰδίων
293 594 527 683 ἁμαρτημάτων
556 598 815 686 αἰσθανομένους·
846 604 926 681 τινὲς
970 608 1184 684 peccatorum
1200 622 1338 670 suorum
1351 613 1715 694 sensumnonhabent‚

177 711 256 785 γοῦν
266 703 320 766 καί
334 701 553 789 έκκαυχῶνται
566 705 622 768 καί
643 703 772 788 ἥδονται
786 715 850 782 τοῖς
872 705 926 771 αύ-
970 706 1138 786 siquidem
1153 709 1261 788 aliqui
1284 710 1387 773 etiam
1403 714 1559 778 exultant
1574 721 1608 778 et
1629 717 1717 780 dele·

177 813 240 870 τῶν
254 803 531 893 πλημμελημασιν,
555 805 597 884 ὡς
611 804 712 891 ἡδέως
729 817 829 874 ταῦτα
851 807 926 894 βασ-
970 814 1105 874 ctantur
1119 799 1266 892 peccetis
1281 815 1363 892 suis,
1379 817 1477 896 quasi
1492 835 1570 880 curn
1588 820 1715 898 gaudio

177 907 335 989 τάζοντες.
351 909 418 974 Καί
437 909 479 988 ῶς
502 911 585 976 ἔστιν
600 911 663 976 ἀπό
684 911 789 977 ποδῶν
812 914 846 978 ἔν
865 935 927 978 τισι
972 913 1032 976 illa
1047 910 1201 977 ferentes.
1217 915 1261 978 Et
1271 916 1361 979 sicut
1375 917 1579 997 quibusdam
1595 920 1717 986 delicta

178 1015 264 1078 κατά
274 1015 328 1078 τόν
339 1009 483 1097 Ἠσαίαν,
497 1017 577 1079 ούτω
587 1016 642 1079 καί
654 1014 872 1101 ύπεραίρονται
884 1038 928 1082 τι·
970 1021 1052 1080 eunt
1073 1016 1174 1098 juxte
1198 1019 1310 1100 pedes,
1335 1025 1374 1084 nt
1400 1021 1502 1086 habet
1529 1025 1645 1104 isaias,
1667 1026 1717 1089 sic

179 1137 241 1184 νων
255 1117 289 1183 αί
304 1117 439 1204 ἀνομίαι.
463 1117 619 1205 Κεφαλὴν
635 1119 670 1183 δὲ
693 1119 778 1206 λέγει
800 1123 836 1185 τό
852 1121 928 1207 ηγε-
970 1120 1074 1183 etiam
1085 1122 1277 1202 aliquorum
1290 1124 1488 1206 iniquitates
1502 1129 1715 1192 attolluntur.

178 1219 315 1307 μανικόν.
337 1221 437 1288 Φύσει
460 1222 499 1287 δὲ
517 1231 574 1308 της
593 1221 707 1301 κακίας
727 1233 928 1310 κατωρερούς
971 1225 1079 1304 Caput
1099 1229 1213 1291 autem
1235 1231 1335 1291 vocat
1356 1229 1427 1292 vim
1441 1231 1582 1294 rationis
1599 1233 1714 1312 praci-

178 1345 213 1390 τε
228 1327 326 1410 ούσης
340 1327 397 1391 καὶ
407 1324 593 1412 βαρυτάτης,
614 1326 706 1413 μόνος
728 1328 745 1393 ό
768 1337 927 1414 μετανοῶν
971 1342 1084 1406 paam.
1097 1330 1182 1390 cum
1199 1345 1280 1393 vero
1291 1347 1333 1394 en
1344 1337 1541 1397 naturasua
1555 1335 1719 1417 iniquitas
1739 1387 1743 1404 ,

178 1439 234 1495 τού
260 1429 375 1516 βάρους
403 1431 502 1515 αὐτῆς
526 1430 758 1502 ἐπαισθάνεται.
785 1426 880 1498 Ὅθεν
909 1432 927 1498 ό
970 1429 1127 1494 deorsum
1141 1438 1281 1514 premat,
1297 1439 1331 1497 et
1341 1436 1545 1514 gravissime
1555 1438 1610 1518 sit,
1622 1439 1715 1502 solus

177 1532 259 1611 Θεός
287 1536 361 1612 τοὺς
382 1533 646 1621 περορτισμένους
668 1537 722 1600 καί
747 1544 923 1614 κοπιῶντας
970 1534 1031 1614 qui
1051 1536 1286 1616 poenitentiam
1308 1539 1392 1619 agit,
1414 1542 1620 1618 gravitatem
1643 1541 1717 1622 eJus

179 1637 233 1704 διὰ
262 1635 426 1724 μετανοίας
451 1639 540 1723 ἣκειν
568 1641 645 1726 πρός
672 1642 766 1705 αὐτόν
794 1639 926 1706 κελεύει.
970 1637 1122 1720 percipit.
1138 1639 1232 1702 Unde
1248 1641 1339 1705 Deus
1349 1640 1449 1721 jubet
1465 1661 1552 1707 ceos
1567 1645 1628 1725 qui
1639 1661 1717 1708 one·

180 1740 283 1808 Πάλιν
297 1741 415 1820 ἐκεῖνος
430 1742 611 1810 αἰσθάνεται
624 1752 682 1828 της
696 1741 848 1822 δυσωδίας
865 1753 927 1809 τῶν
971 1741 1037 1803 rati
1052 1747 1134 1804 suut
1148 1747 1182 1806 et
1196 1743 1391 1826 laborant»
1411 1764 1470 1827 per
1480 1749 1714 1828 peonitentiam

180 1843 264 1911 ίδίων
287 1845 529 1932 ἁμαρτημάτων,
553 1848 571 1913 ό
596 1851 655 1934 την
676 1847 814 1936 χοιρῶδη
841 1849 927 1935 ζωὴν
975 1845 1122 1909 «venire
1138 1846 1180 1910 ad
1196 1848 1356 1929 seipsum.
1369 1869 1388 1909 ν
1401 1853 1529 1915 Rursus
1542 1852 1599 1916 ille
1615 1853 1718 1917 sentit

177 1947 378 2037 ἀποθέμενος,
392 1953 448 2016 καί
469 1950 555 2018 θείαν
577 1951 720 2038 αἴσθησιν
743 1952 782 2018 ἐκ
796 1962 851 2018 τοῦ
870 1951 923 2017 λό·
970 1949 1121 2014 fetorem
1144 1967 1284 2015 suorum
1307 1957 1532 2034 peecatorum,
1555 1956 1616 2036 qui
1632 1957 1713 2020 suil-

176 2075 235 2139 γου
257 2052 362 2120 λαδῶν
377 2063 433 2119 τού
449 2053 541 2122 Θεοῦ.
566 2054 643 2141 Περὶ
664 2057 726 2142 γὰρ
748 2063 809 2122 τῶν
827 2055 925 2122 τοιού·
970 2053 1038 2117 lam
1049 2055 1157 2117 vitam
1168 2055 1334 2136 deposuit,
1347 2059 1381 2119 et
1392 2055 1545 2120 divinum
1557 2076 1599 2121 ex
1614 2057 1716 2122 verbo

177 2178 240 2225 των
260 2157 377 2244 ἐρρήθη
394 2158 446 2223 τό·
468 2158 524 2245 Μὴ
539 2158 618 2245 βάλε
639 2163 711 2238 τούς
734 2159 926 2246 μαργαρίτας
969 2157 1032 2222 Dei
1053 2175 1190 2222 sensum
1213 2160 1372 2240 percepit.
1387 2161 1436 2224 De
1458 2159 1512 2224 his
1528 2162 1652 2243 quippe
1667 2162 1716 2225 di·

177 2261 352 2350 έμπροσθεν
372 2271 435 2328 τῶν
455 2261 580 2349 χοίρων.
597 2303 638 2314 -
655 2263 789 2349 Χοίρους
811 2264 839 2328 δ’
858 2263 928 2330 ἐκεῖ
968 2266 1062 2325 ctum
1085 2265 1150 2325 est:
1173 2263 1315 2326 «Nolite
1330 2263 1494 2344 projicere
1509 2267 1712 2345 margaritas

177 2363 327 2452 ὀνομάζει
347 2369 419 2445 τούς
440 2377 508 2445 ταῖς
530 2366 692 2446 δυσωδίαις
706 2377 769 2434 τῶν
782 2368 925 2454 άμαρτη-
968 2369 1047 2429 ante
1069 2382 1229 2449 porcos.»
1249 2401 1287 2411 —
1304 2368 1425 2432 Porcos
1447 2373 1561 2432 autem
1585 2370 1640 2434 hic
1658 2387 1713 2434 vo·

179 2471 285 2556 μάτων
305 2469 482 2556 χαίροντας
498 2471 575 2538 Ἐάν
598 2471 632 2536 δέ
647 2491 708 2537 που
730 2471 887 2558 ἀπόθηται
907 2474 925 2540 ό
968 2474 1033 2550 cat,
1046 2486 1102 2534 eos
1117 2471 1177 2551 qui
1188 2469 1444 2535 oblectanturin
1457 2471 1714 2556 foetoribuspcc·

180 2574 375 2660 ἁμαρτωλός,
391 2575 430 2639 ἵν’
445 2577 542 2653 ούτως
565 2576 602 2641 ού
624 2575 758 2662 νομίζων
779 2577 838 2662 την
859 2576 925 2663 χοί-
968 2579 1131 2638 catorum.
1154 2573 1269 2638 Sicubi
1291 2579 1406 2640 autem
1429 2576 1621 2661 deposuerit
1637 2595 1712 2659 pee-

176 2699 239 2762 ρων
264 2678 418 2765 αίσθησιν,
447 2679 653 2766 άναλαμύάνη
681 2681 720 2746 ἐκ
744 2689 800 2746 τού
829 2678 924 2765 λόγου
968 2680 1071 2758 catur,
1094 2682 1134 2741 ut
1155 2677 1213 2758 sic,
1237 2680 1412 2759 repudiato
1434 2697 1455 2742 a
1477 2685 1590 2745 mente
1612 2682 1713 2746 suillo

175 2793 232 2848 τού
246 2782 331 2849 Θεού
346 2785 501 2870 αἴσθησιν,
517 2783 559 2862 ὡς
570 2783 771 2851 αἰσθάνεσθαι
781 2793 838 2870 της
853 2784 924 2852 δυσ·
967 2799 1080 2862 sensu,
1106 2781 1271 2862 suscipiat
1299 2783 1509 2847 intellectum
1539 2802 1581 2848 ex
1608 2787 1712 2850 verbo
1752 2811 1756 2821 ·

175 2884 269 2964 ωδίας
299 2895 362 2953 τῶν
384 2887 467 2954 ἰδίων
489 2887 733 2974 ἁμαρτημάτων,
761 2886 844 2954 θέλει
869 2890 925 2954 ούν
967 2885 1039 2964 Dei,
1059 2884 1149 2948 unde
1164 2883 1300 2948 olfaciat
1314 2884 1465 2950 foetorem
1481 2905 1620 2952 suorum
1638 2907 1712 2971 pec-

175 2999 377 3076 παραστηναι
388 2993 441 3056 τόν
454 2990 825 3079 petulcumque·
837 2993 924 3058 em·
967 2991 1132 3068 catorum,
1153 2989 1230 3051 vult
1251 2988 1361 3068 igitur
1375 3008 1487 3054 coram
1503 2996 1591 3057 stare
1606 2996 1711 3074 poeni·

175 3094 289 3180 ποίηκε
303 3095 333 3161 δί
348 3095 537 3181 ἀφροσύνην,
553 3095 655 3162 ταῦτά
667 3117 719 3181 μοι
733 3095 837 3180 ἐσάπη
849 3117 857 3134 ·
872 3097 923 3161 οὐ.
966 3093 1104 3170 tentem,
1117 3109 1157 3154 ac
1171 3090 1298 3156 dicere:
1311 3095 1391 3170 Qum
1403 3094 1467 3158 ieci
1478 3113 1538 3176 per
1553 3097 1712 3178 insipien-

174 3197 319 3286 χέςιγαρ
334 3201 415 3266 αὐτὰ
428 3199 627 3284 ἀναχαιτίζοι,
650 3198 754 3266 πάντα
770 3220 821 3286 μοι
844 3199 921 3278 ὄζει,
968 3195 1062 3274 tiam,
1090 3211 1130 3258 aa
1159 3194 1243 3258 milri
1272 3203 1487 3278 putruerunt,
1518 3201 1714 3264 nullatenus

177 3341 217 3354 -
232 3303 402 3390 Βαρύτατα
417 3313 475 3388 της
489 3301 696 3389 συνειδήσεως
714 3304 757 3380 είς
774 3301 922 3388 ,άπόγνω-
967 3299 1085 3362 eadem
1120 3298 1215 3378 itero,
1246 3301 1359 3364 omnia
1393 3303 1477 3365 mihi
1511 3302 1638 3367 ioetent.
1672 3339 1710 3350 -

173 3428 222 3474 σιν
248 3407 369 3495 ῶθησεν
401 3407 471 3495 μετ’
493 3409 682 3486 έπιτάσεως·
716 3407 763 3474 διό
797 3429 910 3494 φησιν·
966 3402 1174 3466 Gravissima
1195 3404 1408 3467 conscientias
1430 3405 1579 3486 pondera
1600 3407 1635 3470 in
1654 3407 1709 3471 de-

173 3511 280 3595 Δεῦτε,
301 3511 416 3589 πάντες
438 3510 467 3576 οί
488 3520 657 3588 κοπιῶντες
678 3511 733 3576 καί
752 3529 921 3596 πεφορτισ-
965 3505 1189 3587 sperationem
1218 3507 1343 3586 pellere
1369 3509 1479 3570 solent
1507 3527 1586 3572 oum
1613 3511 1711 3574 vehe-

175 3615 270 3702 μένοι,
285 3615 374 3702 κάχῶ
391 3614 564 3681 ἀναπαύσω
579 3616 670 3702 ὑμᾶς.
966 3607 1103 3672 mentia.
1128 3608 1206 3672 Ideo
1221 3611 1284 3672 ait:
1303 3611 1453 3674 «Venite
1468 3611 1512 3674 ad
1526 3628 1580 3676 me
1595 3629 1710 3678 omnes

462 3693 469 3726 ⁸
965 3713 1026 3793 qui
1048 3713 1179 3775 onerati
1201 3713 1292 3792 estis,
1309 3717 1343 3775 et
1364 3730 1429 3793 ego
1444 3713 1593 3778 reficiam
1608 3734 1677 3780 vos.
1691 3739 1708 3774 υ

218 3845 249 3890 v.
275 3827 305 3889 ί.
320 3820 596 3908 Ἐταλαιπῶρησα,
619 3824 674 3888 καί
689 3819 921 3909 κατεκάμρθην
1009 3831 1041 3877 v·
1068 3815 1099 3878 7·
1127 3814 1361 3898 Mittrsaclttt
1388 3834 1471 3896 otuu,
1503 3822 1535 3882 ot
1561 3825 1715 3885 αιτοαιαε

173 3927 232 4006 ἕως
243 3923 362 4010 τέλους,
377 3926 456 4012 όλην
471 3928 530 4013 τὴν
544 3924 666 4012 ἡμέραν
686 3925 920 4012 σκυθρωπάζων
964 3936 1037 3985 um
1057 3934 1158 4001 ιτερατα
1174 3920 1331 4004 influere,
1350 3923 1417 3986 tora
1429 3920 1481 3986 die
1495 3925 1603 3988 muco
1616 3925 1711 3990 οτιίίττ

180 4029 385 4116 ἐπορευόμην.
964 4023 1177 4107 immediator.

80 4217 83 4224 Δ
221 4133 316 4220 Τάχα
331 4131 469 4199 τοιοῦτόν
481 4145 510 4198 τι
522 4133 593 4200 ίδῶν
609 4133 626 4200 ό
650 4132 824 4211 ἀπόστολος
843 4133 923 4219 μετὰ
1009 4128 1107 4191 Forte
1122 4145 1166 4191 an
1180 4124 1291 4192 simile
1303 4127 1386 4208 quid
1400 4127 1614 4192 considerans
1626 4132 1711 4210 Apo

176 4239 213 4304 τό
226 4236 444 4325 ἡμαρτηκέναι
458 4235 553 4324 λέγει·
570 4234 776 4323 Ταλαίπωρος
791 4237 853 4323 ίγῶ
869 4237 922 4301 άν-
965 4231 1083 4311 stolus,
1097 4235 1277 4312 postquam
1292 4236 1498 4312 peccaverat,
1514 4231 1610 4295 dicit:
1630 4255 1646 4292 ιι
1661 4237 1712 4297 ln·

220 4409 368 4472 numus
383 4407 421 4470 i„
434 4423 463 4469 η,
480 4406 510 4469 7,
527 4404 676 4469 Misenis
690 4403 828 4487 mom
849 4420 923 4468 gum
966 4383 1066 4463 cavit,
1088 4386 1287 4446 moerentem
1303 4385 1337 4444 et
1351 4380 1588 4444 contristatum
1607 4383 1712 4446 tristi·

176 4499 233 4562 etc.
256 4495 320 4560 Sed
342 4494 456 4558 videat
470 4493 652 4575 aliquando
671 4511 750 4558 eum
773 4494 832 4575 qui
848 4511 923 4574 pec·
967 4488 1017 4550 tia
1039 4504 1115 4568 quae
1142 4485 1329 4551 secundum
1356 4486 1517 4549 saeculum
1545 4488 1611 4566 θείς
1639 4503 1716 4567 quae

210 4655 255 4698 ιιι.
276 4657 305 4697 ν.
325 4639 397 4694 7-11.
415 4640 449 4694 Ἠ
465 4641 618 4705 ύπόπτωσις.
642 4639 657 4672 “
676 4636 735 4693 Sed
752 4635 854 4694 videas
871 4637 923 4692 ali·
967 4639 998 4691 et
1007 4631 1194 4690 humiliatum
1205 4628 1561 4687 nimie...etc.Sic.Rnfln.
1575 4627 1636 4686 8.1.
1650 4631 1716 4688 Hoc

174 4724 290 4798 quando
301 4731 485 4800 peccatorem
497 4723 626 4796 affiiotam
638 4730 667 4780 et
676 4729 822 4780 curvatum
834 4740 920 4795 νεραε
968 4724 1033 4777 erat
1038 4717 1272 4791 pronuntiantium
1283 4717 1406 4788 lugubre
1420 4716 1625 4788 spectaculum.

175 4814 205 4867 τ’ττ
215 4811 309 4883 ματα,
323 4849 339 4881 ,,
352 4809 535 4882 demissoque
544 4809 576 4866 in
588 4817 698 4866 terram
707 4810 800 4880 vulta,
814 4817 845 4866 at
857 4827 924 4866 con-
1001 4822 1029 4862 v.
1043 4805 1068 4859 l.
1081 4805 1148 4860 Vat.
1162 4806 1188 4874 5,
1201 4805 1243 4873 10,
1257 4803 1298 4874 13,
1312 4803 1354 4858 18.
1367 4801 1410 4857 Cf.
1424 4803 1508 4858 Rom.
1523 4819 1576 4861 ττι.
1589 4804 1633 4858 24.
1646 4805 1716 4860 Luc.

174 4901 359 4969 torquentem
368 4895 445 4952 aient
456 4893 487 4950 in
495 4895 606 4952 circulo
619 4895 726 4952 collum
738 4913 831 4966 suum,
845 4895 924 4952 simi·
968 4905 1058 4960 xvnr,
1071 4889 1114 4944 13.
1132 4889 1239 4945 Mettis.
1252 4907 1280 4958 v,
1293 4888 1318 4942 ύ.
1331 4889 1400 4943 Luc.
1414 4904 1455 4956 vr,
1467 4889 1511 4942 25.
1529 4887 1578 4944 Pe.
1592 4905 1677 4961 ινιιι,
1689 4893 1715 4948 5.

173 4985 232 5040 lam
251 4981 420 5056 evangelico
444 4981 612 5052 Publicano,
638 4981 727 5038 etiem
749 4981 781 5038 in
803 4981 922 5040 festivis
968 4977 1048 5035 Fort.
1061 4975 1118 5048 leg,
1130 4977 1265 5046 τράχηλον
1278 4977 1358 5030 αύτού
1370 4977 1533 5044 κάμπτοντα.

174 5067 484 5128 diebuscomedentem
491 5065 924 5142 affiictioniepanem‚afflictum
