3966 6104
730 723 1015 837 snuorus
1052 685 1419 838 nsruoorns

818 989 1046 1055 EPISCOPUS
1068 991 1123 1055 ET
1146 992 1320 1057 MARTYR

331 1213 570 1294 Platonicus,si
582 1215 660 1296 quis
668 1217 756 1280 inter
765 1221 916 1282 vetustos
924 1220 1050 1299 Patres,
1095 1219 1240 1300 tinitnte,
1263 1221 1351 1285 nulli
1367 1222 1476 1305 impar
1499 1227 1596 1304 esset,
1613 1222 1796 1305 prevaluit
1815 1242 1851 1286 e-

299 1318 334 1380 in
349 1319 471 1398 primis
483 1318 654 1384 videbitur
668 1321 868 1386 Methodius:
881 1339 949 1387 non
961 1325 1050 1405 qnod
1094 1323 1179 1386 tiam
1201 1325 1292 1406 apud
1314 1327 1542 1408 Gallandium,
1559 1333 1726 1390 emunctae
1750 1329 1848 1391 naris

298 1423 471 1486 enimvero
501 1425 614 1506 pravis
643 1425 832 1490 Academiae
861 1428 1051 1491 consentiat
1093 1426 1217 1504 virum,
1233 1425 1328 1490 rudis
1351 1427 1589 1510 indigestaque
1610 1431 1851 1511 interpretatio

295 1527 485 1607 sententiis,
501 1545 522 1590 a
538 1528 662 1610 quibus
685 1546 784 1593 nemo
806 1536 961 1594 veterum
981 1549 1050 1594 ma·
1093 1530 1295 1613 combefisii,
1311 1549 1379 1614 quo
1391 1534 1450 1596 vix
1465 1537 1553 1610 alius
1565 1539 1617 1598 est
1630 1536 1720 1617 stylo
1736 1534 1848 1596 horri-

296 1630 351 1706 gis
363 1629 549 1712 abhorruit;
558 1631 617 1695 sed
630 1632 672 1696 ob
683 1631 846 1697 festivum
857 1635 1048 1714 ingenium,
1093 1632 1179 1699 dior.

295 1735 465 1814 poeticum
484 1736 668 1817 eloquium,
683 1737 843 1801 subtilem
859 1743 893 1802 et
909 1739 1047 1818 elegen·
1135 1738 1186 1802 Ad
1201 1741 1424 1805 restauranda
1443 1742 1605 1807 Methodii
1620 1759 1723 1824 opera
1746 1743 1849 1806 obve-

295 1843 364 1900 tem
379 1838 602 1920 dialecticam,
618 1845 652 1904 et
667 1845 877 1905 constantem
892 1840 929 1905 in
945 1860 1047 1906 amoe-
1092 1842 1144 1905 nit
1158 1842 1250 1907 hisce
1262 1844 1381 1910 diebus
1393 1847 1603 1928 insperatum
1620 1851 1654 1909 et
1669 1847 1846 1928 copiosum

295 1942 350 2006 nis
371 1944 710 2009 sermocinationibus
731 1944 886 2010 texendis
909 1963 1048 2011 consue-
1090 1945 1282 2011 subsidium
1301 1966 1343 2012 ex
1365 1949 1537 2014 codicibus
1556 1955 1710 2014 veterum
1731 1951 1848 2014 Slavo-

295 2047 459 2111 tudinem.
475 2049 524 2111 ilo
537 2057 646 2129 usque
661 2050 806 2114 imitatio
822 2051 994 2132 processit,
1007 2055 1047 2115 ut
1090 2067 1177 2113 rum.
1193 2052 1280 2117 Ante
1300 2052 1361 2116 hos
1376 2055 1502 2132 viginti
1517 2055 1652 2118 circiter
1666 2072 1783 2135 annos,
1800 2055 1846 2118 ad

295 2153 439 2216 ultimus
459 2157 493 2216 et
515 2151 665 2232 diligens
688 2156 719 2218 S.
743 2153 904 2219 Methodii
926 2155 1044 2235 editor,
1090 2154 1594 2239 Mosoovitasappulsus,multa
1610 2157 1778 2239 speranda
1791 2175 1843 2222 es-

296 2257 454 2322 Albertus
470 2257 610 2322 Iahnius
620 2250 655 2340 ¹),
673 2275 742 2322 nou
752 2257 961 2323 dubitaverit
970 2260 1045 2324 Pla·
1088 2275 1128 2321 sa
1142 2257 1258 2322 audivi
1281 2277 1322 2323 ex
1341 2277 1398 2324 ore
1423 2261 1512 2324 docti
1538 2262 1605 2325 viri
1628 2261 1763 2342 Gorski‚
1781 2263 1844 2343 qui

294 2367 409 2425 tonem
425 2367 460 2425 et
481 2361 723 2426 Methodiume
743 2364 883 2442 regione
905 2365 972 2430 sibi
993 2380 1045 2428 re·
1090 2361 1319 2428 describendis
1345 2362 1438 2428 hisee
1465 2365 1637 2431 codicibus
1664 2367 1846 2444 egregiam

296 2465 498 2548 spondentes
513 2466 684 2548 exhibere,
700 2466 1046 2550 eademqueverbaet
1089 2469 1238 2533 navabat
1263 2486 1410 2552 operam,
1438 2474 1612 2536 communi
1633 2473 1747 2536 studio
1763 2491 1845 2536 cum

295 2570 431 2636 easdem
461 2570 616 2652 periodos
645 2571 796 2636 vicissim
830 2577 1043 2655 usurpantes.
1089 2572 1196 2637 altero
1221 2573 1432 2655 palaeoslavo,
1463 2576 1503 2638 cl.
1536 2593 1568 2638 v.
1598 2577 1846 2640 Nevostrouiel.

338 2678 427 2741 Sane
457 2674 609 2754 lugenda
632 2680 684 2740 est
705 2676 910 2759 scriptorum
936 2678 1046 2740 sancti
1090 2676 1220 2751 Quibus
1234 2676 1469 2760 iatosublatis,
1485 2673 1675 2761 lampadem
1692 2679 1845 2744 nondum

295 2779 457 2845 Methodii
470 2781 614 2858 strages,
630 2795 707 2860 quae
730 2780 828 2861 quasi
850 2780 960 2861 turbo,
975 2781 1046 2846 iere
1090 2765 1291 2844 exstinctam
1300 2784 1427 2866 recepit
1436 2785 1557 2848 tertius
1567 2789 1773 2865 prosecutor,
1788 2785 1846 2850 do-

295 2885 410 2947 omnia
425 2882 474 2946 ita
488 2879 655 2963 perflavit,
674 2887 713 2946 ut
727 2884 837 2946 solum
861 2883 1047 2948 &animm
1090 2887 1166 2946 ctus
1180 2885 1234 2948 vir
1254 2884 1413 2951 Victoroi.
1436 2887 1501 2952 Sed
1523 2887 1613 2968 quod
1631 2889 1743 2966 magis
1763 2907 1843 2952 nos·
1972 2949 1973 2958 ,

292 2992 460 3073 uirginum
476 3007 517 3053 ex
533 2991 668 3068 integro
686 2991 845 3073 supersit,
867 3007 936 3071 quo
951 3008 1064 3090 sano,
1090 2991 1178 3050 tram
1192 2987 1235 3050 od
1258 3006 1329 3053 rem
1345 3001 1406 3070 est,
1421 2995 1563 3072 quartus
1588 2993 1741 3056 Sarmata
1764 3010 1843 3055 eru·

293 3099 350 3160 tus
363 3095 491 3178 Martyr
505 3095 657 3157 Platonis
671 3093 852 3158 omnnium
867 3096 1046 3160 aemulatus
1091 3089 1192 3172 ditus,
1219 3093 1440 3176 Eugraphius
1470 3094 1682 3173 Loviaguine
1702 3095 1847 3173 collegit

294 3203 355 3278 est,
374 3215 468 3262 «non
487 3202 568 3279 tam,
582 3199 694 3281 inquit
712 3199 896 3280 Possinius,
915 3205 954 3265 ut
971 3200 1046 3282 ejus
1092 3201 1126 3260 et
1141 3198 1270 3260 russico
1287 3197 1440 3262 idiomati
1454 3197 1593 3262 donavit
1608 3214 1710 3280 opera
1724 3199 1757 3262 S.
1773 3199 1842 3262 Me-

294 3304 511 3386 elegantiam,
529 3305 619 3385 quod
629 3305 870 3370 venustissime
886 3303 974 3386 iecit,
991 3323 1047 3370 ex·
1089 3299 1208 3381 thodii,
1224 3317 1300 3383 quae
1315 3317 1419 3384 prope
1434 3302 1525 3366 diem
1541 3307 1707 3383 exspecto.
1758 3371 1760 3376 ,

293 3410 463 3492 primeret,
475 3425 579 3491 qnam
591 3411 639 3489 ut,
648 3407 739 3492 quod
749 3410 964 3491 potissimum
975 3414 1047 3476 stu·
1133 3409 1295 3471 Revertor
1309 3405 1353 3470 ad
1369 3406 1499 3471 codices
1518 3406 1678 3471 Methodii
1701 3424 1844 3487 graecos,

295 3513 380 3592 duit,
407 3512 480 3593 ejus
499 3514 688 3594 nequitiam
714 3513 914 3596 castigaret,
937 3532 1044 3597 quum
1089 3511 1149 3591 qui
1164 3511 1267 3574 etiam
1286 3512 1433 3593 blosquoe
1452 3513 1563 3576 multa
1576 3529 1631 3576 me
1646 3512 1844 3576 curiositate

291 3617 502 3698 precipuum
518 3615 592 3695 ejus
608 3623 852 3697 argumentum
866 3618 912 3682 sit
926 3617 1044 3683 divina
1088 3615 1367 3680 sollicitaverunt.
1383 3618 1435 3681 Ex
1449 3617 1659 3681 Bibliotheca
1681 3616 1844 3698 Synodali

291 3722 516 3800 Virginitas.»
535 3723 739 3786 Gaemrorum
752 3738 892 3803 operum
908 3725 1042 3787 tantum
1086 3719 1151 3783 sub
1166 3737 1260 3784 num.
1276 3721 1342 3785 284
1358 3725 1479 3784 catena
1492 3725 1592 3785 vetus
1608 3723 1644 3785 in
1659 3721 1725 3784 Job
1740 3721 1842 3802 plura

289 3827 424 3890 lacinia
439 3831 579 3890 manent
594 3829 628 3889 et
642 3827 788 3890 volatica
799 3825 890 3908 folia,
903 3844 942 3890 eo
955 3825 1041 3891 diiii·
1086 3824 1171 3918 mihi
1186 3825 1312 3888 obtulit
1332 3824 1557 3904 Methodiana,
1581 3841 1725 3907 quorum
1748 3826 1843 3908 apud

251 3991 253 4001 .
289 3933 390 3996 cilius
410 3932 578 3996 assuenda
593 3935 627 3994 et
641 3931 881 4010 connectenda,
905 3930 995 4013 quod
1012 3932 1042 3996 si
1086 3927 1272 3992 Patricium
1287 3930 1309 3991 J
1312 3929 1432 3991 unium
1448 3945 1617 4010 perpauca
1628 3935 1726 3993 erant
1736 3931 1840 3994 vesti-

288 4037 398 4100 multa
413 4037 449 4099 in
464 4036 642 4116 colloquiis
665 4035 813 4100 auctoris
837 4038 890 4099 est
903 4037 1044 4098 amoeni·
1086 4032 1156 4110 gia.
1182 4034 1354 4097 Nonnulla
1376 4038 1491 4096 tamen
1510 4033 1679 4098 Methodio
1703 4035 1844 4098 incunc-

288 4145 351 4220 tas,
374 4140 453 4204 inde
475 4140 635 4221 frequens
657 4140 777 4204 scribis
792 4144 827 4203 et
849 4138 1042 4205 scholiastis
1086 4139 1199 4199 tenter
1213 4137 1370 4219 ascripsit
1385 4137 1730 4219 combefisius,taoito
1746 4137 1841 4203 ionte

288 4243 490 4324 periculum,
506 4247 607 4324 rupto
621 4243 793 4307 interdum
804 4241 872 4322 iilo,
886 4245 1041 4309 necsatis
1086 4239 1177 4304 unde
1200 4257 1240 4304 ea
1270 4241 1440 4306 hauserat.
1467 4241 1592 4306 Eadem
1619 4245 1697 4324 plus
1723 4245 1841 4307 minus

289 4346 448 4411 distincto
467 4347 747 4427 interrogationis
762 4351 796 4411 et
810 4349 1039 4429 responsionis
1086 4347 1186 4407 aucta
1209 4347 1343 4427 repperi
1361 4346 1397 4408 in
1419 4347 1593 4410 Vaticanis
1616 4347 1757 4410 catenis.
1772 4345 1839 4410 Sed

288 4449 494 4516 discrimine.
532 4453 649 4517 Altera
685 4453 820 4530 ingruit
855 4453 1042 4534 calamitas,
1085 4453 1156 4512 tam
1186 4452 1300 4514 Roma
1326 4467 1429 4531 quam
1460 4451 1609 4532 blosquae
1639 4451 1757 4530 gravis
1788 4466 1844 4514 oo-

292 4555 382 4638 quod
404 4540 592 4638 repudiatis
616 4556 831 4621 versionibus
860 4557 977 4622 Allatii
1007 4561 1043 4622 et
1086 4554 1244 4618 currebat
1258 4551 1451 4634 difficultas,
1466 4555 1618 4618 nondum
1634 4553 1719 4617 mihi
1736 4554 1839 4636 plane

289 4659 446 4742 Possinii,
467 4661 624 4741 quamvis
640 4659 816 4739 graecitate
832 4658 902 4740 ille,
917 4658 974 4724 hio
992 4659 1042 4723 la·
1086 4659 1260 4722 extricata.
1287 4659 1340 4722 Ex
1370 4659 1496 4738 viginti
1525 4660 1664 4724 circiter
1692 4657 1843 4741 scholiis,

290 4849 412 4908 sabellii
434 4867 549 4908 errores
571 4849 658 4910 novis
688 4849 836 4908 erroribus
864 4849 1041 4923 cumulavit3
1085 4845 1220 4905 Judalcis
1231 4846 1490 4922 superstitionibus
1509 4853 1541 4904 et
1556 4847 1645 4904 sectis
1662 4846 1843 4922 adhaerebat,

288 4955 358 4995 nam
369 4937 545 4995 Trinitatem
556 4935 691 5010 negando
708 4953 798 4994 unam
814 4941 930 4992 tantum
942 4952 1042 5010 parso-
1085 4938 1121 4989 ut
1133 4933 1273 4992 Zenobia
1284 4934 1525 5010 Palmyrenorum
1541 4934 1666 5008 Regina
1677 4941 1843 4994 montars-

288 5023 514 5083 namindirina
528 5029 635 5081 natura
652 5023 846 5098 profitebatur
857 5039 925 5080 cum
942 5021 1042 5081 Sabal-
1086 5024 1144 5077 tur.
1548 5089 1553 5100 ⁵

288 5109 339 5179 lio,
350 5109 470 5168 Patrem
486 5126 559 5170 vero
575 5109 737 5185 producere
748 5108 880 5168 Verbum
895 5107 928 5168 in
945 5113 1042 5166 exter-
1123 5107 1150 5178 1)
1163 5105 1192 5163 S.
1205 5106 1351 5165 Methodii
1362 5124 1450 5180 opera
1463 5114 1492 5164 et
1506 5109 1536 5166 S.
1548 5108 1703 5168 Helladis
1720 5109 1842 5168 Plutoni·

292 5195 340 5254 nia
360 5201 477 5258 butum
500 5197 638 5274 operibus
658 5193 824 5269 arcenhem
842 5213 877 5255 ac
897 5199 1043 5272 praterea
1085 5192 1434 5262 marmaritanorum
1445 5195 1525 5254 1866.
