4036 6090
805 418 848 480 IN
871 419 1057 481 PSALMOS
1653 425 1714 488 119

178 549 295 634 λύντες,
309 551 421 616 σικύων
433 548 570 636 θέλομεν
583 550 840 638 μεταλαμθάνειν.
857 550 921 616 Καί
966 557 1127 620 stantiam
1157 558 1291 637 anima,
1324 577 1520 624 cucumeres
1556 561 1713 624 volumus

179 656 287 742 ἐπειδὴ
304 656 340 722 ού
353 655 491 742 θέλομεν
506 658 559 720 τὸν
574 656 668 740 ἄρτον
682 657 735 720 τὸν
750 656 788 721 ἐκ
800 666 856 721 τοῦ
871 657 922 720 ού
966 674 1123 722 comesse.
1152 661 1195 723 Et
1221 661 1386 742 quoniam
1414 664 1572 727 nolumus
1594 682 1715 745 panem

179 769 286 845 ρανοῦ,
310 761 347 824 ού
369 769 527 845 προφῆται
549 757 685 842 κήρυκες
705 761 758 823 καί
773 759 920 842 διάκονοι,
967 761 1715 849 quidecoeioest,cujusprophetaesuntprae·

178 863 308 949 νεφέλαι
328 863 527 948 καλούμενοι,
551 861 651 926 διὰτὸ
674 862 755 946 ὑψοῦ
775 861 923 948 φέρεσθαι
968 881 1067 928 eones
1095 870 1129 928 et
1150 868 1308 946 ministri,
1332 869 1392 948 qui
1419 870 1528 933 nubes
1543 875 1727 949 vocantur,

179 970 281 1034 αὐτῶν
292 969 345 1033 τὸν
360 977 441 1048 νοῦν,
454 968 508 1031 καί
520 966 571 1031 διὰ
587 969 621 1032 τὸ
636 966 671 1030 ἐν
686 965 770 1045 τάξει
785 967 923 1052 νεφελῶν
968 970 1049 1048 quia
1064 987 1200 1033 sursum
1215 988 1310 1035 mens
1323 989 1439 1036 eorum
1451 973 1566 1053 fertur,
1579 980 1613 1038 et
1625 975 1714 1056 quod

177 1081 242 1150 τοῖς
256 1081 378 1156 νοητοῖς
393 1072 494 1148 ὑετοῖς
514 1069 682 1156 κατάρδειν
698 1069 831 1156 ἐτέρους,
851 1071 920 1152 ἐξα·
969 1089 1060 1135 more
1077 1077 1111 1136 et
1125 1074 1241 1138 ordine
1256 1075 1399 1140 nubium
1415 1081 1551 1140 oaeteros
1566 1079 1714 1156 irrigant

178 1174 411 1261 ποστελεῦημῐν
426 1174 443 1239 ὁ
458 1172 538 1252 Θεὸς
553 1173 649 1259 κρέας
664 1173 737 1240 ὡσεί
752 1184 843 1261 γοῦν,
864 1177 923 1252 ἕως
966 1176 1201 1256 spiritualibus
1216 1178 1392 1259 imbribus,
1407 1181 1497 1244 Deus
1520 1183 1632 1244 mittat
1654 1198 1710 1244 no-

177 1279 286 1365 ἐξέλθη
313 1282 433 1346 ἐκτῶν
458 1277 636 1364 μυκτηρίων
658 1278 760 1364 ἡμῶν,
783 1282 838 1344 καί
863 1280 922 1358 έως
967 1278 1019 1342 bis
1035 1297 1154 1344 earnes
1171 1287 1210 1344 ut
1224 1283 1408 1362 pulverem,
1435 1283 1604 1348 «doneca
1625 1285 1715 1348 nari·

177 1383 332 1469 πληρύση
347 1383 432 1468 ἡμᾶς
443 1381 545 1460 νόσοις
557 1385 611 1447 καί
624 1382 923 1471 μαλακίαιςὼςτην
968 1381 1032 1445 θῦε
1056 1385 1179 1447 nostris
1207 1386 1467 1465 egrediantur,›>
1493 1391 1526 1450 et
1554 1389 1716 1468 impleant

177 1487 301 1572 δυσώδη
329 1489 384 1552 καί
411 1486 610 1572 πολύδακρυν
635 1486 789 1573 ἁμαρτίαν
816 1490 923 1575 ἐπιζη-
967 1502 1028 1548 nos
1048 1487 1163 1550 morbo
1182 1491 1216 1551 et
1238 1489 1412 1570 languore,
1436 1491 1533 1570 qnasi
1557 1491 1715 1573 putidum

175 1603 316 1670 τοῦντας.
333 1589 373 1656 Οί
387 1592 449 1676 γάρ
472 1598 533 1654 τῶν
548 1599 707 1676 κοσμικῶν
729 1592 923 1678 πραγμάτων
968 1591 1154 1673 multisque
1179 1591 1323 1671 dignum
1353 1595 1511 1676 lacrymis
1538 1600 1713 1675 peccatum

175 1693 388 1770 ἀπολαύοντες
402 1702 527 1758 νοσοῦσι
541 1696 599 1779 την
624 1694 730 1780 ψυχὴν
745 1696 797 1761 διὰ
812 1705 921 1780 ταῦτα,
968 1710 1169 1774 quaeramus.
1199 1697 1262 1770 Qui
1290 1697 1379 1759 enirn
1407 1699 1587 1762 mundanis
1610 1700 1711 1764 rebus

175 1800 231 1863 καί
246 1798 279 1862 ἐν
293 1795 414 1883 χολέρφι
435 1797 489 1860 καί
511 1796 591 1881 νύσιρ
614 1797 674 1862 εἰσί
696 1799 750 1863 καὶ
767 1807 843 1864 πᾶσι
865 1820 922 1864 κα-
965 1797 1124 1880 fruentes,
1146 1805 1315 1879 aegrotant
1335 1803 1459 1882 anima,
1482 1809 1658 1884 propterea
1672 1806 1707 1867 in

175 1913 244 1981 κοῖς
259 1902 311 1968 διά
325 1903 383 1986 την
397 1897 546 1985 διψυχίαν
562 1901 674 1966 αὐτῶν.
966 1903 1095 1965 vomitu
1119 1908 1152 1966 et
1174 1922 1301 1968 nausea
1323 1909 1412 1985 sunt,
1438 1911 1472 1968 et
1494 1907 1530 1970 in
1553 1907 1709 1970 omnibus

966 2007 1075 2087 malis,
1107 2011 1242 2089 propter
1276 2010 1426 2089 perplexi
1460 2009 1566 2072 animi
1601 2010 1709 2091 dupli-

968 2109 1115 2172 citatem.

221 2211 313 2280 Ἀλλ’
326 2211 412 2297 ἡμᾶς
439 2209 560 2295 γένοιτο
587 2211 748 2296 νηστεύειν
776 2210 922 2298 νηστείαν
1009 2213 1264 2293 lateranens,
1281 2217 1320 2276 ut
1334 2231 1394 2278 nos
1405 2213 1600 2295 Jejunemus
1615 2234 1706 2280 acoe-

174 2319 300 2404 δεκτὴν,
316 2320 351 2382 τὸ
366 2315 512 2402 φρόνημα
526 2324 582 2402 της
598 2318 715 2399 σαρκὸς
730 2319 773 2403 μὴ
789 2316 919 2403 τρέφον·
965 2321 1060 2396 ptum
1081 2315 1262 2397 jejunium,
1292 2318 1478 2396 cogitatum
1501 2321 1612 2384 carnis
1639 2337 1708 2383 nou

176 2443 242 2504 τας,
266 2421 346 2506 μηδὲ
374 2417 538 2504 γενοίμεθα
568 2419 602 2485 ἐν
624 2419 745 2504 ἀνύδρῳ
775 2421 920 2507 στερήσει
966 2421 1166 2500 nutrientes,
1180 2438 1288 2502 neque
1301 2423 1475 2486 stemusin
1488 2424 1559 2486 loco
1573 2425 1710 2506 inaquo-

175 2533 237 2590 τῶν
251 2533 467 2608 πνευματικῶν
479 2522 609 2606 ὑδάτων,
624 2521 721 2588 διὰτὸ
734 2525 831 2610 μηδὲν
843 2527 920 2611 δρᾶν
965 2543 1002 2590 so
1018 2542 1059 2588 ex
1074 2525 1262 2607 privatione
1285 2542 1451 2606 aquarum
1469 2527 1709 2610 spiritualium,

175 2637 237 2705 τῶν
257 2626 486 2713 γλυκαινύντων
499 2628 557 2711 τὴν
578 2637 634 2692 τοῦ
649 2623 795 2712 Ὑψίστου
817 2651 916 2716 χρησ-
966 2648 1007 2693 ex
1026 2627 1168 2710 eoquod
1186 2630 1273 2694 nihil
1294 2629 1437 2694 facimus
1459 2647 1527 2711 quo
1544 2632 1708 2697 altissimi

174 2731 308 2817 τύτητα·
323 2729 494 2817 (γλυκαίνει
509 2731 544 2796 δέ
556 2731 654 2816 αύτλγν
671 2733 710 2796 τά
724 2733 795 2797 κατ’
804 2733 919 2820 ἀρετὴν
965 2734 1096 2798 bonitas
1112 2732 1172 2796 fiat
1185 2733 1324 2797 dulcior.
1348 2734 1538 2798 Dulciorem
1555 2733 1722 2808 efficiunt,

175 2836 230 2899 καί
252 2833 365 2919 σοφίαν
384 2833 592 2919 ἐνεργούμενα
614 2837 668 2898 καί
691 2833 917 2923 θεωρούμενα),
966 2854 1188 2918 quercumque
1210 2837 1396 2900 secundum
1419 2838 1580 2900 virtutem
1601 2842 1662 2900 aut
1678 2857 1712 2900 a·

177 2940 257 3025 μηδέ
272 2937 456 3022 έκπειράσαι
473 2939 528 3024 μὲν
544 2939 637 3002 αὐτὸν
648 2940 682 3004 ἐν
697 2949 764 3018 ταῖς
777 2941 919 3026 καρδίαις
967 2945 1025 3004 otu
1049 2957 1244 3004 exercemus
1266 2945 1326 3003 aut
1347 2942 1575 3022 speculatione
1604 2940 1710 3006 medi-

174 3043 275 3128 ἡμῶν,
298 3045 396 3128 ἤγουν
419 3043 477 3107 οὐκ
491 3041 524 3121 ἐξ
538 3042 700 3128 ἐπιπολῆς,
723 3043 795 3110 ἀλλ’
810 3045 849 3110 ἐκ
864 3045 919 3132 βά-
969 3051 1091 3108 tamur.
1108 3045 1245 3108 Utinam
1262 3062 1371 3124 neque
1388 3049 1556 3108 tentemus
1575 3062 1652 3108 eum
1676 3046 1713 3108 in

175 3146 248 3224 θους
274 3156 330 3211 τοῦ
353 3144 543 3230 ἡγεμονικοῦ
573 3144 821 3230 ἀμφιθάλλοντες
848 3153 919 3234 περί
966 3149 1123 3214 cordibus
1135 3149 1268 3228 nostris,
1282 3149 1316 3212 id
1328 3153 1378 3212 est
1390 3166 1457 3212 non
1470 3167 1510 3211 ex
1522 3147 1711 3230 superficie,

175 3261 232 3336 της
247 3250 338 3327 θείας
359 3249 537 3335 δυνάμεως·
553 3249 626 3335 μηδ’
637 3250 822 3337 αἰτήσαιμεν
841 3251 919 3338 βρύ-
965 3254 1023 3317 sed
1040 3271 1081 3316 ex
1094 3253 1160 3314 imo
1172 3254 1294 3316 mentis
1305 3253 1458 3331 cogitatu
1470 3252 1662 3316 dubitantes
1673 3253 1714 3316 de

177 3377 262 3442 ματα
275 3365 343 3434 ταῖς
356 3356 471 3440 ψυχαῖς
486 3353 585 3440 ἡμῶν,
598 3357 712 3434 αὐταῖς
729 3358 800 3422 κατ’
810 3358 918 3426 είκένα
966 3357 1081 3420 divina
1096 3356 1256 3436 potentia
1273 3373 1383 3437 neque
1398 3358 1607 3438 postulemus
1619 3374 1711 3420 escas

174 3459 268 3545 λέγω,
285 3461 320 3524 αἳ
332 3459 495 3545 τρέφονται
509 3461 548 3525 ἐκ
559 3469 619 3524 τῶν
633 3468 689 3544 τῆς
705 3459 789 3546 ζωῆς
805 3462 917 3546 ἄρτων,
969 3459 1147 3522 animabus
1163 3460 1295 3538 nostris,
1318 3475 1385 3522 non
1401 3478 1458 3524 eas
1477 3459 1551 3522 dico
1572 3461 1713 3539 animas,

175 3565 260 3630 ἀλλά
273 3575 341 3642 ταῖς
355 3566 400 3642 είς
415 3565 519 3650 σάρκα
531 3561 808 3650 μεταύαλλούσαις,
822 3566 920 3630 διὰτὸ
967 3579 1043 3644 quae
1062 3561 1248 3626 secundum
1265 3563 1451 3641 imaginem
1465 3568 1555 3642 sunt,
1571 3581 1647 3644 quae
1666 3565 1715 3627 vi-

175 3679 241 3747 τοῖς
269 3670 386 3746 ύλικοϊς
417 3667 693 3753 προσπεπονθέναι.
722 3668 920 3755 ὀρεγομένοις
969 3673 1014 3732 ta
1026 3667 1225 3730 nutriuntur
1236 3667 1390 3748 panibus,
1402 3667 1461 3730 sed
1473 3669 1549 3732 illas
1560 3685 1715 3749 quaever-

175 3776 235 3840 ούκ
256 3771 412 3858 δφελίμων
434 3774 489 3837 καί
517 3773 611 3856 ὑγιῶν
638 3779 770 3856 τροφῶν,
797 3771 870 3836 ἀλλ’
883 3773 920 3858 η·
965 3777 1085 3836 tuntur
1101 3774 1136 3836 in
1152 3788 1299 3850 carnem,
1315 3776 1492 3853 propterea
1506 3773 1595 3854 quod
1612 3777 1714 3836 mate·

176 3880 265 3944 δειῶν
276 3879 331 3942 καί
341 3885 521 3941 νοσοιτοιῶν.
533 3875 623 3943 Ἀλλ’
635 3875 832 3962 έτοιμασθείη
845 3876 921 3962 ἡμῖν
966 3879 1024 3940 ria
1040 3875 1194 3939 sensibus
1209 3877 1404 3956 appetendae
1420 3875 1632 3956 addicuntur,
1646 3894 1713 3940 non

174 3981 328 4068 τράπεζα,
343 3980 392 4065 ἐφ’
403 3981 444 4066 ἡν
466 3979 487 4065 ἡ
505 3977 599 4064 σοφία
620 3981 660 4044 τά
679 3979 794 4064 έαυτης
817 3979 919 4065 θύμα·
965 3980 1106 4044 utilibus
1127 3979 1248 4044 dedita
1264 3983 1297 4042 et
1312 3980 1403 4043 sanis
1419 3980 1512 4060 cibis,
1535 3981 1593 4044 sed
1616 3981 1711 4044 volu-

174 4108 214 4152 τα
229 4084 410 4170 έπιτιθήσει,
424 4086 479 4149 καί
493 4087 546 4149 τὸν
557 4083 672 4170 έαυτης
683 4084 766 4148 οίνον
782 4084 825 4162 εἰς
841 4105 917 4167 κρα-
964 4086 1136 4167 ptuosiset
1147 4084 1278 4148 morbos
1291 4085 1493 4148 creantibus.
1509 4085 1644 4150 Utinam
1655 4101 1711 4146 ve·

175 4201 257 4277 τηρα
271 4198 372 4275 κιρνᾷ.
396 4187 487 4274 Μηδὲ
508 4190 586 4274 δργὴ
602 4188 746 4274 ἐφ’ἡμάς
769 4186 915 4274 ἀναθείη,
965 4206 1002 4255 ro
1014 4190 1109 4256 nobis
1124 4193 1331 4272 praeparetur
1346 4205 1472 4268 mensa,
1489 4205 1707 4268 superquam

176 4297 212 4360 τὸ
226 4305 350 4381 πνεῦμα
364 4304 419 4358 τοῦ
434 4293 677 4374 ἐξουσιάζοντος,
693 4294 728 4357 τὸ
746 4293 920 4377 άπατηλὸν,
968 4295 1169 4375 «sapientia
1198 4293 1325 4355 hostim
1358 4292 1465 4372 ipsius
1489 4292 1641 4372 imponit,
1677 4295 1740 4354 et·

176 4400 211 4464 τὸ
226 4397 318 4484 δίκην
340 4397 517 4482 προδρόμου
538 4398 560 4482 ἢ
586 4395 791 4462 κατασκόπου
806 4397 844 4462 ἐκ
865 4408 921 4464 τοῦ
965 4399 1084 4460 vinnm
1100 4414 1201 4460 sunm
1218 4397 1253 4458 in
1268 4400 1398 4458 cratera
1413 4395 1574 4458 miscet.»

177 4500 324 4583 σκύτους,
351 4501 385 4566 ἐν
408 4502 433 4587 ᾦ
455 4497 640 4583 ἐπέκρυπτο,
666 4501 710 4578 είς
732 4502 791 4586 τὴν
814 4502 919 4587 ψυχὴν
1010 4505 1128 4583 Neque
1153 4502 1204 4563 ira
1226 4501 1262 4563 in
1284 4517 1345 4564 nos
1376 4499 1543 4578 ascendat,
1572 4499 1712 4579 spiritus

179 4605 265 4671 ἀνιὸν
290 4605 342 4670 διά
363 4613 420 4688 τῆς
445 4602 661 4689 ἐνθυμήσεως·
688 4603 768 4689 μηδὲ
794 4602 835 4680 ὡς
860 4615 922 4691 πῦρ
967 4623 1087 4687 nempe
1095 4609 1292 4686 potestatem
1301 4603 1466 4682 habentis,
1474 4603 1639 4682 seductor,
1651 4603 1710 4682 qui

177 4711 325 4797 ἐξαφθείη
348 4711 468 4776 ἐκτῶν
490 4708 720 4796 πεπυρωμένων
743 4708 842 4795 βελῶν
867 4720 923 4776 τοῦ
966 4709 1183 4792 precursoris
1205 4709 1312 4772 instar
1333 4707 1389 4770 vel
1410 4706 1641 4798 speculatoris,
1665 4722 1708 4767 ex

179 4815 309 4902 ἐχθροῦ·
332 4815 402 4880 ἀλλ’
417 4815 550 4900 ούρανοῦ
580 4813 706 4899 θυρίδες
735 4811 810 4900 ἡμῖν
840 4812 923 4878 άνοί-
967 4813 1116 4878 tenebris
1146 4813 1181 4874 in
1211 4810 1336 4892 quibus
1362 4827 1434 4873 sese
1463 4809 1646 4888 abdiderat,
1677 4809 1713 4872 in

177 4941 271 5006 γειεν,
287 4918 320 4987 αί
334 4928 395 4985 τῶν
411 4927 531 5004 νοητῶν
553 4921 607 4985 καὶ
622 4926 838 5004 πνευματικῶν
853 4916 923 4996 ἐξα·
969 4919 1116 4982 animam
1134 4916 1235 4979 irruit
1250 4931 1309 4995 per
1327 4915 1491 4994 impetum
1515 4913 1629 4976 animi.
1653 4914 1715 4974 Ne-

176 5023 321 5101 πλύιοιις.
343 5017 389 5090 Ἠ
411 5023 520 5109 ἀρεταί
541 5023 637 5090 πύλαι
662 5023 754 5089 ούσαι
775 5023 919 5106 ούρανοῦ,
968 5039 1034 5103 que
1063 5039 1126 5085 cen
1155 5019 1247 5098 ignis
1274 5015 1503 5082 inflammetur
1526 5035 1568 5081 ex
1594 5017 1714 5096 ignitis

177 5127 220 5205 ιλις
235 5126 267 5193 αί
282 5125 392 5192 κακίαι
406 5127 483 5210 ᾅδου
505 5129 559 5192 καί
573 5127 725 5207 θανάτου,
750 5129 863 5203 αἵτινες
888 5127 924 5190 ού
965 5125 1089 5206 jaculis
1108 5123 1253 5202 inimici,
1275 5121 1334 5185 sed
1357 5121 1511 5186 fenestra
1527 5122 1603 5185 coeli
1618 5121 1714 5185 nobis
