4036 6090
839 428 882 488 IN
906 427 1091 490 PSALMOS
1418 453 1422 462 ’
1688 434 1746 496 151

244 593 276 637 v.
294 575 324 637 6.
340 569 456 654 Κύριος
478 567 664 660 διηγήσεται
679 568 713 634 ἐν
732 575 840 653 γραφῇ
863 566 949 633 λαῶν
1038 587 1069 632 ν.
1087 572 1116 632 6.
1134 570 1292 636 Dominus
1310 571 1501 637 narrabitur
1515 575 1552 638 in
1565 575 1742 654 scripturis

200 679 255 742 καί
272 674 432 762 ἀρχόντων
455 674 574 740 τούτων
595 682 657 738 τῶν
676 670 894 759 γεγενημένων
917 672 950 736 έν
987 673 1182 754 populorum
1197 679 1229 738 ct
1241 675 1441 757 ριύααρυαι,
1460 679 1574 743 icium
1592 679 1651 761 ραι·
1663 678 1742 760 fce-

200 781 291 865 αὐτῇ.
994 779 1124 842 runcis
1138 793 1186 842 ec.

244 885 346 951 Τοῦτο
362 882 379 946 δ
402 880 575 969 Σύμμαχος
597 883 712 958 οὐτως·
726 879 845 966 Κύριος
867 878 950 966 &pid-
1040 882 1133 958 Quod
1145 885 1194 947 sic
1209 882 1299 965 apud
1312 885 1569 966 Symmachum:
1585 885 1744 950 nuatum

200 986 294 1076 μύσει
307 988 437 1074 γρόιρων
453 987 560 1067 λαούς,
576 987 668 1062 οὗτος
688 983 803 1070 ἐτέχθη
819 984 895 1050 exet.
911 982 949 1050 Ὁ
993 987 1178 1051 acccersiit
1186 987 1330 1063 scriberis
1337 989 1492 1069 pentilus:
1504 990 1572 1070 inse
1586 991 1632 1055 itt
1645 995 1743 1056 rictus

196 1096 260 1179 γόιρ
274 1096 349 1170 τοὺς
364 1092 398 1158 έν
411 1092 491 1176 αὐτῇ
507 1085 767 1175 πολιτευομένους
781 1087 877 1164 λαούς
892 1095 950 1170 τῆς
993 1095 1050 1156 est.
1064 1094 1128 1167 Qui
1141 1093 1233 1156 enim
1247 1095 1389 1174 populos
1402 1094 1438 1157 in
1451 1111 1491 1157 ec
1501 1093 1580 1173 jure
1593 1097 1740 1160 civitatis

198 1197 274 1283 παρ’
284 1199 382 1261 αὐτοῦ
393 1204 519 1281 γραρης
530 1193 633 1274 ἀξιῶν,
646 1194 680 1260 έν
692 1195 772 1277 αὐτῇ
784 1190 948 1277 ἐγεννήθη,
993 1196 1133 1260 donatos
1155 1197 1319 1276 dignatur
1340 1214 1403 1260 sua
1424 1201 1542 1261 notare
1565 1200 1743 1280 scriptura,

198 1299 315 1386 Κυρίος
329 1301 372 1366 ὢν
384 1301 438 1364 καὶ
454 1298 551 1376 Θεός·
567 1299 685 1381 ταύτην
697 1296 732 1360 δέ
743 1298 802 1382 τὴν
815 1294 948 1381 ἀρίθμη-
994 1301 1029 1364 in
1053 1318 1093 1363 ec
1115 1306 1215 1364 nctus
1239 1305 1299 1380 est,
1323 1301 1382 1382 qui
1406 1303 1570 1366 Dominus
1594 1308 1628 1368 et
1643 1304 1744 1368 homo

199 1406 349 1472 sirmii
368 1404 484 1489 Κύριος
500 1400 649 1484 ἐδίδαξεν,
665 1399 892 1486 εἰπύν·Ὑμῶν
914 1399 949 1464 δὲ
994 1409 1054 1468 est.
1078 1406 1174 1467 Hanc
1196 1405 1348 1468 numeris
1371 1407 1653 1486 conscriptionem
1680 1410 1744 1472 Dc·

196 1511 252 1575 καί
267 1509 300 1573 αί
322 1506 428 1594 τρίχες
443 1517 499 1595 τῆς
522 1507 665 1594 κεφαλῆς
686 1504 883 1590 ἠρίθμηνται.
900 1497 947 1568 Ἠ
993 1511 1108 1572 minus
1124 1507 1268 1588 edocuit,
1293 1509 1404 1572 aiens:
1423 1509 1556 1574 «Vobis
1578 1517 1694 1576 cutem
1709 1531 1742 1577 e-

196 1623 260 1679 τιῖιν
274 1613 369 1695 λαῶν,
386 1609 474 1699 ρἠσί,
490 1612 545 1676 καί
564 1617 626 1676 τῶν
649 1609 821 1694 ἀρχόντων,
837 1617 899 1674 τόν
915 1607 949 1674 έν
992 1613 1076 1674 tiam
1085 1613 1199 1693 capilli
1208 1613 1441 1693 capitisvestri
1448 1615 1618 1679 numerati
1626 1621 1738 1682 sunt.»

198 1719 279 1804 αὐτη
307 1728 347 1803 τῇ
370 1713 529 1802 ἐκκλησίᾳ
549 1713 796 1801 γεγεννημένων,
820 1711 949 1799 ἀρίύμη-
995 1751 1034 1762 -
1052 1715 1106 1782 Vel
1124 1717 1328 1798 populorum,
1348 1717 1408 1797 cit,
1430 1721 1463 1783 rt
1476 1719 1667 1801 ραιύοόρυοι
1682 1723 1742 1802 qui

196 1845 246 1889 σιν
260 1825 277 1890 ὁ
293 1820 408 1912 Κύριος
431 1819 626 1906 διηγήσεται,
642 1820 701 1903 τὴν
723 1813 898 1903 γενομένην
914 1817 947 1881 έν
993 1822 1029 1884 in
1045 1819 1118 1899 ipse
1134 1821 1277 1884 ecclesis
1299 1823 1456 1899 generati
1471 1826 1563 1902 sunt,
1587 1842 1744 1888 numeru-

94 1921 98 1930 '
195 1936 261 2005 τοῖς
284 1927 437 2010 οὐρανοῖς,
452 1923 493 2009 ἣν
513 1923 607 2000 αὐτὸς
631 1923 736 1999 αὐτοῐς
759 1920 946 2007 διηγήσατο,
992 1923 1119 1985 tionem
1142 1923 1307 1987 Dominus
1331 1925 1503 1988 enarrabit
1517 1930 1742 2008 conscriptum

198 2030 314 2117 λέγων·
330 2027 477 2114 Χαίρετε,
493 2029 592 2093 δτιτὰ
604 2025 744 2111 δνόματα
759 2025 844 2109 ὐμῶν
859 2023 948 2109 έγγέ-
993 2027 1030 2088 in
1051 2026 1163 2104 ecelis,
1187 2044 1291 2107 quam
1313 2028 1382 2092 illis
1402 2029 1474 2110 ipse
1490 2033 1669 2113 recensuit,
1693 2033 1742 2096 di-

197 2156 336 2220 γραπται
351 2135 384 2200 έν
398 2142 464 2209 τοῖς
478 2133 631 2216 οὐρανοῖς.
648 2124 747 2195 -Ἢ
763 2127 818 2192 καὶ
840 2128 950 2204 οὕτως·
993 2149 1093 2196 cens:
1132 2151 1149 2190 «
1166 2130 1328 2212 Gaudete,
1357 2133 1438 2212 quin
1463 2135 1602 2198 nominc
1631 2141 1744 2202 vestra

196 2237 403 2324 Ἀναστήσετ,
434 2239 521 2322 φησὶ,
545 2237 585 2300 τὰ
611 2235 729 2319 πάτριά
754 2255 812 2298 σου
839 2231 944 2314 πάλον,
993 2237 1119 2317 scripte
1133 2238 1215 2299 sunt
1230 2236 1265 2298 in
1281 2237 1417 2298 coelis.»
1438 2272 1476 2281 -
1493 2239 1555 2301 Vel
1574 2240 1676 2303 etium
1691 2245 1742 2305 ts·

198 2346 252 2409 κοιί
265 2342 391 2409 ἔσονταί
402 2364 451 2408 σοι
462 2341 586 2407 σύνοδοι
598 2340 631 2406 ἐν
643 2350 686 2426 τῷ
698 2347 774 2424 ναῷ,
786 2339 841 2402 καί
852 2337 949 2421 ἀναγ-
992 2342 1085 2403 liter:
1098 2341 1404 2420 Restituet,inquit,
1414 2343 1540 2421 patrios
1552 2343 1639 2407 ritus
1651 2349 1739 2425 tuos,

196 2447 412 2533 νωσθήσονται
422 2447 509 2512 θεῖαι
520 2447 649 2531 γραφαί,
662 2444 701 2508 δι’
709 2447 751 2511 dv
763 2444 780 2508 δ
792 2442 872 2520 Θεός
884 2451 948 2519 τοῖς
993 2447 1027 2506 et
1040 2444 1104 2506 tibi
1118 2447 1234 2508 coetus
1247 2448 1347 2507 erunt
1363 2446 1399 2508 in
1414 2446 1551 2527 templu,
1572 2452 1606 2511 et
1620 2449 1739 2512 recita-

199 2552 289 2631 λαοῐς
300 2553 389 2616 δοκεῖ
398 2549 608 2636 διαλέγεσθαι·
622 2550 655 2614 έν
667 2550 716 2625 αίς
727 2547 877 2627 συνόδοις,
890 2567 949 2632 ρη-
981 2547 1254 2611 ·bunturdivinae
1263 2549 1454 2630 Scripturae,
1462 2567 1522 2630 per
1530 2568 1615 2631 ques
1627 2555 1740 2634 palam

199 2660 257 2740 σίν,
272 2659 327 2721 καί
342 2658 494 2746 ἄρχοντες
517 2655 651 2734 ἔσονται,
667 2652 763 2718 πάλιν
786 2650 885 2736 λέγων
906 2651 949 2714 δι·
993 2655 1045 2716 est
1053 2654 1162 2716 Deum
1174 2654 1316 2734 populos
1325 2652 1511 2734 alloquiin
1520 2655 1573 2719 his
1585 2657 1739 2738 coetibus,

198 2759 377 2836 δασκόιλους
393 2761 448 2824 καί
470 2759 571 2844 ἱερεῖς.
587 2755 653 2821 Καί
675 2754 705 2820 τί
718 2756 769 2822 δεῖ
788 2754 828 2820 τό
843 2754 948 2819 πολλὰ
992 2757 1115 2838 inquit,
1131 2755 1277 2819 aderunt
1291 2757 1394 2819 etiam
1406 2757 1586 2838 principes,
1601 2760 1651 2822 sic
1666 2778 1739 2823 rur-

198 2863 318 2951 λέγειν;
345 2865 440 2949 ρησίν
469 2866 583 2940 ούτως·
616 2859 709 2925 Ἐστι
733 2857 947 2945 πεπολισμένη
992 2878 1051 2924 sus
1066 2860 1181 2924 dicens
1202 2862 1385 2940 magistros
1405 2865 1439 2923 et
1454 2861 1653 2926 sacerdotes.
1680 2864 1744 2927 Sed

198 2971 254 3034 καί
268 2967 481 3053 πληθύνουσα,
497 2967 539 3044 ὡς
554 2967 593 3032 ἂν
616 2964 705 3041 πόλις
721 2963 871 3049 οίκισθείη
887 2984 948 3027 πα·
993 2964 1075 3046 quid
1089 2966 1214 3046 plura?
1229 2967 1316 3028 Sane
1332 2965 1425 3029 urbis
1442 2969 1493 3028 est
1507 2966 1601 3029 civili
1621 2966 1740 3031 ordine

157 3133 163 3156 ,
198 3074 315 3158 precs
331 3071 500 3158 ἀνθρώπων
514 3071 641 3148 ἀλύπως
657 3068 826 3154 διαγόντων
840 3068 874 3134 έν
896 3067 950 3131 αὐ-
991 3070 1167 3151 perpolita,
1191 3073 1226 3133 et
1247 3069 1399 3133 conferta
1421 3071 1540 3150 turbiS,
1564 3071 1613 3134 its
1628 3076 1668 3135 ut
1682 3072 1741 3135 hs-

198 3186 239 3262 τη
255 3178 310 3242 καί
327 3179 406 3262 μετὰ
420 3174 569 3260 πλείστης
585 3173 789 3258 εὐφροσύνης.
991 3176 1120 3239 bitetur
1142 3176 1262 3238 incolis
1277 3192 1298 3237 n
1313 3191 1455 3238 mucrore
1471 3177 1592 3240 alienis
1611 3182 1739 3241 etcum

992 3279 1140 3360 plurimu
1150 3277 1377 3358 iucunditate.

241 3405 273 3451 v.
292 3388 321 3450 7.
333 3380 389 3462 Ὦς
404 3381 654 3469 εὐφραινομένων
668 3381 827 3468 πάντωνῆ
840 3401 947 3446 κατοι-
1035 3401 1067 3445 ν.
1084 3383 1114 3445 7.
1130 3383 1225 3448 Sicut
1237 3382 1417 3448 latentium
1429 3384 1570 3448 omnium
1584 3384 1740 3451 dubitetis

198 3485 376 3554 mum.
581 3515 582 3520 ¹
992 3488 1145 3552 mmm

241 3591 282 3658 ‘H
297 3592 358 3678 γὰρ
381 3593 415 3658 έν
437 3593 560 3678 οὐρανῷ
584 3589 727 3657 πολιτεία
748 3589 853 3666 πάσας
876 3587 948 3654 ἀθυ-
1036 3594 1117 3667 Quae
1138 3592 1280 3654 enimin
1296 3592 1390 3656 coelis
1406 3593 1602 3672 estcivitns‚
1626 3593 1740 3674 cujus·

197 3695 269 3782 μίας
290 3696 490 3783 κεχώρισται.
515 3735 555 3746 -
584 3690 630 3762 ’H
652 3699 767 3773 ούτως·
790 3695 866 3758 όταν
888 3713 947 3774 σοι,
990 3713 1135 3777 cumque
1163 3697 1275 3760 luctus
1298 3713 1417 3776 expers
1444 3702 1504 3760 est.
1525 3733 1566 3743 -
1585 3699 1647 3760 Vel
1669 3697 1736 3762 sic:

197 3803 284 3886 φησί,
301 3802 425 3869 πάντων
447 3802 508 3868 τῶν
531 3803 565 3870 έν
578 3812 618 3887 τῇ
636 3797 828 3884 ἐκκλησίμὴ
845 3817 949 3862 κατοι-
991 3800 1140 3879 Quande,
1156 3800 1278 3881 inquit,
1294 3799 1447 3862 omnium
1459 3801 1519 3880 qui
1537 3801 1573 3863 in
1589 3802 1742 3866 Ecclesia

196 3904 251 3970 κία
272 3905 413 3993 γένηται,
428 3905 499 3972 τότε
528 3907 584 3971 καί
604 3904 799 3990 εὐφροσύνης
822 3903 949 3968 ἔσονται
990 3910 1081 3984 sunt,
1098 3903 1158 3968 fiet
1172 3905 1362 3968 communis
1377 3904 1506 3986 domus,
1519 3909 1593 3969 tum
1609 3906 1737 3984 gaudio

196 4007 339 4095 πλήρεις.
991 4009 1269 4074 cumulabuntur.

232 4247 260 4286 v.
274 4231 299 4286 6.
312 4232 380 4289 Vnt.
392 4233 419 4287 4.
432 4232 539 4290 Μούὐίι.
553 4251 583 4302 x,
595 4233 640 4289 30.
649 4231 719 4288 Luc.
733 4249 762 4300 x,
774 4231 817 4286 20.
837 4230 950 4288 Ultima
990 4227 1135 4302 telligsnt,
1148 4227 1180 4284 id
1197 4227 1276 4300 quod
1296 4227 1408 4301 placuit
1427 4229 1557 4302 Origeni,
1569 4246 1659 4301 quum
1671 4246 1742 4286 non-

196 4316 304 4373 scholii
316 4317 408 4374 verbu
419 4319 556 4374 certatim
567 4319 725 4375 corradunt
738 4317 949 4388 Theodorstus,
991 4316 1062 4372 dum
1082 4332 1167 4387 reges
1188 4314 1220 4370 in
1238 4313 1362 4372 ecclesia
1386 4322 1519 4390 receptos
1536 4315 1669 4374 vidisset.
1696 4315 1741 4371 Oi.

196 4404 368 4462 Theodorus
380 4407 496 4462 Heracl.
506 4407 686 4480 Anonymus,
696 4406 740 4462 itu
749 4411 849 4460 tamen
862 4409 896 4459 ut
905 4420 949 4459 re·
991 4403 1084 4460 Field.
1098 4419 1131 4473 11,
1143 4402 1205 4457 239.

185 4497 245 4561 ’ρεα
263 4510 322 4549 non
335 4492 372 4550 de
385 4492 456 4549 solis
473 4493 624 4566 magistris
642 4499 673 4550 et
691 4490 893 4548 sacerdotibus
905 4491 949 4546 in·
1025 4506 1054 4549 v.
1067 4489 1092 4559 7,
1104 4488 1171 4545 Vct
1184 4489 1211 4542 4.
