4008 6094
301 410 343 470 oo
964 407 1173 488 aaronitas

300 543 366 610 Kal
378 544 484 631 ὅμοιον
494 542 541 609 τά·
553 542 606 631 Μὴ
622 542 833 632 μεριμνήσητε
848 542 877 608 τί
892 544 1047 630 ιράγεσθαι
1092 549 1303 616 bernatorem
1317 559 1350 618 et
1362 555 1555 634 aurigam.»
1573 557 1616 620 nt
1626 559 1738 622 simile
1751 560 1835 625 illud

300 650 323 734 η
339 647 369 713 τί
382 646 516 715 πίεσθαι.
534 649 584 716 Τὰ
599 651 683 717 κατὰ
699 652 813 716 σαυτὸν
828 658 885 735 τῆς
900 649 1047 734 προνοίας
1093 657 1157 718 est:
1187 657 1326 720 «Nolite
1341 661 1477 723 solliciti
1493 678 1566 725 esse
1590 662 1672 742 quid
1692 664 1833 728 mandu-

300 752 424 837 ἐκείνης
453 753 642 838 ἐξάρτησσν·
673 756 754 819 οὕτω
783 755 845 839 γὰρ
873 753 1048 833 ἀσάλευτος
1091 774 1169 820 aare
1183 763 1244 822 aut
1258 759 1373 824 bibere
1388 763 1563 827 habeatur.
1576 766 1656 841 Quae
1671 773 1833 846 tuasunt,

300 856 455 944 διαμενεῖς
469 861 524 924 καί
539 857 724 943 ἀκλάνητος.
1091 860 1134 923 ad
1164 862 1270 943 ipsius
1300 865 1550 932 Providentiam
1576 871 1760 951 suspende:
1784 873 1833 935 sio

1092 982 1239 1047 namque
1269 985 1446 1049 permanes
1472 973 1632 1037 immotus
1658 979 1692 1036 et
1722 976 1835 1038 incon·

1091 1085 1221 1132 cussus.
1542 1069 1548 1088 ⁴

346 1191 377 1235 v.
395 1172 448 1236 24.
466 1169 511 1237 Σὺ
527 1171 572 1255 δὲ,
584 1169 602 1235 6
614 1170 703 1253 Θεὸς,
718 1171 863 1251 κατάξεις
877 1173 990 1250 αὐτοὺς
1005 1170 1048 1250 εἰς
1136 1189 1167 1234 v.
1180 1173 1232 1236 24.
1247 1177 1393 1256 Panero,
1409 1179 1507 1258 Deos,
1523 1177 1654 1245 ιίειίυοευ
1667 1197 1719 1245 eos
1729 1181 1767 1245 ia
1774 1197 1837 1262 ρυ-

301 1273 402 1359 ρρέαρ
424 1275 614 1360 διαφθορᾶς·
637 1277 746 1360 ἄνδρες
769 1275 908 1361 αἱμάτων
923 1275 978 1340 καί
998 1275 1049 1340 6ο-
1095 1278 1181 1339 team
1195 1277 1369 1344 interitus:
1383 1280 1452 1344 tiri
1469 1271 1664 1364 antiquiorem
1685 1288 1717 1348 et
1737 1283 1839 1349 dolosi

300 1377 444 1462 λιότητος
459 1381 495 1443 ab
511 1380 554 1464 μη
570 1376 775 1465 ημεσεύσωσι·
788 1381 844 1457 τὰς
859 1377 981 1465 ἡμέρας
997 1379 1050 1443 αὖ·
1092 1395 1157 1443 boa
1170 1379 1386 1448 dimzdabbunt
1399 1385 1468 1450 dier
1479 1402 1565 1465 sitos,
1583 1403 1637 1470 ερυ
1658 1403 1732 1451 otro
1749 1387 1787 1450 in
1808 1391 1838 1451 ίε

300 1491 371 1547 τῶν.
388 1481 473 1568 Ἐγὼ
488 1482 522 1546 δὲ
537 1481 633 1547 ἐλπιῶ
649 1484 699 1549 ἐπί
715 1483 761 1565 σὲ,
777 1481 884 1568 Κύριε.
1092 1481 1232 1564 sperata
1250 1487 1394 1553 Domina.

345 1583 454 1670 Φρέαρ
476 1584 699 1672 διαφθορᾶςη
727 1586 867 1668 κόλασις.
891 1625 932 1636 -
957 1584 1047 1652 Ἀτε-
1138 1587 1265 1653 Puteus
1281 1591 1441 1656 interitus
1456 1596 1508 1656 est
1522 1573 1737 1675 supplicium.
1761 1594 1839 1657 Sine

301 1688 367 1767 λεῖς
382 1690 459 1753 εἰσιν
474 1688 507 1754 ἐν
528 1698 569 1775 τῇ
591 1688 712 1775 γενέσει
728 1689 756 1755 οἱ
778 1687 961 1777 ἁμαρτωλοί
971 1711 979 1727 ·
1002 1691 1048 1755 διὸ
1096 1689 1163 1754 fine
1175 1698 1459 1774 suntpeeoatores
1471 1697 1506 1758 in
1519 1698 1750 1774 generatione.
1763 1694 1840 1758 Ideo

301 1790 396 1857 Δαυίδ
416 1794 553 1878 εὔχεται,
577 1791 687 1879 λέγων.
711 1793 766 1880 Μὴ
783 1792 948 1880 ἀναγάγῃς
961 1815 998 1878 με
1014 1793 1049 1860 ἐν
1093 1795 1202 1859 David
1217 1795 1416 1877 depreeatur
1431 1798 1563 1862 dicens:
1589 1802 1666 1864 «Ne
1689 1792 1837 1863 abduoas

300 1893 407 1982 ἡμίσει
420 1894 546 1982 ἡμερῶν
562 1918 630 1982 μου.
647 1895 794 1984 ‘Abnoba
809 1899 871 1982 γὰρ
894 1894 1047 1984 ἐκοιμήθη
1096 1898 1201 1960 mein
1218 1899 1328 1962 medio
1343 1900 1476 1965 dierum
1488 1918 1682 1984 meorum.»
1703 1903 1839 1965 Etenim

237 2045 239 2052 ·
300 1999 426 2086 πληρης
436 1999 572 2087 ἡμερῶν.
585 2039 626 2050 -
639 2000 835 2068 Ἀποκτείνει
846 2001 973 2081 τούτους
986 1999 1050 2066 Ro
1094 2002 1263 2066 Abraham
1276 2003 1480 2069 obdormivit
1500 2007 1621 2086 plenus
1637 2005 1779 2069 dierum.
1799 2041 1837 2082 -,

300 2126 375 2189 ρισς,
391 2105 437 2182 οίς
452 2114 611 2190 συγχωρεῖ
631 2106 762 2171 ἐπιπολὺ
786 2106 994 2192 ἁμαρτάνειν·
1010 2106 1050 2171 ἐκ
1094 2106 1223 2172 Oooidit
1237 2108 1401 2172 Dominus
1418 2127 1474 2174 eos
1490 2110 1615 2191 quibus
1630 2109 1839 2191 permittitur

300 2211 362 2294 γὰρ
378 2208 487 2274 τούτου
503 2207 664 2296 συμ6αίνιι
678 2208 780 2296 λήθην
795 2209 940 2296 γενέσθαι
955 2207 1046 2276 Θεοῦ.
1092 2213 1244 2290 graviter
1261 2230 1415 2294 peceare:
1437 2213 1514 2278 inde
1530 2215 1620 2278 enim
1637 2214 1767 2280 orditur
1781 2213 1837 2276 ob

1093 2315 1177 2379 livio
1192 2316 1264 2379 Dei.
1698 2322 1700 2328 ’

336 2487 364 2526 ν.
376 2470 421 2526 24.
433 2469 501 2527 Vat.
513 2471 539 2541 5,
552 2470 595 2542 10,
608 2471 650 2526 16.
664 2468 708 2526 cf.
721 2470 770 2526 Ps.
786 2484 824 2540 or,
836 2470 881 2526 25.
895 2467 968 2526 Gen.
981 2485 1055 2538 xxv,
1067 2467 1094 2524 8.

930 2702 1101 2808 Psalmus
1124 2699 1208 2780 LV.

346 2956 378 3000 ν.
395 2939 426 3002 6.
442 2935 502 3002 Ἕν
517 2944 561 3022 τῷ
576 2934 647 3022 Θεῷ
669 2933 823 3003 ἐπαινέσω
845 2936 918 3013 τοὺς
939 2931 1052 3020 λάγους
1140 2951 1172 2997 ν.
1188 2936 1219 2997 5.
1235 2936 1278 3000 Io
1291 2935 1358 3000 Deo
1373 2933 1507 3002 lottdodo
1521 2954 1681 3004 straturus
1699 2953 1792 3002 awos.

304 3061 373 3126 μου.
400 3044 467 3107 Vol.
486 3043 559 3122 658,
579 3045 608 3106 1.

300 3179 310 3186 -
348 3142 532 3228 Ἐπαινάσυ,
553 3143 620 3211 ἀντί
635 3153 690 3210 τοῦ
713 3144 894 3220 ἐπαινετοὺς
915 3139 1048 3227 ποιήσω.
1139 3143 1297 3223 άσιιᾱυύο,
1317 3147 1479 3210 nimirum
1495 3146 1682 3212 laudabiles
1705 3146 1837 3210 faciam.

291 3329 293 3334 Ι
347 3270 379 3314 ν.
404 3251 434 3314 6.
462 3248 545 3316 Κατ’
566 3249 643 3336 ἐμοῦ
665 3247 780 3327 πάντες
802 3247 831 3313 οἱ
853 3246 1047 3333 διαλογισμοί
1137 3267 1169 3310 v.
1187 3250 1216 3311 6.
1240 3247 1420 3314 Αιίοεοοιοκι
1440 3269 1489 3315 ow
1510 3269 1618 3316 οοιιιευ
1635 3253 1841 3335 οορίίαίίοιιευ

305 3354 408 3418 abror
424 3353 467 3430 εἰς
482 3345 592 3418 κακόν.
1093 3367 1202 3417 σαννάκια
1215 3352 1254 3414 io
1267 3353 1398 3417 naulum.

347 3456 395 3523 06
409 3457 524 3533 πάντες
540 3458 596 3542 μὲν
610 3458 684 3534 τοὺς
698 3456 866 3543 λογισμοὺς
879 3453 1051 3542 ἐμὸάλλου-
1138 3457 1212 3518 Non
1231 3472 1347 3522 omnes
1374 3460 1504 3523 inimici
1534 3461 1739 3524 tentationes
1763 3457 1839 3537 inji-

303 3585 352 3630 σιν
366 3560 538 3647 πονηρούς·
554 3560 669 3640 πάντες
685 3563 720 3628 δὲ
736 3563 821 3628 οὗτοι
836 3561 979 3646 λογισμοί
995 3557 1049 3644 ρέ-
1096 3559 1193 3622 ciunt
1204 3563 1451 3628 malas20mnes
1464 3579 1544 3627 vero
1557 3565 1624 3627 illae
1635 3565 1838 3628 tentationes

303 3687 407 3752 ρουσιν
424 3668 467 3744 εἰς
482 3665 592 3733 κακόν.
610 3665 659 3752 Τῇ
670 3669 732 3752 γάρ
743 3666 814 3752 aaa
824 3667 918 3751 φησίν
934 3663 951 3728 6
967 3664 1049 3749 ὄφις·
1096 3665 1132 3727 in
1147 3665 1276 3729 malum
1291 3666 1415 3730 lerunt.
1431 3669 1511 3731 Evae
1531 3685 1678 3750 namque
1700 3684 1838 3748 serpens

302 3769 437 3837 Ἔσεσθε
463 3769 505 3848 ὡς
531 3771 606 3853 θεοί,
632 3771 839 3858 γινώσκοντες
864 3768 965 3835 καλὸν
994 3769 1050 3832 καὶ
1094 3767 1197 3832 dixit:
1223 3770 1358 3835 «Eritis
1372 3772 1463 3835 siout
1476 3771 1535 3852 dii,
1551 3771 1697 3834 seientes
1712 3770 1839 3834 bonum

304 3874 452 3960 πονηρόν.
1094 3873 1313 3936 etmalum.»

347 4000 379 4045 v.
400 3981 450 4046 10.
466 3978 724 4066 Ἐπιστρέψουσιν
747 3979 776 4044 σί
798 3976 906 4066 ἐχθροί
924 3999 982 4064 μου
1005 3976 1049 4054 εἰς
1138 3994 1170 4039 ν.
1189 3978 1239 4039 10.
1260 3977 1488 4044 conaremur
1501 3978 1630 4044 inimici
1643 3977 1839 4041 meiretror-

302 4086 343 4149 τά
359 4081 466 4149 ὀπίσω.
1092 4095 1175 4146 sum.

347 4187 387 4254 Εί
398 4187 497 4266 θέλεις
508 4186 716 4274 ἀποστρέφειν
726 4189 800 4265 τοὺς
810 4185 942 4273 ἐχθροὺς
954 4185 998 4263 είς
1009 4185 1050 4250 τίι
1137 4185 1172 4248 Si
1186 4185 1238 4248 vis
1253 4185 1407 4251 inimicos
1421 4192 1616 4252 convertere
1638 4191 1834 4265 retrorsum,

304 4290 413 4378 ἀπίου,
428 4292 607 4379 προσεύχου
623 4290 837 4369 ἀδιαλείπτως.
1094 4306 1152 4352 ora
1167 4289 1240 4353 sine
1257 4291 1516 4355 intermissione.

339 4440 389 4497 Ps.
403 4458 451 4518 εν.
461 4459 489 4500 ν.
502 4443 527 4512 6,
540 4442 566 4512 6,
580 4442 622 4497 10.
635 4439 702 4498 Vat.
715 4441 741 4497 5.
753 4439 859 4496 Genea.
872 4451 917 4509 ιιι,
930 4437 956 4492 6.
