4036 6090
813 435 856 497 ru
878 433 1064 501 rsunuos
1646 436 1704 526 ιιι

216 569 445 658 Συμποόίζεται
466 571 483 638 ό
506 571 700 656 θεωρητικός
722 574 766 658 μὴ
789 570 915 638 ἐπιόόιλ-
1005 575 1190 655 impeditur
1198 576 1251 638 vir
1263 576 1512 659 contemplandi
1524 577 1705 656 studiosus,

170 675 235 742 λων
258 676 299 755 ὡς
322 678 371 742 δεῖ
387 687 426 763 τῇ
450 675 568 762 θεωρίᾳ
590 685 651 742 τῶν
673 676 857 761 γεγονότων.
875 714 915 725 -
962 679 1097 759 quaudo
1110 696 1176 742 non
1189 681 1239 742 uti
1252 685 1391 762 oportet,
1403 680 1606 760 aggreditur
1616 697 1707 744 creo·

172 779 362 860 Ἐκλεκτοὺς
378 781 487 868 [λέγει]
500 783 620 858 αὐτοὺς
633 781 667 846 ἐν
680 781 806 866 ἀρεταῖς
822 780 916 866 λαγός
961 788 1115 847 turarum
1132 784 1444 849 oonsiderstionem.
1461 821 1502 832 -
1515 785 1640 850 Eiectos
1652 800 1708 846 vo

173 885 240 968 δας,
256 885 340 950 ἀλλὰ
360 889 433 962 τοὺς
454 886 488 950 έν
503 885 619 970 κακία·
635 886 693 950 είοί
707 887 779 970 γὰρ,
798 886 859 950 εἰσί
872 905 916 948 τι·
961 892 1016 949 oet
1026 903 1093 950 non
1106 905 1162 950 eos
1173 889 1232 969 qui
1245 890 1280 951 in
1293 889 1477 952 virtutibus
1489 890 1604 952 selecti
1617 893 1707 968 sunt,

173 991 224 1067 νές
239 991 293 1054 καί
307 989 341 1054 έν
363 987 499 1075 πονηρίᾳ
520 986 681 1074 ἐξαίρετοι.
698 1025 738 1036 -
755 987 916 1053 Ἐκλεκτι·
961 990 1070 1054 sedin
1087 992 1218 1055 molitio
1234 993 1397 1070 insignes.
1415 996 1502 1056 Sunt
1512 993 1613 1072 enim,
1629 999 1710 1056 sunt

172 1096 228 1171 κός
254 1094 297 1159 ὢν
323 1096 378 1158 καί
403 1095 654 1179 κατηγορητικὸς
679 1100 737 1175 της
758 1090 917 1157 Ἰουδαίων
962 1095 1117 1158 nonnulli
1132 1097 1191 1176 qui
1213 1097 1249 1159 in
1264 1097 1483 1177 perversitate
1498 1097 1705 1177 praeoellunt.

173 1196 348 1285 μοχθηρίας
369 1197 387 1262 ό
409 1197 513 1283 λόγος,
536 1195 763 1282 καταρίθμηοιν
785 1203 918 1258 ποιεῖται
963 1233 1002 1244 -
1018 1199 1124 1264 Είετίί
1137 1216 1212 1278 vox,
1229 1217 1334 1281 quum
1350 1201 1531 1264 discretive
1545 1201 1591 1264 sit
1605 1205 1639 1263 ot
1658 1201 1707 1263 in·

172 1313 233 1368 των
248 1301 562 1388 πεπλημμελημένων
574 1303 689 1384 αίιτοῐς,
703 1307 859 1385 παριοτων
871 1299 918 1363 ότι
961 1301 1133 1381 ereputivu
1155 1301 1316 1367 adversus
1335 1303 1531 1367 Judaeorum
1555 1304 1713 1386 improbi·

179 1410 222 1494 μὴ
236 1408 339 1493 μίιτην
351 1409 456 1484 αὐτοῖς
465 1408 505 1472 τα
515 1407 553 1471 ἐκ
563 1405 654 1484 θείας
665 1403 800 1492 ἐπηλθεν
811 1405 917 1490 όργης.
962 1408 1076 1485 tutem,
1088 1407 1316 1470 recensionem
1328 1409 1438 1486 exigit
1452 1425 1568 1472 eorum
1584 1410 1708 1491 iniqui-

961 1515 1081 1590 tatum,
1097 1527 1224 1588 urgens
1239 1511 1328 1592 quod
1351 1528 1418 1574 non
1434 1511 1559 1575 frustra
1581 1512 1618 1575 in
1635 1512 1710 1575 illos

963 1615 1126 1678 irruerint
1139 1615 1198 1678 irre
1213 1613 1337 1678 divinae
1352 1613 1500 1692 fiagello.
1641 1591 1647 1614 ³

218 1741 249 1784 ν.
268 1721 321 1800 32,
337 1722 389 1784 33.
402 1718 467 1784 Καί
485 1720 544 1784 οὐκ
555 1717 742 1786 ἐπίστευσαν
760 1728 825 1798 τοῖς
840 1715 920 1782 &uu-
1007 1737 1038 1782 ν.
1056 1722 1109 1800 32,
1126 1721 1178 1782 33.
1194 1720 1240 1783 Bt
1253 1735 1317 1782 ooo
1331 1717 1535 1784 crediderumt
1554 1719 1592 1782 io
1612 1719 1713 1784 miro·

175 1822 296 1910 μασίοις
312 1825 418 1888 αὐτοῦ.
442 1823 507 1889 Καί
522 1822 663 1903 ἐξέλιπον
685 1823 719 1888 έν
735 1821 919 1908 ματαιότητι
963 1823 1081 1888 bilibres
1095 1823 1175 1904 ejus.
1188 1820 1430 1903 Ειιιιριαιναι
1443 1823 1479 1885 itt
1493 1822 1715 1888 pontonates

178 1927 211 1993 αί
232 1925 349 2013 ἡμέραι
375 1928 487 2011 αὑτων,
502 1930 558 1992 καί
582 1929 624 1993 τα
645 1929 701 2013 ἐτη
717 1927 818 1992 αὐτων
841 1927 920 2011 μετα
963 1925 1347 2006 coenomanorum
1361 1926 1668 2008 consarcinatione.

174 2031 323 2114 σπουδῆς.

219 2134 290 2199 Τῶν
305 2135 364 2219 οὐχ
380 2132 421 2211 ὡς
436 2133 508 2199 δέον
530 2142 594 2212 τοῖς
609 2141 729 2218 καιροῖς
751 2132 920 2219 χρωμένων
1009 2137 1135 2198 Eorum
1147 2134 1206 2215 qui
1219 2135 1428 2215 temporibus
1439 2136 1490 2199 uti
1502 2153 1564 2217 por
1574 2140 1634 2215 est,
1644 2153 1711 2200 uon

175 2237 208 2302 αἱ
222 2235 338 2322 ἡμέραι
349 2237 383 2302 έν
395 2237 580 2322 ματαιότητι
591 2235 798 2302 ἐκλείπουσιν.
812 2273 852 2284 -
865 2232 921 2301 Ἀ·
966 2242 1121 2318 utuntur,
1137 2239 1209 2303 dies
1226 2240 1261 2302 in
1276 2241 1428 2304 venitote
1444 2240 1616 2304 deficiunt.
1635 2243 1713 2305 Peo-

174 2340 387 2424 μαρτάνοντόις
402 2362 479 2426 φησι
493 2343 566 2418 τοὺς
581 2342 625 2425 μὴ
640 2348 702 2404 τῶν
717 2336 852 2425 ὀφείλειν
869 2339 921 2404 δυ·
966 2360 1042 2406 oure
1062 2359 1118 2406 eos
1140 2342 1232 2421 dicit,
1248 2344 1307 2423 qui
1331 2360 1438 2424 quurn
1461 2344 1617 2425 prodesse
1646 2347 1711 2410 sibi

174 2441 314 2528 ναμένων
346 2443 500 2530 μηδεμίαν
530 2441 733 2528 ποιουμένους
763 2441 920 2527 πρόνοιαν.
965 2447 1104 2528 possint,
1120 2447 1250 2509 nullum
1264 2445 1390 2510 habent
1404 2449 1565 2528 praeviom
1581 2466 1708 2512 eurum.

178 2545 251 2624 Τοῖς
267 2547 302 2611 δέ
325 2546 467 2634 ματαίοις
489 2546 738 2632 προστετηκότες
760 2545 921 2632 έπιτηδεό-
967 2552 1021 2614 11Ιί
1037 2567 1117 2613 vero
1132 2551 1192 2630 qui
1206 2552 1304 2614 vanis
1323 2555 1404 2614 sunt
1422 2552 1588 2614 institutis
1606 2551 1714 2615 imbu-

177 2671 263 2737 μασι,
275 2654 330 2716 καί
341 2654 421 2737 μετὰ
432 2651 537 2736 πόσης
548 2660 649 2716 ταῦτα
660 2649 815 2736 μετιόντες
827 2671 922 2714 σπου-
968 2657 1007 2736 ti,
1024 2660 1161 2736 totoque
1182 2655 1287 2717 animi
1310 2655 1423 2718 studio
1448 2653 1501 2717 his
1522 2655 1716 2734 incubuere,

176 2753 244 2838 δῆς,
261 2758 315 2821 τόν
331 2753 396 2841 βίον
411 2754 585 2838 ὑπεξῆλθον
599 2753 633 2819 ἐν
657 2753 850 2840 ματαιότητι,
866 2754 923 2832 τὰς
967 2762 1074 2823 vitum
1086 2761 1323 2839 pertranseunt
1335 2759 1370 2821 in
1382 2759 1541 2836 vanitate,
1554 2757 1626 2821 dies
1637 2775 1716 2821 suos

176 2857 299 2945 ἡμέρας
324 2857 618 2942 καταναλίσκοντες,
641 2860 696 2923 καί
721 2859 762 2924 τότ
784 2859 840 2942 έτη
863 2878 924 2923 ποι-
966 2864 1179 2944 dissipantes,
1187 2867 1334 2926 etnunos
1342 2880 1444 2926 cursu
1456 2863 1711 2944 pretermitten-

179 2963 394 3050 ρατρέγοντες.
866 2977 872 2990 “
969 2973 1044 3038 tes„

223 3089 254 3133 v.
273 3071 325 3134 34.
340 3063 440 3135 Ὅταν
456 3066 638 3133 ἀπέκτεινεν
653 3068 776 3150 αότοὺς,
792 3064 924 3150 ἐζήτουν
1015 3090 1047 3134 ν.
1064 3073 1116 3135 34.
1143 3072 1246 3148 Quom
1267 3070 1421 3136 occiduo
1441 3087 1502 3150 eos,
1528 3070 1720 3153 ριιαετοόαπί

180 3172 292 3238 αὐτόν·
314 3176 369 3238 καί
391 3172 583 3259 ἐπέστρεφον
598 3174 653 3237 καί
671 3172 820 3258 ὤρθριζον
848 3174 924 3258 πρός
969 3192 1059 3254 σταται
1081 3179 1112 3239 εί
1131 3173 1383 3254 revertebantur,
1405 3179 1435 3240 εί
1456 3174 1598 3241 diluculo
1617 3175 1720 3248 vertit·

177 3276 336 3344 τὸνθεόν.
970 3279 1196 3344 toutonem.

222 3380 470 3467 [Παρελθοόσης]
486 3379 647 3466 ἐπιθυμίας
657 3389 715 3466 της
726 3379 862 3466 ἀπάτης,
874 3378 925 3444 τό·
1015 3387 1224 3448 Transeunte
1237 3385 1360 3446 erroris
1375 3383 1551 3464 desiderio,
1563 3389 1645 3446 tuno
1661 3399 1718 3445 uo·

177 3505 212 3550 τε
235 3485 252 3550 ό
275 3485 344 3563 νέος
366 3485 503 3571 ἐκζητεῖ,
530 3484 548 3549 ό
570 3483 816 3570 ἀνακαινόμενος
842 3484 926 3549 κατὰ
976 3507 1040 3553 vus
1055 3489 1155 3552 homo
1171 3488 1314 3568 quaerit,
1327 3488 1385 3567 qui
1399 3487 1722 3564 secundumimugi-

178 3589 285 3656 είκόνα
296 3599 351 3654 τοῦ
362 3587 535 3665 κτίσαντος.
549 3628 590 3640 -
605 3587 839 3673 [Ἀποκτέινει],
851 3588 926 3651 όταν
974 3611 1052 3657 nem
1062 3593 1226 3656 creatoris
1238 3596 1429 3654 renovetur.
1439 3591 1614 3654 —Oooidit
1620 3591 1721 3670 Deus,

178 3696 233 3758 τόν
243 3692 377 3759 παλαιόν
390 3691 671 3777 ἄνθρωπονόθεὸς
682 3691 863 3774 ἀποκτείνῃ,
872 3695 926 3757 τόν
978 3696 1113 3780 quando
1138 3701 1287 3760 veterem
1310 3695 1482 3757 homiuem
1510 3695 1722 3772 exterminet,

179 3789 379 3885 φθειρόμενον
391 3795 707 3883 κατὰτόιςέπιθυμίας
718 3805 775 3881 της
786 3795 920 3879 ἀπάτης.
972 3803 1169 3880 corruptum
1181 3816 1242 3880 per
1254 3798 1421 3862 desideria
1433 3799 1565 3860 erroris.
1578 3798 1621 3859 Et
1631 3796 1722 3858 Deus

185 3941 226 3952 -
242 3902 307 3967 Καί
322 3899 499 3967 ἀποκτείνει
517 3900 534 3965 ὁ
554 3900 644 3982 Θεὸς,
660 3903 711 3966 ἵνα
726 3898 929 3986 ζητήσαντας
976 3905 1108 3984 oceidit,
1123 3907 1163 3967 ut
1177 3907 1368 3984 quaerentes
1381 3919 1459 3966 eum
1470 3899 1629 3980 vivificet,
1641 3899 1722 3962 dum

183 4005 377 4091 ζωοποιήση,
393 4007 448 4070 καί
467 4007 550 4082 όπως
565 4001 807 4089 ἐπιστρέψαντες
830 4003 928 4090 όρθρί-
973 4011 1101 4075 reversi
1117 4009 1159 4072 od
1176 4026 1254 4072 eum
1270 4025 1369 4072 mene
1385 4011 1586 4088 exsurgunt.

184 4132 261 4175 σωσι
272 4114 349 4194 πρὸς
364 4109 468 4176 αὐτόν.

227 4236 258 4280 v.
275 4217 326 4280 35.
347 4215 413 4280 Καὶ
434 4214 451 4279 ὁ
474 4213 554 4290 Θεὸς
578 4213 596 4278 ὁ
618 4214 746 4298 ὕψιστος
767 4212 929 4298 torporis
1017 4241 1049 4285 v.
1077 4221 1129 4285 35.
1152 4221 1197 4285 Et
1218 4223 1306 4285 οισι
1331 4219 1519 4285 attissimus
1546 4216 1724 4298 redemptor

187 4321 289 4384 αὐτῶν
304 4318 380 4383 ἐστι.
973 4343 1084 4392 eorum
1099 4329 1156 4390 est.

229 4421 294 4488 Καὶ
309 4423 327 4487 ὃ
342 4420 423 4498 θεὸς
442 4422 604 4506 δῦψῑῠτῡς
625 4421 761 4508 λέγεται,
784 4421 859 4485 ὅσον
881 4421 931 4486 οὖ-
1020 4434 1063 4495 Et
1078 4433 1168 4494 Deus
1184 4429 1372 4492 altissimus
1387 4427 1521 4506 dicitur,
1544 4427 1637 4488 utin
1661 4426 1724 4489 hoo

183 4547 244 4603 τως
256 4547 264 4563 ·
278 4521 317 4592 Ὁ
331 4527 460 4610 ὕψιστος
474 4526 715 4612 ὓπερεμάκησῑν
730 4527 845 4604 αὐτοῖς·
975 4537 1062 4599 loeo:
1081 4536 1154 4597 «nt
1168 4532 1361 4596 Altissimus
1372 4546 1432 4610 pro
1447 4530 1496 4592 eis
1506 4529 1685 4610 pugnavit.
1700 4549 1717 4588 υ

226 4650 258 4694 v.
274 4633 326 4695 36.
349 4629 414 4694 Καί
435 4629 603 4716 ἠγάπησεν
625 4631 719 4694 αὐτόν
734 4631 767 4694 ἐν
789 4639 833 4715 τῷ
856 4628 926 4695 στό·
1019 4657 1051 4701 ν.
1067 4640 1119 4702 36.
1135 4636 1580 4702 orationemementote
1597 4651 1664 4713 etto,
1690 4638 1722 4698 εί

184 4755 258 4822 ματι
272 4735 384 4818 αὐτῶν,
399 4737 454 4800 καί
469 4743 508 4820 τῇ
523 4733 652 4819 γλὼσση
665 4736 767 4801 αὐτῶν
779 4733 930 4819 ἐψεόσαν-
977 4743 1091 4826 ῑῑηριιη
1105 4758 1167 4808 suo
1181 4741 1311 4805 ηιεηίίιι·
1324 4743 1402 4804 orent
1415 4738 1455 4802 εί.

183 4859 221 4903 πο
238 4839 332 4924 αὐτῷ.

217 5093 246 5134 ν.
259 5075 302 5146 33,
316 5075 383 5132 Vnt.
396 5076 424 5130 2.
1015 5088 1043 5127 ν.
1055 5067 1099 5138 36,
1111 5067 1178 5124 Vnt.
1192 5065 1217 5132 5,
1231 5065 1272 5120 12.
1286 5063 1409 5119 Frustra
1421 5063 1518 5118 locum
1529 5061 1661 5135 quesivi.

220 5179 248 5218 v.
262 5161 305 5218 34.
319 5163 386 5218 Vnt
398 5163 424 5232 2,
436 5162 462 5232 4,
475 5161 500 5218 6.
513 5159 620 5235 Ephos.
634 5179 674 5231 ιν,
685 5163 729 5217 22.
1017 5175 1045 5214 ν.
1057 5155 1101 5210 36.
1114 5155 1181 5211 Vnt.
1194 5153 1273 5222 6,12,
1286 5152 1328 5207 14.
1341 5151 1446 5208 Metti.
1459 5167 1509 5220 xv,
1521 5151 1547 5206 8.
