4020 6098
296 402 359 464 224
974 403 1185 468 ORIGENES
1244 435 1247 444 -

295 551 351 608 τοῦ
365 541 468 609 'Atel
483 544 541 621 ἕως
557 543 718 629 Ζαχαρίου
740 554 796 608 τοῦ
811 542 975 630 προφήτου
991 545 1044 608 ἐκ·
1091 551 1182 610 stum
1198 549 1241 612 ab
1257 548 1341 612 Abel
1363 566 1472 630 usque
1491 549 1534 613 ad
1557 548 1753 612 Zachariam
1769 565 1845 629 pro·

295 643 500 730 δικηθήσεται
515 647 578 712 ἀπὸ
593 656 651 733 τής
666 655 778 732 γενεᾶς
797 646 925 732 ταύτης.
942 645 1047 731 Μητέ-
1090 651 1228 732 phetam
1252 652 1486 717 ulciscendum
1513 669 1585 716 esse
1606 653 1641 715 in
1663 652 1728 714 hac
1743 669 1847 730 gene-

296 770 337 835 ρα
353 749 388 814 δὲ
402 760 457 814 τοῦ
480 749 613 828 ἀσεύοῠς
627 750 707 815 λαοῦ
728 753 786 836 τήν
809 752 951 835 πονηράν
966 748 1047 814 εκεί-
1089 755 1229 818 ratione.
1242 757 1344 819 Porro
1357 762 1500 820 matrem
1516 757 1613 836 impii
1626 756 1741 837 populi
1758 756 1846 818 scies

297 873 356 938 νην
371 853 494 938 νοήσεις
518 841 717 940 συναγωγήν,
734 857 793 941 τήν
811 853 965 930 πολλάκις
987 873 1048 917 πα-
1090 856 1276 937 improbam
1305 859 1399 922 illam
1414 875 1487 922 esse
1510 875 1734 940 synagogam,
1764 875 1841 938 quae

300 957 537 1043 ραπικράνασαν
553 961 605 1023 τδν
621 957 713 1026 Θεδν.
728 995 768 1007 -
781 955 933 1042 Πατάρων
949 957 1046 1042 ἀρετή
1089 963 1275 1041 saepissime
1287 963 1395 1026 Deum
1408 964 1632 1026 exacerbavit.
1647 943 1686 1007 ’-
1700 964 1839 1026 Patrum

295 1061 450 1138 πολλάκις
465 1062 520 1126 καί
534 1060 825 1148 πλημμελήσαντας
846 1059 960 1144 ὠνήσει
975 1068 1047 1125 παῖ·
1091 1066 1202 1129 virtus
1218 1067 1392 1130 multoties
1408 1065 1537 1147 profuit
1554 1065 1692 1128 nefariis
1708 1081 1846 1145 quoque
1918 1064 1925 1074 ‘

296 1165 363 1248 δας,
380 1165 422 1242 ὣς
438 1169 510 1242 τοὺς
528 1163 698 1244 Ἰουδαίους
716 1175 772 1231 τοῦ
786 1162 966 1250 Ἃύραδιμή
980 1163 1049 1229 πίσ-
1089 1167 1180 1248 filiis,
1198 1171 1287 1232 siout
1298 1171 1319 1234 J
1323 1169 1428 1233 udaeis
1441 1169 1584 1234 Abrahae
1603 1168 1696 1233 fides.
1719 1171 1846 1249 Impro-

295 1289 360 1366 τις·
375 1268 511 1354 πονηρία
526 1271 561 1336 δὲ
576 1269 720 1356 πατέρων
734 1269 931 1355 τοῖςδμοίοις
942 1269 1048 1334 παισὶν
1090 1271 1178 1336 bitae
1205 1279 1320 1337 autem
1348 1281 1485 1356 patrum
1508 1274 1678 1338 similibus
1701 1271 1847 1354 posteris

296 1371 405 1453 ἐπάξει
420 1375 478 1459 τήν
496 1371 653 1459 τιμωρίαν.
678 1373 781 1440 Τοῦτο
803 1371 905 1438 τοίνυν
921 1370 1050 1438 αἰνίττε·
1090 1379 1228 1446 invehet
1253 1379 1525 1462 castigationem.
1550 1378 1652 1457 Atqui
1675 1375 1847 1457 propheti·

296 1499 347 1544 ται
361 1479 379 1543 δ
395 1481 588 1563 προρητικὸς
604 1477 707 1563 λόγος,
726 1478 773 1542 δτι
785 1477 813 1541 οἱ
827 1475 975 1541 Ἰουδαῖοι
990 1477 1049 1560 τήν
1091 1503 1152 1548 cus
1168 1497 1277 1547 sermo
1301 1483 1363 1546 hoc
1390 1485 1515 1562 monet,
1536 1481 1683 1560 Judaeos,
1699 1481 1848 1544 interne-

295 1581 505 1668 πανολεθρίαν
527 1579 749 1669 ὑπομείναντες
768 1583 846 1667 πρὸς
862 1588 930 1658 ταῖς
954 1578 1047 1646 οίκεί-
1091 1588 1222 1651 cionem
1253 1585 1375 1650 excidii
1412 1603 1519 1667 quum
1551 1585 1779 1648 sustinuerint
1803 1601 1848 1647 ex

296 1707 346 1765 αις
375 1684 540 1768 ἀσεύείαις,
558 1688 613 1750 καὶ
632 1696 671 1772 τῇ
687 1684 795 1771 μνήμῃ
819 1693 881 1750 τῶν
896 1683 1050 1770 πατρῴων
1094 1693 1239 1775 propriis
1256 1691 1450 1769 sceleribus,
1468 1690 1642 1770 impietate
1660 1692 1777 1768 aperta
1791 1705 1848 1750 su·
1875 1774 1878 1778 Ι

296 1799 405 1857 κακῶν
420 1788 615 1875 φανήσονται
631 1787 855 1875 βδελυρότεροι.
1100 1796 1269 1878 paravisse
1282 1797 1337 1858 vel
1352 1799 1536 1857 memorata
1551 1797 1687 1874 patrum
1702 1791 1845 1870 flagitia.

340 1916 372 1961 v.
392 1898 441 1959 15.
454 1892 685 1978 Γενηθήτωσαν
696 1891 837 1958 ἐναντίον
852 1890 970 1977 Κυρίου
985 1892 1051 1956 δια·
1139 1919 1171 1963 v.
1192 1901 1242 1963 15.
1259 1900 1361 1964 Fiant
1381 1903 1493 1964 contra
1513 1897 1688 1962 Dominam
1708 1913 1843 1976 semper,

299 2002 426 2080 παντὸς,
442 2001 497 2064 καί
511 1996 745 2084 ἐξολοθρευθείη
762 1997 801 2063 ἐκ
810 2006 871 2084 γής
882 2000 919 2062 τὸ
931 1995 1050 2083 μνήμύ-
1091 2011 1124 2072 et
1135 2005 1296 2088 dispereat
1309 2003 1346 2068 da
1360 2007 1451 2068 terra
1465 2004 1619 2070 ῃιεικονίιι
1633 2019 1753 2068 eorum.

300 2123 394 2169 συνον
409 2103 521 2168 αὐτῶν.

317 2237 321 2244 ’
345 2205 433 2273 Ἀντί
444 2205 638 2288 τούᾐΤαύτα,
647 2206 735 2296 φησί,
744 2206 784 2270 τὰ
799 2203 851 2269 ὐπ’
862 2205 964 2270 αὐτῶν
975 2204 1050 2268 τολ·
1136 2215 1184 2276 Ac
1209 2213 1239 2276 si
1266 2211 1407 2275 dixerit:
1430 2215 1527 2274 tanta
1549 2229 1624 2294 quae
1654 2211 1729 2274 ausi
1751 2213 1844 2292 sunt,

299 2309 431 2398 μήματα
452 2311 624 2395 παράνομοι
645 2309 696 2373 ἀεὶ
717 2307 879 2400 θεώμενος
908 2308 925 2373 δ
955 2307 1046 2391 Θεὸς,
1092 2319 1231 2396 tamque
1263 2315 1410 2378 nefanda
1440 2331 1572 2395 semper
1597 2316 1846 2395 contemplatus

298 2412 444 2501 οὐδεμίας
460 2416 573 2491 αὐτοὺς
588 2413 715 2496 ἀξιῶσει
736 2411 870 2498 φείδους,
891 2412 975 2478 ἀλλὰ
990 2434 1050 2476 πα·
1093 2420 1193 2499 Deus,
1218 2420 1313 2481 nulla
1336 2434 1392 2481 eos
1415 2418 1516 2480 venia
1537 2419 1661 2497 dignos
1682 2417 1845 2496 censebit,

297 2515 442 2606 νολεθρίᾳ
452 2515 643 2602 παραδώσει·
652 2516 857 2602 ἐξολοθρεύθη
868 2518 931 2603 γάρ
940 2517 978 2583 ἐκ
988 2526 1050 2603 γῆς
1092 2523 1151 2587 sed
1173 2522 1216 2586 ad
1247 2521 1417 2586 excidium
1441 2538 1549 2602 usque
1572 2539 1708 2604 pessum
1739 2521 1844 2585 dabit.

298 2623 334 2688 τό
351 2621 548 2709 μνημόσυνον
570 2630 631 2686 τῶν
652 2620 813 2707 ἀρχόντων
835 2620 973 2703 ἐκείνων,
989 2630 1050 2686 τῶν
1093 2629 1249 2692 Deletum
1269 2643 1406 2708 prorsus
1429 2643 1449 2688 a
1471 2629 1563 2688 terra
1585 2629 1637 2688 est
1658 2625 1845 2687 monimen-

301 2728 387 2794 κατά
401 2737 456 2792 τὀυ
467 2723 586 2812 Κυρίου
602 2726 792 2808 συστάντων,
804 2724 846 2803 ῶς
863 2727 944 2812 μηδὲ
959 2725 1052 2812 σπέρ-
1092 2735 1167 2794 tum
1194 2731 1317 2794 horum
1347 2731 1555 2811 principum,
1583 2730 1642 2810 qui
1665 2729 1846 2792 adversum

301 2853 347 2918 μα
361 2833 463 2897 αὐτῶν
479 2831 523 2910 είς
539 2829 737 2918 μνημόσυνον
753 2838 866 2916 μείναα
1092 2835 1264 2898 Christum
1287 2835 1478 2910 astiterunt,
1496 2836 1535 2894 ut
1557 2849 1668 2913 neque
1690 2834 1794 2896 etiam
1809 2835 1845 2896 in

628 2983 631 2990 -
1092 2937 1256 3000 memoria
1270 2937 1418 3023 supersit
1433 2952 1551 2998 eorum
1569 2954 1696 2999 semen.

341 3061 374 3105 v.
393 3041 443 3104 17.
467 3037 532 3104 Καί
554 3037 704 3124 ήγάπησε
726 3037 881 3123 κατάραν,
904 3039 959 3102 καί
977 3037 1049 3124 ήξει
1136 3059 1168 3102 v.
1187 3041 1237 3103 17.
1253 3041 1299 3104 at
1320 3039 1439 3103 dilexit
1458 3039 1722 3118 maledictorum,
1741 3043 1773 3104 et
1793 3057 1845 3104 oa·

299 3145 394 3230 αὐτῷ,
409 3145 464 3208 καί
486 3144 545 3208 οὐκ
566 3141 717 3228 ἐθέλησεν
734 3140 891 3228 εὐλογίαν,
914 3145 970 3208 καί
992 3164 1050 3229 μα·
1091 3143 1160 3208 niet
1173 3143 1224 3222 ei;
1246 3147 1279 3206 et
1300 3143 1407 3207 vwlcit
1427 3141 1681 3223 temtationem,
1707 3147 1740 3207 et
1760 3143 1846 3208 elota·

298 3246 506 3334 κρυνθήσεται
522 3247 578 3311 ἀπ’
590 3248 696 3312 αὐτοῦ.
1093 3247 1226 3329 peditur
1239 3246 1277 3312 ab
1292 3264 1336 3311 eo.

344 3352 383 3419 El
399 3361 442 3438 τῷ
457 3352 619 3436 ἀγαπῶντι
640 3354 698 3437 τήν
720 3351 863 3436 κατάραν
878 3352 1006 3437 ἔρχεται
1027 3350 1048 3436 ή
1138 3353 1173 3415 Si
1189 3351 1350 3430 diligenti
1368 3351 1649 3431 maledictionem,
1665 3351 1847 3414 anathema

299 3457 435 3542 κατάρα,
453 3454 598 3540 δηλονότι
613 3458 668 3520 καί
684 3465 727 3540 τῷ
750 3454 911 3539 ἀγαπῶντι
927 3457 985 3541 τήν
1000 3456 1049 3522 ἐν·
1091 3457 1203 3536 venit,
1225 3457 1365 3538 proinde
1405 3457 1535 3520 amanti
1562 3457 1846 3536 benedictionem,

297 3559 419 3647 λογίαν,
436 3557 595 3645 ἔρχεταιή
613 3557 806 3644 εὐλογίαι-
820 3557 885 3623 Καί
900 3559 1005 3643 πάλιν,
1021 3559 1050 3625 εί
1093 3559 1284 3624 benedictio
1308 3564 1464 3624 occurrit.
1484 3596 1522 3605 —
1539 3561 1584 3623 Et
1605 3561 1730 3624 iterum
1744 3562 1774 3624 si
1802 3561 1845 3624 ad

297 3674 342 3749 τῷ
358 3665 401 3750 μή
418 3663 544 3728 θέλοντι
558 3665 617 3749 τήν
632 3663 784 3748 κατάραν,
802 3665 861 3727 οὐκ
875 3664 1004 3749 ἔρχεται
1025 3663 1047 3748 ή
1091 3681 1170 3727 eum
1197 3666 1256 3745 qui
1282 3681 1349 3726 non
1372 3665 1448 3727 vult
1466 3664 1744 3742 benedictionem,
1773 3681 1843 3726 non

300 3767 439 3854 εὐλογία,
448 3770 502 3833 καί
514 3778 557 3854 τῷ
570 3769 613 3853 μή
625 3766 817 3853 δέλοντιτήν
828 3769 981 3851 καταρὰν,
991 3769 1050 3833 οὐκ
1090 3771 1186 3833 venit
1207 3769 1407 3848 benedictio,
1424 3769 1473 3831 ita
1488 3769 1530 3832 ad
1546 3769 1718 3831 nolentem
1741 3768 1846 3829 male-

300 3871 459 3960 ίρχεταιή
472 3871 606 3957 κατάρα.
617 3871 681 3936 Καὶ
692 3870 737 3948 τίς
748 3870 838 3946 θέλει
849 3870 950 3936 ἐλθεῖν
963 3874 1048 3959 αὐτῷ
1091 3872 1284 3952 dictionem,
1293 3871 1488 3934 maledictio
1497 3869 1563 3934 non
1573 3871 1710 3934 accedit.
1719 3871 1846 3950 Ecquis

298 3976 452 4062 κατάραν;
464 3975 574 4053 Οὐδείς
587 3976 643 4062 μὲν
654 3985 698 4060 τῷ
709 3974 804 4060 λόγῳ,
816 3975 900 4061 πλήν
909 3974 943 4039 δὲ
956 3975 995 4041 δι’
1006 3978 1049 4041 ῶν
1091 3979 1167 4042 vult
1193 3977 1236 4040 ad
1263 3995 1341 4040 eum
1366 3978 1483 4039 venire
1510 3975 1715 4038 anathema?
1739 3976 1846 4038 Nemo

298 4081 478 4167 πράττουσι,
490 4079 621 4145 θέλουσι
632 4081 691 4165 τήν
703 4079 854 4164 κατάραν.
868 4079 907 4144 Εἰ
918 4082 981 4166 γάρ
992 4084 1048 4146 καί
1089 4100 1171 4146 sane
1195 4099 1236 4144 ex
1265 4081 1377 4160 verbo,
1401 4098 1523 4143 verum
1550 4081 1650 4143 multi
1674 4077 1845 4160 perlaeta

299 4187 342 4271 μή
359 4184 477 4266 ἔθελον,
491 4185 549 4249 οὐκ
560 4185 599 4249 ἄν
611 4205 640 4248 τι
655 4191 716 4248 τῶν
727 4184 869 4270 κατάρας
882 4184 977 4264 ἀξίων
992 4207 1049 4250 κα-
1092 4187 1213 4249 volunt
1242 4185 1525 4247 maledictionem.
1556 4185 1591 4246 Si
1622 4183 1713 4245 enim
1743 4183 1845 4245 aliter

297 4290 525 4375 τειργάσαιντο.
541 4287 607 4354 Καὶ
622 4287 770 4367 ὡσαύτως
785 4291 840 4354 καί
856 4289 906 4353 ἐπὶ
921 4300 978 4355 τοῦ
992 4288 1048 4354 st·
1090 4293 1227 4369 vellent,
1251 4291 1392 4352 minime
1412 4289 1624 4351 eniterentur
1646 4288 1681 4350 in
1698 4303 1738 4349 ea
1766 4303 1843 4367 quae

297 4392 363 4458 λειν
378 4394 435 4477 τήν
458 4390 604 4476 εὐλογίαν
618 4389 767 4476 νοητέον·
790 4391 829 4456 οὐ
844 4395 905 4478 γάρ
922 4392 938 4457 δ
962 4392 1048 4478 λόγῳ
1090 4393 1274 4456 maledicto
1291 4392 1398 4470 digna
1414 4397 1504 4455 sunt.
1528 4393 1576 4453 Ae
1592 4391 1750 4454 similiter
1769 4408 1845 4453 sen-

297 4495 402 4562 ήέλων
416 4498 475 4581 τήν
490 4494 645 4580 εὐλογίαν,
662 4497 752 4573 οὗτος
774 4497 958 4581 εὐλογεῖται,
975 4495 1049 4562 ἀλλ’
1091 4497 1246 4563 tiendum
1262 4496 1302 4559 de
1320 4496 1377 4558 illo
1393 4496 1544 4576 quivult
1562 4495 1842 4572 benedictionem,

298 4597 480 4685 ὁπαρέχων
503 4596 614 4663 ἑαυτὸν
635 4597 720 4676 άξιον
743 4608 799 4684 τῆς
823 4598 968 4686 εὐλογίας
983 4601 1049 4667 Κυ-
1089 4602 1319 4680 benedicetur,
1335 4598 1393 4663 sed
1417 4599 1527 4680 quise
1547 4615 1607 4679 per
1631 4598 1718 4662 bona
1740 4613 1843 4678 opera

299 4703 353 4790 ρίμ
370 4705 409 4769 δι’
420 4705 519 4788 ἔργων
533 4701 670 4789 ἀγαθῶν.
1092 4709 1231 4789 prastat
1245 4704 1391 4783 dignum
1407 4703 1550 4765 Domino
1564 4702 1728 4765 benedici.

342 4831 374 4875 v.
394 4811 444 4874 19.
460 4805 526 4872 Καὶ
548 4805 716 4872 ἐνεδύσατο
737 4808 890 4894 κατάραν,
913 4807 955 4888 ὡς
978 4809 1049 4896 ίμά·
1135 4828 1168 4872 ν.
1187 4812 1238 4873 19.
1251 4809 1297 4872 at
1311 4805 1420 4871 induit
1431 4805 1683 4871 etoledictionem
1697 4805 1785 4870 σίοωί
1793 4823 1845 4870 oe·

298 4934 373 4979 τιον.
1090 4915 1285 4980 stammam.

333 5062 362 5099 v.
377 5043 419 5100 ll.
430 5041 501 5097 vat.
514 5043 540 5098 5.
1089 5045 1200 5120 pluries
1213 5047 1309 5098 botru
1327 5057 1386 5096 nne
1398 5057 1464 5095 cum
1482 5041 1591 5095 tactae.
1610 5037 1654 5094 01.
1673 5039 1844 5111 Rom-1111,

332 5147 360 5188 v·
373 5131 417 5201 19·
430 5129 497 5186 Μ·
511 5129 554 5184 16·
573 5128 609 5186 In
621 5128 679 5186 fine
697 5127 760 5185 cod·
779 5129 878 5205 inepte
897 5133 1002 5195 miscet
1019 5142 1050 5193 et
1090 5135 1132 5191 14.
1148 5133 1212 5190 Gal.
1226 5147 1270 5189 ru.
1284 5128 1328 5184 27.
1341 5125 1449 5200 Ephes.
1465 5141 1505 5195 ιν,
1518 5126 1562 5181 24.
