4044 6104
854 437 1062 506 nnsnmus
1670 437 1736 502 399

187 581 294 646 αὐτοῦ.
308 578 503 646 Ταπεινύσει
519 577 623 662 αὐτόν,
640 579 742 665 κύψει,
759 580 813 644 καί
833 590 936 647 πεσεῖ-
979 583 1025 648 tit
1041 601 1122 661 ιαπι,
1149 577 1333 646 inamata
1357 581 1389 644 et
1410 575 1506 658 cadet,
1533 596 1604 646 πιαι
1629 578 1731 645 domi*

188 708 241 751 ται
251 687 284 751 ἐν
297 695 340 770 τῷ
353 683 447 750 αὐτόν
458 695 704 770 κατακυριεύσαι
712 694 773 749 τῶν
781 683 934 768 πενήτων.
980 693 1079 750 ποῖαι·
1085 685 1200 766 fuerit
1207 702 1398 766 μιιαρονιιιιι.
1655 750 1659 758 ,

232 789 380 856 Τοσαῦτα
401 791 524 874 τολμῶν
546 792 564 854 δ
586 795 641 857 τόν
663 788 744 857 Θεὸν
768 793 816 876 μὴ.
835 791 935 874 εἰδὼς,
1025 791 1119 854 'falia
1141 807 1246 852 ausus
1265 789 1364 852 homo
1388 791 1447 869 qui
1466 792 1574 853 Deum
1598 807 1664 854 non
1682 792 1733 852 in·

188 892 269 977 μηδέ
283 895 342 977 την
357 889 458 977 κρίσιν
470 891 569 958 αὐτοῦ
580 891 750 981 γνωρίζων,
763 893 937 978 διαλογίζε-
981 899 1106 972 tuetur,
1133 909 1246 973 neque
1266 892 1435 973 judicium
1463 895 1536 975 ejus
1564 897 1733 976 agnoscit,

186 1015 239 1060 ται
253 997 327 1081 παρ’
338 995 440 1081 ἐαυτῷ
455 997 495 1060 τά
510 996 685 1083 ἀτόλμητα,
707 995 890 1080 παράμονον
906 996 935 1060 ἕ·
980 1017 1095 1064 secum
1111 998 1302 1062 considerat
1315 1015 1457 1062 ana-non
1473 1001 1628 1063 audenda
1650 1000 1731 1063 faci·

186 1097 249 1176 ξειν
264 1095 398 1184 νομίζων
421 1101 481 1184 την
494 1098 669 1164 ἀπόλαυσιν
683 1109 741 1184 της
763 1097 933 1183 εύθηνείας.
981 1122 1073 1184 nora,
1086 1104 1258 1168 ratusfore
1267 1109 1306 1166 ut
1321 1106 1570 1185 inperpetuum
1583 1123 1731 1185 suaprc·

188 1201 232 1268 Τό
252 1203 288 1268 δέ
310 1203 412 1288 στόμα
435 1205 535 1268 αὐτοῦ
556 1204 762 1290 βλασφημιῶν
785 1207 839 1269 καί
861 1204 934 1270 ἀσε-
979 1210 1139 1290 speritate
1162 1209 1320 1287 gaudeat.
1345 1213 1387 1272 Os
1410 1213 1526 1271 autem
1544 1211 1638 1272 illius
1660 1209 1731 1272 bla-

186 1303 277 1370 ύειων
291 1305 397 1391 γέμει·
419 1307 483 1392 ἠδη
499 1317 575 1392 γοῦν
590 1309 670 1392 μετὰ
685 1306 862 1392 παββησίας
879 1330 934 1393 μυ-
980 1314 1143 1394 sphemiis
1159 1317 1193 1376 et
1205 1313 1435 1394 impietatibus
1448 1319 1574 1390 turget.
1590 1312 1730 1375 Jamdiu

186 1406 238 1493 ρίκ
252 1412 340 1474 κακά
355 1409 556 1498 φθέγγεσθαι,
572 1415 627 1476 καί
642 1411 841 1498 βλασφημεῖν
863 1413 935 1478 τολ-
982 1435 1128 1498 namque
1151 1417 1275 1480 fiducia
1298 1417 1400 1496 ferox,
1431 1423 1591 1480 sexcenta
1624 1435 1730 1480 ausus

161 1520 164 1525 '
186 1523 241 1600 μᾷ,
265 1514 307 1592 ὡς
331 1514 411 1601 μήτε
426 1517 525 1600 όντος,
545 1515 625 1602 μήτε
647 1517 831 1602 ἐφορῶντος,
856 1516 936 1602 μήτε
982 1529 1033 1587 eat
1056 1522 1234 1586 maledicta
1251 1526 1284 1584 et
1299 1522 1496 1602 blasphema
1511 1526 1675 1599 eructare,
1692 1540 1733 1585 ac

187 1616 346 1702 κρίνοντος
362 1631 416 1684 τού
433 1620 536 1688 Θεοῦ·
557 1624 617 1686 ούκ
630 1624 723 1708 ἤρκει
745 1623 781 1687 δέ
797 1625 881 1708 αὐτῷ
896 1627 937 1689 τά
981 1627 1010 1688 si
1027 1629 1117 1688 Deus
1129 1639 1239 1706 neque
1247 1627 1305 1703 sit,
1316 1641 1425 1704 neque
1437 1625 1610 1704 despiciat,
1619 1642 1730 1705 neque

188 1733 337 1804 τοσαῦτα,
354 1722 439 1788 ἀλλά
452 1726 582 1801 καὶτοῖς
597 1735 654 1789 τοῦ
665 1724 751 1792 Θεοῦ
764 1725 938 1810 ἀνθρώποις
981 1729 1122 1809 judicet.
1131 1731 1198 1791 Nec
1210 1735 1263 1791 sat
1274 1729 1431 1790 illierant
1443 1731 1493 1789 tat
1508 1727 1662 1806 nefanda,
1674 1727 1733 1790 sed

187 1825 408 1911 ἐπιβουλεύων,
447 1829 623 1915 ἐγκάθηται
653 1831 687 1895 ἐν
715 1829 828 1916 ἐνέδρᾳ
858 1837 938 1918 μετὰ
984 1840 1017 1898 et
1033 1835 1226 1899 hominibus
1242 1834 1304 1896 Dei
1319 1839 1456 1896 struens
1477 1832 1627 1911 insidiae,
1646 1830 1734 1895 sedet

188 1922 355 1996 πλουσίων.
372 1931 410 1998 Ὁ
429 1933 464 1996 δὲ
484 1933 656 2020 Σύμμαχος
672 1933 872 2020 ἑρμηνευσεν,
896 1939 937 2003 εἰ·
982 1941 1020 2003 ia
1034 1939 1169 2002 latibulo
1183 1956 1256 2002 ουπι
1271 1935 1434 2001 divitibus
1452 1940 1495 2000 At
1509 1937 1732 2019 Symmachus

187 2036 266 2101 πύν·
278 2036 476 2122 Ἐγνιοίθηται
487 2039 656 2123 ἐνεδρεύων
668 2041 822 2123 παράτάς
834 2041 936 2118 πύλας
985 2044 1046 2106 hac
1070 2045 1346 2124 interpretatione
1363 2061 1445 2106 usus
1461 2047 1526 2106 est:
1544 2041 1669 2106 Ιιτεάόεῖ
1682 2043 1734 2106 ia·

187 2142 222 2205 ἐν
250 2141 444 2226 ἀποκρύφοις
475 2144 555 2228 [τοῦ]
577 2143 760 2209 ἀποκτεῖναι
787 2144 937 2211 ἀναίτιον.
983 2146 1617 2230 εἰάίοῖυεβιιωῖαρυιτουίιιοάεοοπάίῖίο,
1632 2149 1670 2209 at
1683 2163 1731 2212 oc·

189 2244 292 2310 Ἀλλά
303 2249 358 2310 καὶ
369 2246 398 2311 οἱ
409 2248 565 2334 ὀφθαλμοὶ
576 2249 676 2314 αὑτοῦ
685 2250 731 2326 εἰς
744 2251 801 2314 τόν
815 2247 940 2334 πένητα
984 2252 1072 2317 cidat
1080 2253 1284 2316 ἀπιιοοειιῖουι.
1297 2253 1382 2326 Qrcia
1392 2249 1478 2314 ocati
1489 2249 1560 2330 ejas
1571 2250 1608 2312 ia
1611 2265 1733 2329 paupe·

189 2347 436 2431 ἀποβλέπουσιν,
459 2353 514 2415 καὶ
541 2353 585 2428 εἰς
608 2353 660 2416 τόν
689 2353 941 2438 μακαριζόμενον
986 2356 1247 2436 πουιιιυράοίιιιιῖ,
1260 2354 1394 2416 inhunc
1405 2369 1588 2433 pauperem
1596 2353 1730 2433 spiritu,

189 2454 316 2536 πτωχὸν
331 2461 375 2538 τῷ
390 2453 554 2539 πνεύματι,
570 2456 595 2540 ᾧ
614 2451 822 2521 ἐπιβουλεύων
836 2457 857 2522 ό
870 2456 942 2524 ἀσε-
987 2461 1046 2539 qui
1059 2460 1178 2523 beatus
1191 2460 1402 2541 pradicatur,
1427 2459 1483 2521 cui
1499 2459 1623 2539 impius
1651 2459 1734 2521 insi·
1844 2485 1847 2492 ·
1937 2467 1941 2476 ’

190 2553 260 2640 6ης,
274 2565 378 2622 πᾶσαν
402 2559 551 2644 μηχανὴν
565 2559 683 2624 ἐπινοεῖ
703 2562 881 2646 ἐνεδρεύων,
905 2566 938 2628 ό·
987 2567 1354 2643 diasmolitus‚0mnem
1362 2565 1553 2627 machinam
1562 2563 1734 2641 excogitet

190 2679 255 2736 πως
278 2657 464 2744 ἀποστήσας
491 2662 585 2726 αὐτόν
606 2674 663 2728 τοῦ
686 2663 779 2746 Θεοῦ,
811 2675 854 2752 τῷ
885 2677 944 2753 τῆς
987 2668 1179 2746 insidiosus,
1188 2672 1313 2730 uteum
1329 2668 1429 2730 aDeo
1441 2681 1611 2745 amovens,
1625 2671 1738 2729 morte

190 2762 295 2847 ψυχῆς
322 2763 454 2848 θανάτῳ
476 2763 571 2830 αὐτὸν
591 2765 814 2834 ἀποκτείνειεν.
843 2765 888 2837 Ἢ
912 2774 939 2838 et
987 2773 1095 2853 ipsius
1107 2752 1336 2834 animae'illum
1348 2767 1540 2832 interficiat.
1549 2769 1610 2833 Vel
1623 2767 1732 2831 idnon

192 2869 236 2952 μὴ
260 2879 361 2950 τοῦτο,
384 2870 468 2946 ὅπως
490 2871 586 2935 αὐτόν
603 2870 637 2950 ἐξ
659 2870 829 2958 ἀνθρώπων
856 2875 941 2960 άραι,
987 2883 1172 2955 assecutus,
1188 2876 1308 2939 saltem
1321 2891 1399 2937 eum
1413 2873 1735 2937 exhominibnstoi-

192 2974 362 3037 καὶταῦτα
376 2974 531 3057 πράττων,
551 2975 741 3060 ἐνεδρεύειεν
755 2979 791 3044 ἐν
803 2978 941 3064 ἀποκρύ·
987 2982 1045 3060 lat,
1053 2998 1159 3061 eaque
1167 2983 1337 3057 satagens,
1348 2978 1487 3041 incubet
1495 2979 1529 3039 in
1538 2977 1737 3040 abscondite

195 3097 254 3158 φφ,
270 3074 312 3152 ὡς
327 3073 417 3156 λέων,
434 3078 494 3141 οὐκΙ
515 3078 560 3141 ἐτι
575 3079 608 3142 ἐν
624 3077 734 3165 ἀγροῖς
754 3081 939 3167 ὼρυόμενος,
987 3085 1182 3164 explorator
1192 3083 1282 3145 sicut
1297 3082 1359 3159 leo,
1372 3080 1444 3160 jam
1466 3097 1534 3143 non
1549 3097 1609 3161 per
1631 3097 1735 3158 agros

193 3177 265 3242 ἀλλ’
276 3177 318 3254 ὡς
333 3179 367 3243 ἐν
382 3188 422 3263 τῇ
439 3179 561 3266 μάνδρᾳ
577 3183 676 3246 αὐτοῦ
689 3181 936 3270 ἀναπαυόμενος,
987 3189 1106 3264 rugitu
1116 3187 1263 3264 ululans,
1273 3183 1332 3247 sed
1344 3184 1451 3246 veluti
1460 3185 1664 3264 inspelunca
1671 3202 1734 3248 sua

193 3281 228 3346 ἐν
250 3291 313 3358 τοῖς
336 3281 450 3348 ἑαυτοῦ
472 3282 610 3370 ταμείοις
633 3288 688 3350 καὶ
708 3287 745 3352 ἐν
762 3297 806 3374 τῷ
828 3289 944 3356 ἑαυτοῦ
987 3293 1140 3371 supinus,
1152 3291 1188 3352 in
1200 3291 1272 3353 suis
1283 3289 1418 3352 teloniis
1431 3293 1465 3351 et
1477 3289 1591 3352 insuia
1602 3289 1732 3370 opibus,

192 3384 328 3470 πλούτῳ,
341 3388 499 3452 καὶτοῦτο
512 3388 732 3474 πράττειύπὲρ
744 3391 942 3476 τοῡδιοιρπά-
988 3399 1022 3456 et
1038 3395 1085 3456 ita
1100 3411 1135 3456 se
1153 3393 1253 3470 gerit,
1267 3397 1305 3454 ut
1320 3407 1502 3472 pauperem
1520 3393 1644 3472 spiritu
1659 3393 1739 3455 diri-

193 3510 245 3554 σαι
260 3492 313 3554 τόν
328 3494 456 3577 πτωχόν
476 3503 519 3578 τῷ
535 3493 707 3579 πνεύματι·
729 3497 788 3581 την
803 3498 864 3582 γάρ
881 3506 941 3562 πά-
987 3497 1067 3577 piat.
1085 3497 1191 3559 Omne
1207 3495 1332 3575 quippe
1348 3511 1468 3556 saxum
1484 3499 1607 3572 movet,
1629 3499 1667 3556 ut
1680 3494 1740 3557 hc-

193 3613 253 3656 σαν
267 3603 401 3657 ποιεῖται
421 3595 564 3681 σπουδὴν
585 3595 769 3681 ὑφαρπάσαι
783 3602 837 3663 τόν
860 3600 943 3668 Θεοῦ
965 3597 971 3603 ’
987 3598 1114 3660 minem
1130 3598 1191 3660 Dei
1214 3599 1302 3660 clam
1318 3597 1491 3677 surripiat,
1509 3601 1542 3660 et
1563 3595 1700 3676 dejiciat
1715 3617 1736 3660 a

193 3697 365 3782 ἀνθρωπον,
383 3701 437 3764 καὶ
460 3699 651 3769 καταύαλεῖν
673 3711 733 3787 της
747 3703 847 3770 αὐτοῦ
868 3707 941 3772 στά-
987 3703 1178 3766 conditione
1201 3701 1423 3766 scammum
1436 3717 1519 3779 ergo
1535 3704 1741 3783 estzitapere

194 3825 289 3880 σεως·
311 3805 360 3868 διδ
376 3802 524 3870 λέλεκται
546 3806 689 3891 ἁρπάσαι
702 3811 830 3895 πτωχόν
850 3810 884 3874 ἐν
898 3812 942 3898 τῷ
980 3823 1166 3887 pamma,
1192 3803 1269 3870 άιιιιι
1294 3802 1440 3902 οῖίαάάίίΙ
1454 3820 1535 3866 eam.
1559 3805 1737 3869 [reclinabit

196 3908 328 3973 ἑλκύσαι
350 3909 466 3976 αὐτόν·
488 3912 592 3996 κύψει,
610 3914 822 3978 astusastus
845 3915 878 3978 ἐν
901 3925 944 4002 τῷ
986 3929 1030 3992 ae,
1049 3916 1081 3975 αῖ
1094 3909 1193 3991 cadet,
1212 3927 1283 3975 οιιιιι
1298 3909 1481 3973 dominatae
1494 3907 1737 3990 saeritpaape·

196 4015 291 4080 αὐτὸν
306 4027 553 4101 κατακυριεῠσαι
564 4027 627 4083 τῶν
639 4015 789 4100 πενήτων·
803 4029 943 4085 τοσαῦτα
986 4033 1073 4079 πνοι,
1088 4016 1137 4077 Eo
1148 4015 1240 4078 enim
1259 4031 1367 4094 usque
1379 4013 1558 4076 invalescit
1573 4018 1607 4076 et
1618 4019 1739 4095 potens

195 4123 257 4206 γάρ
273 4121 376 4206 ἰσχύει
391 4123 445 4186 καὶ
461 4122 591 4188 δύναται
605 4120 622 4187 ό
638 4123 691 4188 διά
706 4133 761 4189 τοῦ
777 4124 874 4213 λόγου
889 4125 944 4209 δη-
987 4123 1039 4183 est
1057 4118 1192 4199 impius,
1216 4135 1317 4198 quem
1338 4133 1448 4180 sermo
1474 4116 1595 4198 prodit,
1612 4122 1651 4180 ut
1677 4118 1740 4181 aii-

190 4225 345 4309 λούμενος
361 4223 488 4311 ἀσεύὴς,
506 4225 548 4302 ὡς
570 4225 625 4290 καί
640 4247 716 4290 ποτε
732 4226 944 4314 περιγίνεσθαι
988 4221 1312 4304 quandopraeveieat
1319 4221 1411 4301 inopi
1419 4220 1606 4284 secuudum
1614 4222 1733 4300 Deum,

196 4329 350 4392 τουκατά
373 4326 455 4395 Θεὸν
478 4339 617 4414 πτωχοῦ,
641 4329 701 4393 οὐκ
723 4331 800 4395 άνου
815 4329 943 4414 ἱδρῶτος
990 4327 1081 4390 haud
1101 4331 1216 4390 tamen
1234 4327 1307 4389 aine
1323 4325 1440 4388 labore
1453 4343 1516 4389 nec
1535 4327 1602 4390 nisi
1624 4343 1741 4406 aegre,

197 4431 242 4511 δέ,
273 4426 346 4493 οὐδὲ
369 4429 611 4515 ἀταλαιπώρως,
644 4420 750 4496 εἴποτε
783 4431 947 4518 aptum
990 4431 1100 4495 sicubi
1116 4430 1201 4494 illud
1226 4430 1276 4493 illi
1293 4428 1461 4492 succedet.

197 4543 289 4598 τοῦτο
304 4531 432 4620 γίνεται.

241 4657 272 4699 ν,
289 4638 389 4701 33-35
411 4638 466 4720 (al.
495 4640 614 4720 1244).
639 4636 824 4722 Ἀνάσθητι,
847 4640 946 4726 Κύριε
967 4687 968 4690 ι
1034 4657 1065 4702 v.
1098 4638 1209 4702 33-35
1234 4634 1374 4718 (la-14)
1400 4637 1558 4718 Εοοιινρι,
1588 4637 1733 4717 Domine,

197 4741 214 4805 ό
237 4740 327 4822 Θεὸς,
348 4740 503 4825 ύψωθήτω
525 4740 547 4824 ἡ
567 4740 639 4827 χείρ
658 4763 725 4824 σου,
743 4745 786 4827 μη
811 4745 945 4831 ἐπιλάβῃ
991 4745 1079 4809 neas
1094 4759 1193 4818 οιοιιτ,
1212 4740 1550 4805 armaturarum
1570 4745 1637 4820 tua,
1656 4746 1687 4807 et
1700 4761 1743 4808 πο

197 4852 258 4908 των
274 4842 434 4928 πενήτων·
457 4844 563 4909 ἕνεκεν
578 4842 659 4922 τίνος
683 4845 861 4928 παρύξυνεν
876 4847 894 4912 δ
910 4851 945 4913 ά·
994 4847 1198 4913 obliviscaris
1220 4861 1403 4926 paupertate
1432 4850 1570 4932 ῖιιοινιηι.
1603 4842 1746 4928 Ρπορῖοά

232 5083 260 5121 v·
273 5065 364 5122 5335.
383 5065 457 5121 Ibid.
477 5067 549 5135 Quae
566 5065 692 5139 quidem,
705 5067 773 5141 plns
785 5069 882 5126 minua
900 5089 945 5127 ca-
991 5083 1028 5123 ne
1049 5064 1194 5137 origenis,
1213 5065 1265 5121 aed
1284 5065 1382 5121 omnia
1400 5065 1451 5120 BB
1471 5065 1675 5138 neglexerunt.
1695 5065 1742 5123 Of.

197 5151 341 5226 stigandi,
349 5160 505 5211 occurrunt
516 5154 594 5228 apud
607 5154 778 5214 Gordarium
791 5157 944 5216 subnomi·
992 5155 1076 5211 nom.
1090 5167 1145 5225 ιιι,
1159 5153 1203 5208 19.
