4036 6090
286 420 329 481 84
951 422 1161 492 ORIGENES

327 561 974 647 ν.19.Ἀναῦδιςείςῦψος,ὴχμαλῶτευσας
986 563 1032 625 ci·
1121 581 1151 624 v.
1172 565 1221 626 19.
1238 563 1603 646 incardinationem,
1623 569 1738 650 cepisti
1753 586 1824 649 cop

282 664 480 751 γμαλυσίαν·
492 664 605 744 ἔλαθες
621 666 745 752 δόματα
756 665 789 731 ἐν
801 665 964 751 ἀνθρώπῳ,
978 667 1032 730 καὶ
1077 665 1249 747 ticitotcm,
1260 669 1412 749 αοοαμιζσίι·
1422 671 1504 734 dotia
1516 671 1825 751 τάίιοαιίαο;οίσαι“αι

283 772 345 854 γὰρ
361 770 560 849 ἀπειθοῦντες
576 781 633 837 τοῦ
644 778 900 854 κατασαηνῶοαι.
1076 785 1138 830 oon
1149 769 1309 834 cremata
1323 771 1639 856 indebitorcfccisti.

333 873 547 961 Αίχμαλῶοία
573 875 638 940 ἐστι
661 875 799 960 Χριστοῦ
814 873 936 958 φύσεως
950 872 1034 957 λογι-
1120 873 1305 952 Captiyitas
1320 881 1417 956 capta
1435 877 1560 941 Christi
1576 885 1636 958 est,
1660 885 1817 943 naturam

285 988 346 1063 κῆς
372 979 435 1043 ἀπὸ
464 977 580 1056 κακίας
603 981 657 1043 καί
680 977 836 1063 ἀγνωσίας
851 977 901 1042 ἐπ’
916 977 1033 1062 ἀρετὴν
1077 976 1444 1044 rationalemamalitia
1452 986 1486 1044 et
1494 983 1688 1060 ignorantia
1701 986 1744 1048 ad
1755 986 1821 1048 vir·

284 1085 339 1147 καί
354 1091 468 1168 γνῶσιν
483 1082 645 1160 ἐπάνοδος.
671 1081 736 1147 Καί
750 1083 811 1167 γάρ
828 1079 1033 1155 ἀπειθοῦντας
1077 1083 1185 1142 tutem
1208 1086 1243 1144 et
1264 1083 1442 1148 scientiam
1458 1104 1625 1150 revocare.
1649 1091 1715 1152 Eos
1731 1091 1822 1152 enim

282 1195 338 1251 τοῦ
364 1194 612 1270 ιιατασκηνῶοαι
637 1187 696 1249 οὐκ
722 1183 899 1268 ἀπέθλεψα,
924 1182 1031 1267 φησίν,
1077 1185 1220 1262 quinon
1243 1187 1385 1250 credunt
1407 1191 1447 1252 nt
1466 1190 1666 1271 inhabitent,
1682 1209 1750 1254 non
1770 1211 1820 1256 re·

282 1291 327 1367 είς
342 1292 400 1376 τὴν
416 1288 564 1373 δευτέραν
582 1289 683 1354 αὐτῶν
700 1287 870 1370 ἀπείθειαν,
883 1286 967 1350 ἀλλά
979 1270 1033 1350 ιται
1076 1290 1181 1368 spexi,
1198 1291 1320 1372 inquit,
1338 1293 1373 1356 in
1391 1293 1540 1357 secunda
1554 1296 1692 1358 illorum
1706 1295 1821 1360 infide·

283 1393 504 1479 ἀντιλέγοντας
519 1393 600 1477 δρῶν
622 1389 772 1477 ἐπέμεινα
787 1391 846 1468 έιυς
862 1392 975 1468 αὐτοὺς
991 1391 1033 1455 oi·
1076 1391 1182 1470 litate,
1197 1394 1256 1457 sed
1269 1396 1388 1460 videns
1401 1415 1457 1460 eos
1468 1399 1707 1479 contradicere,
1718 1401 1820 1463 susti-

283 1497 446 1582 κητήριον,
463 1496 653 1578 triniatim,
670 1493 829 1580 ἀπέφηνα.
1077 1495 1147 1574 nui,
1170 1497 1275 1561 donec
1291 1500 1339 1562 eis
1354 1501 1404 1563 nti
1428 1503 1601 1582 proprium
1625 1503 1817 1567 manifesta-

992 1655 994 1660 ,
1076 1600 1184 1662 verim
1199 1601 1419 1667 domicilium.

325 1727 356 1771 v.
385 1709 437 1772 22.
460 1704 551 1791 Πλὴν
582 1703 702 1782 δΘεδς
727 1703 913 1770 συνθλάσοει
934 1725 1032 1789 aroc-
1118 1723 1149 1765 ν.
1180 1706 1233 1768 22.
1273 1708 1492 1772 metomeo
1521 1713 1610 1776 Deos
1638 1712 1821 1794 conflictati

283 1811 341 1890 λάς
357 1810 476 1896 ἐχθρῶν
493 1811 600 1876 αὐτοῦ.
1075 1808 1181 1888 capita
1195 1809 1401 1875 inimicorum
1412 1830 1555 1879 suorum

325 1914 467 2001 Ἐγθρῶν
483 1915 622 2000 κεφαλαὶ
637 1916 677 1979 τά
694 1914 824 1998 πρῶτος
835 1913 873 1978 ἐκ
888 1921 949 1978 τῶν
964 1911 1030 1976 δαι-
1118 1912 1235 1992 capita
1257 1914 1474 1979 inimicorum
1496 1924 1578 1981 sunt
1601 1919 1668 1982 illa
1690 1921 1818 1998 cogita-

284 2019 386 2106 μόνον
402 2017 612 2106 συμβαίνοντα
626 2019 666 2082 τὰ
682 2017 828 2103 νοήματα
843 2025 881 2102 τῇ
898 2017 996 2103 ψυχῇ.
1074 2015 1182 2078 tiones
1199 2035 1274 2098 quae
1290 2035 1332 2080 ex
1348 2018 1498 2083 daemone
1513 2025 1587 2084 tum
1607 2025 1754 2103 primum
1771 2025 1820 2086 in·
1862 2085 1864 2089 ,

1073 2119 1192 2183 cidunt
1208 2122 1242 2184 in
1259 2124 1419 2186 animam.

324 2250 356 2294 ν.
373 2230 426 2294 24.
442 2223 551 2304 Ὀπυς
566 2227 604 2291 δν
628 2225 714 2312 βαφῇ
730 2226 747 2291 δ
763 2235 841 2304 ποῦς
857 2247 913 2291 σου
933 2226 967 2291 ἐν
983 2228 1029 2290 ai·
1115 2242 1147 2286 v.
1163 2225 1215 2287 24.
1245 2227 1288 2290 ot
1307 2227 1492 2309 ίαιίαραίιια
1506 2245 1568 2309 per
1588 2234 1666 2296 icor
1686 2231 1723 2295 in
1744 2248 1818 2296 σοα-

282 2355 366 2419 ματι,
381 2332 403 2418 ἡ
420 2332 550 2417 γλῶσσα
572 2340 633 2397 τῶν
656 2341 757 2397 κυνῶν
772 2353 827 2395 σου
851 2330 885 2410 ἐξ
907 2330 1028 2415 ἐχθρῶν
1068 2328 1311 2424 paimiinpaa
1332 2349 1447 2396 conum
1462 2337 1590 2397 tottam
1611 2352 1650 2400 ec
1671 2336 1818 2402 inimicis

282 2437 357 2522 παρ’
373 2437 480 2503 αὐτοῦ.
1072 2430 1110 2494 ab
1132 2433 1211 2512 ipso.
1252 2506 1256 2515 ι

325 2540 408 2620 Ποῦς
434 2541 583 2626 Χριστοῦ,
606 2543 624 2607 δ
646 2541 685 2606 ἐκ
707 2539 831 2624 Μαρίας
855 2537 1026 2625 ἄνθρωπος,
1116 2538 1179 2599 Pes
1195 2537 1319 2602 Christi
1337 2539 1437 2602 bomo
1454 2544 1562 2603 estex
1585 2543 1690 2606 Maria
1705 2549 1816 2625 natus,

281 2647 365 2724 ὅστις
379 2646 431 2711 διὰ
445 2656 501 2712 τοῦ
515 2647 633 2723 πάθους
647 2644 751 2730 ἐδάφη
764 2653 808 2730 τῷ
820 2647 938 2730 αίματι·
950 2647 1027 2730 ὅπερ
1073 2641 1130 2702 ille
1149 2643 1208 2722 qui
1223 2660 1283 2723 per
1305 2645 1495 2724 passionem
1518 2645 1646 2710 tinctus
1669 2652 1720 2710 est
1742 2666 1817 2712 san·

280 2751 359 2836 αίμα
373 2750 546 2815 κυλίουσιν
561 2749 646 2835 ἡμᾶς
669 2749 697 2813 οἱ
720 2747 828 2834 ἐχθροί
850 2747 958 2832 πίνειν,
974 2749 1028 2813 κθ·
1072 2745 1195 2825 guine3
1214 2763 1315 2826 quem
1338 2749 1543 2828 sanguinem
1567 2768 1610 2813 ne
1633 2768 1693 2814 nos
1716 2769 1816 2815 canes

280 2876 336 2932 νας
362 2853 448 2939 ἡμᾶς
471 2854 520 2918 ἀεὶ
539 2851 721 2939 βουλόμενοι
744 2853 831 2935 εἶναι,
855 2854 910 2916 καὶ
933 2851 1028 2938 μηδέ.
1072 2848 1324 2930 manducemus,
1339 2852 1520 2932 prohibent
1535 2854 1675 2934 inimici,
1688 2873 1749 2919 nos
1764 2873 1817 2918 ca·

279 2979 356 3024 ποτε
371 2960 415 3037 είς
429 2957 594 3043 ἐπίγνωσιν
610 2956 759 3042 ἀληθείας
770 2957 880 3024 ἐλθεῖν.
898 2956 1027 3024 Οίδααιν
1071 2970 1131 3017 nes
1147 2971 1219 3018 esse
1234 2973 1366 3036 semper
1388 2958 1549 3037 volentes,
1568 2977 1679 3040 neque
1696 2962 1815 3024 ullate-

279 3066 342 3148 γὰρ
357 3065 405 3128 δτι
420 3064 449 3128 οί
463 3062 635 3148 τρώγοντες
649 3072 704 3128 τοῦ
720 3061 858 3147 Χριστοῦ
874 3064 930 3140 τὰς
953 3063 1027 3148 σάρ-
1072 3075 1137 3121 nus
1159 3060 1207 3122 ire
1225 3060 1261 3122 in
1283 3062 1494 3137 agnitionem
1509 3063 1672 3127 veritatis.
1695 3065 1816 3128 Sciunt

278 3191 339 3246 κας
361 3171 416 3234 καί
438 3166 578 3246 πίνοντες
601 3167 698 3232 αὐτοῦ
720 3169 755 3231 ab
783 3168 863 3251 αίμα
885 3167 919 3232 ἐν
942 3169 1027 3252 αὐτῷ
1072 3163 1162 3225 enim
1174 3163 1263 3243 quod
1275 3165 1335 3244 qni
1343 3164 1531 3236 ⁸comedunt
1545 3183 1664 3230 carnes
1679 3168 1814 3247 christi,

280 3272 434 3358 μένουσιν,
450 3274 505 3338 καί
520 3274 613 3349 αὐτὸς
628 3272 662 3336 ἐν
678 3271 792 3347 αὐτοῖς.
1072 3270 1106 3328 et
1121 3267 1245 3329 bibunt
1259 3265 1332 3346 ejus
1355 3269 1569 3347 sanguinem,
1594 3271 1630 3332 in
1653 3271 1726 3352 ipso
1749 3291 1817 3335 ma-

977 3377 979 3382 '
1073 3375 1164 3450 nent,
1181 3371 1300 3451 etipse
1317 3371 1353 3433 in
1369 3373 1428 3434 eie.

323 3503 353 3548 v.
374 3483 439 3548 28.
453 3481 544 3546 Ἐκεῖ
564 3479 711 3564 Βενιαμίν
735 3477 884 3562 νεώτερος
900 3480 933 3543 ἐν
956 3480 1028 3543 ἐκσ-
1115 3493 1146 3536 v.
1163 3475 1215 3538 28.
1231 3474 1287 3538 Ibi
1302 3475 1474 3555 Becdontia
1488 3477 1657 3544 inmeritis
1678 3496 1816 3546 corceat.

279 3588 379 3652 τάσει.

322 3691 400 3776 Περί
414 3689 543 3757 Παύλου
559 3687 650 3753 τοῦτὸ
666 3708 743 3772 φασι
765 3686 1026 3772 προφητεύεσθαι.
1116 3685 1241 3746 Dicunt
1257 3683 1290 3746 id
1307 3683 1411 3747 inisse
1427 3684 1467 3747 de
1484 3686 1588 3748 Panlo
1607 3668 1815 3768 praedictum.

321 3819 352 3862 v.
370 3799 422 3861 33.
446 3791 488 3860 Αἱ
512 3790 667 3878 βασιλεῖαι
689 3799 746 3875 τῆς
767 3799 837 3876 γῆς,
862 3793 960 3876 ᾄσατε
983 3801 1026 3876 τῷ
1115 3805 1146 3849 ν.
1163 3789 1214 3850 33.
1230 3789 1341 3869 chno
1356 3791 1459 3867 ier-rc,
1485 3794 1611 3854 οααίοίο
1625 3793 1699 3871 Deo,
1719 3795 1811 3873 prol-

277 3902 358 3986 Θεῷ,
375 3899 499 3984 ψάλατε
514 3906 558 3982 τῷ
573 3894 689 3980 Κυρίμ.
707 3894 888 3980 Διάψαλμα.
1071 3893 1129 3956 lite
1143 3892 1287 3955 Domino.
1302 3892 1442 3972 Diopsol
1497 3941 1503 3956 .

319 4004 362 4070 Αί
386 4002 551 4090 βασιλεῖαι,
576 4001 614 4078 ἃς
636 3999 752 4079 ἐδειξεν
774 3999 791 4063 δ
815 3997 959 4075 διάθολος
982 4007 1025 4083 τῷ
1115 3999 1233 4074 Regna
1254 4000 1353 4058 terrra
1375 3999 1466 4074 sunt,
1490 4013 1566 4076 quae
1582 3997 1743 4062 Diabolus
1766 4016 1816 4063 os·

276 4107 395 4193 Κυρίιμ,
412 4108 450 4185 ar
472 4105 635 4192 λαμθάνετ,
652 4106 711 4169 οὐκ
727 4104 788 4168 ἀπὸ
804 4113 859 4168 τοῦ
875 4102 1025 4180 εἰπόντος·
1070 4101 1179 4164 tendit
1190 4101 1346 4178 Domin03
1359 4117 1434 4180 quae
1442 4099 1595 4164 Christus
1607 4103 1736 4183 recipit,
1746 4121 1814 4167 non

276 4213 388 4278 Πάντα
419 4233 468 4278 σοι
498 4210 599 4293 δῶου,
630 4210 687 4275 ἐὰν
713 4208 817 4272 πεσὼν
847 4208 1025 4291 προσκθνμς
1070 4205 1112 4267 ab
1125 4207 1189 4269 isto
1204 4205 1352 4268 dicente:
1371 4205 1521 4268 «Omnia
1536 4205 1598 4268 tibi
1613 4206 1708 4287 dabo,
1721 4209 1751 4272 si
1763 4227 1816 4272 ca·

276 4340 337 4404 μοι,
354 4315 425 4382 ἀλλ’
440 4316 502 4380 ἀπὸ
526 4313 716 4398 αἰτήσασθαι
731 4315 784 4377 τὸν
800 4311 929 4396 Πατέρα
948 4311 1023 4397 ἐθνη
1070 4307 1152 4371 dens
1177 4307 1369 4370 adoraveris
1392 4325 1445 4370 me
1459 4329 1488 4387 ν,
1512 4309 1570 4372 sed
1594 4328 1635 4373 ex
1659 4329 1698 4374 eo
1726 4313 1817 4394 quod

276 4421 490 4507 κληρονομίαν
506 4420 617 4505 ἐαυτῷ.
1069 4414 1203 4475 aPatre
1215 4412 1314 4493 petiit
1329 4416 1449 4490 gentes
1466 4413 1500 4474 in
1516 4412 1758 4480 haereditatem.
1774 4454 1811 4463 -

320 4526 365 4591 Τδ
380 4524 545 4609 διάψαλμα
560 4531 661 4587 κεῖται
684 4521 735 4585 διά
757 4521 808 4585 τό·
824 4520 906 4585 Ἰδοὺ
930 4521 1024 4586 δώσει
1069 4518 1263 4596 Diapsalma
1285 4515 1340 4578 hic
1362 4517 1510 4595 ponitur,
1535 4517 1577 4581 ob
1596 4520 1680 4584 illnd
1703 4523 1814 4603 proxi-

275 4639 313 4715 τι]
331 4637 418 4714 φωνῇ
434 4629 531 4692 αὐτοῦ
547 4627 653 4711 φωνὴν
670 4625 838 4711 δυνάμεως.
1069 4639 1179 4684 mum:
1211 4622 1289 4685 licre
1318 4619 1406 4683 dabit
1434 4623 1502 4686 ooci
1527 4639 1720 4690 τυποῦσθαι
1745 4627 1812 4690 oir-

1069 4727 1159 4790 tatis.

308 5085 335 5120 v.
350 5067 391 5121 19.
405 5065 471 5119 Vat.
484 5065 509 5134 2,
522 5065 548 5119 θ.
563 5061 606 5118 Gi.
620 5061 736 5118 Horacl.
750 5079 777 5135 p,
791 5063 851 5118 330.
1103 5073 1129 5109 v.
1142 5056 1185 5124 28,
1198 5055 1241 5123 33,
1254 5055 1321 5111 Vat.
1335 5057 1360 5110 5.

309 5169 336 5208 v.
350 5151 393 5206 22.
407 5151 473 5205 Vat.
488 5151 512 5204 θ.
1100 5161 1127 5200 v.
1141 5143 1183 5198 33.
1197 5143 1263 5200 Vei.
1277 5143 1301 5212 θ,
1315 5143 1357 5210 12,
1371 5143 1413 5197 16.
1426 5140 1469 5196 Gi.
1484 5139 1589 5196 Matth.
1604 5157 1643 5206 rv,
1656 5139 1681 5193 9.
