4006 6090
811 439 855 506 IN
877 439 1062 508 Pontinos
1158 444 1163 454 '

791 684 960 762 Psalmus
986 625 1112 763 CXX.
1224 667 1227 672 ¹

222 898 254 948 ν.
271 884 301 948 4.
317 881 399 950 Ἰδοὺ
424 886 461 950 οὐ
483 881 635 966 νυστάξει,
658 883 730 948 οὐδὲ
751 883 887 950 ὑπνόισιι
909 884 926 949 ό
1014 905 1046 951 ν.
1067 889 1098 951 4.
1122 889 1201 954 Eece
1222 904 1285 952 ooo
1305 883 1502 966 ornique,
1525 897 1624 968 ιοιριισ
1645 881 1717 950 dor·

186 987 355 1073 φυλάσσων
369 990 422 1054 τόν
437 986 578 1072 Ἰσραήλ.
969 993 1049 1056 mici
1061 993 1119 1074 qui
1133 992 1272 1059 mendic
1285 991 1403 1060 Israel.

221 1090 260 1159 Ὁ
276 1092 444 1177 φυλάσσων
457 1091 572 1177 Κύριος
595 1092 658 1157 ἀπὸ
680 1093 796 1183 πριντός
810 1100 924 1174 κακοῦ,
1012 1096 1177 1159 Dominus
1202 1096 1395 1160 custodiens
1423 1094 1467 1157 sb
1494 1094 1586 1157 omni
1605 1095 1714 1172 molo,

180 1197 239 1261 οῦκ
254 1196 317 1261 ἀπό
332 1194 435 1279 νόσου,
451 1198 472 1283 ἢ
489 1193 615 1281 ζημίας,
631 1197 653 1282 ἡ
668 1194 776 1273 πενίας
789 1203 851 1260 τῶν
866 1215 925 1260 σω-
968 1214 1035 1260 non
1050 1199 1198 1262 custodit
1210 1216 1232 1261 a
1254 1199 1379 1278 morbo,
1394 1197 1449 1262 vel
1469 1215 1582 1261 rerum
1601 1195 1711 1276 juctu-

179 1307 317 1388 ματικῦν
343 1301 514 1385 φυλάσσει,
537 1299 682 1366 ἀλλ’άπό
707 1308 769 1366 των
797 1298 924 1385 ἀληθῶς
967 1320 1015 1382 re,
1031 1304 1085 1366 vel
1108 1303 1222 1384 inopis
1235 1302 1400 1366 bonorum
1421 1303 1579 1384 corporis,
1595 1303 1656 1366 sed
1669 1300 1713 1365 ab

177 1414 289 1474 κακῶν
301 1406 356 1470 καί
372 1403 573 1491 βλαπτόντων
587 1407 645 1491 τὴν
661 1402 778 1491 ψυχήν.
966 1405 1021 1470 his
1035 1423 1111 1487 quae
1127 1409 1217 1470 mols
1238 1424 1316 1470 vere
1331 1413 1422 1486 sunt,
1441 1413 1476 1471 et
1497 1406 1626 1470 laedunt
1639 1406 1714 1470 nni·

968 1527 1069 1572 mom.

213 1731 263 1788 Pe.
277 1747 347 1792 oxx·
360 1748 388 1789 v.
401 1730 427 1787 t
440 1730 508 1787 Vnt
520 1729 546 1786 4.

771 1945 939 2024 Petimus
965 1943 1118 2026 cxxi.

222 2207 254 2256 v.
271 2187 301 2276 4,
319 2194 348 2258 5.
364 2183 451 2258 Ἐκεί
462 2191 523 2279 γάρ
536 2186 694 2278 ἀνέβησαν
706 2185 739 2258 αί
751 2193 855 2280 φυλαί,
868 2217 923 2282 qu-
1012 2215 1043 2261 v.
1060 2197 1091 2279 4,
1106 2199 1136 2260 5.
1153 2191 1242 2263 Illuc
1262 2191 1348 2262 etim
1370 2190 1580 2263 ῦυῦῦιιάσαιιαί
1594 2189 1708 2276 mitte,

177 2295 232 2362 λαὶ
247 2288 375 2381 Κυρίου,
399 2297 565 2382 μαρτύριον
587 2306 642 2361 τοῦ
659 2289 800 2382 Ἰσραὴλ,
824 2308 879 2362 τοῦ
895 2293 924 2363 ὲ·
969 2296 1075 2364 tribus
1088 2300 1231 2379 Domini,
1246 2294 1464 2365 testimoniet
1474 2301 1584 2366 Israel
1593 2292 1715 2364 adcon

177 2394 452 2487 ξυμολογιβσασθαι
476 2411 520 2487 τῷ
545 2397 675 2487 ὀνόματι
700 2398 828 2486 Κυρίου.
851 2396 924 2468 Ὀτι
956 2398 1120 2487 strumum
1143 2397 1267 2467 immitti
1291 2397 1432 2466 Dooto‘oi.
1459 2402 1615 2479 omium
1638 2398 1712 2469 illic

176 2503 247 2569 ίκεῦ
259 2501 408 2570 ἐκάθισαν
423 2503 532 2590 θρόνοι
554 2505 597 2582 εἰς
612 2499 724 2590 κρίσιν,
739 2504 848 2590 θρόνοι
870 2507 921 2572 ἐπί
967 2501 1270 2574 συνοικειοῦσιν
1284 2503 1421 2588 judicio,
1441 2499 1530 2574 sedes
1551 2523 1649 2590 ottpcr
1662 2501 1714 2572 do-

176 2608 264 2674 υίιιυν
279 2603 384 2672 Δαυίδ.
968 2629 1056 2678 αιτιοι
1069 2605 1185 2676 Dorici.

218 2701 326 2778 Πᾶσαι
340 2711 372 2776 αἱ
394 2707 500 2798 φυλαί,
516 2709 621 2797 φησίν,
644 2708 677 2791 ἐξ
692 2709 853 2799 Αἰγύπτου
869 2715 922 2780 δυ·
1014 2718 1137 2780 Omnes
1162 2715 1282 2796 tribus,
1305 2715 1364 2794 ait,
1391 2729 1475 2796 quos
1501 2713 1544 2778 ab
1570 2715 1717 2798 AEg'ypto

176 2817 268 2902 νόμει
281 2825 337 2882 τοῦ
354 2813 472 2901 Κυρίου
490 2811 680 2898 ἐξελθοῦσαι,
702 2820 746 2895 είς
762 2814 862 2904 αὐτὴν
876 2818 927 2883 ἕο·
967 2818 1104 2886 Domini
1115 2821 1266 2901 potentia
1277 2819 1359 2883 illuc
1375 2819 1526 2898 adduxit,
1534 2823 1716 2899 properent

176 2916 291 2986 πευδον
312 2922 371 3007 τὴν
392 2915 483 2986 πόλιν
506 2929 711 3005 μαρτυρῆσαι,
734 2923 807 3008 ἤτοι
829 2919 924 3009 εῦχα
971 2926 1007 2989 in
1018 2925 1202 3004 civitatem,
1214 2927 1254 2987 nt
1264 2925 1508 3004 testimonium,
1521 2924 1555 2988 id
1566 2927 1626 3003 est,
1638 2939 1717 3002 gre·

176 3032 321 3110 prosdoci
343 3031 387 3110 τῷ
410 3021 481 3108 Θεῷ
503 3026 558 3088 τοῦ
573 3019 713 3108 Ἰσραήλ.
731 3062 772 3073 -
794 3019 924 3109 Πρσφη·
971 3028 1098 3092 tiorum
1113 3031 1261 3093 actiones
1277 3029 1346 3092 Deo
1361 3029 1465 3093 lsrael
1480 3028 1635 3092 referent.
1651 3029 1716 3092 Vs·

176 3127 258 3194 τεόει
273 3128 398 3193 ἐπὶτῶν
421 3125 601 3212 μελλουσῶν
617 3125 724 3212 φυλῶν
746 3123 925 3214 ἀναβαίνειν
971 3134 1134 3198 ticinatnr
1149 3132 1190 3197 de
1209 3133 1375 3213 tribubus,
1388 3149 1475 3214 quos
1489 3132 1669 3196 oscendere
1685 3149 1719 3195 0-

177 3233 229 3298 oo
244 3233 301 3317 τὴν
317 3225 434 3316 ἀρετὴν
449 3224 504 3294 καί
525 3238 639 3315 γνῶσιν
653 3239 708 3296 τοῦ
730 3231 825 3299 Θεοῦ.
841 3231 924 3316 Πρό-
968 3240 1080 3319 portet
1093 3237 1136 3300 ud
1158 3239 1321 3302 virtutem
1337 3237 1428 3301 etad
1450 3237 1628 3302 scientium
1643 3237 1717 3300 Dei.

177 3354 268 3422 τερον
282 3337 344 3421 γάρ
366 3335 384 3400 ό
399 3333 531 3420 Ἰσραὴλ
553 3334 700 3401 ἐκαλεῖτο
722 3336 773 3401 ἐπὶ
795 3339 853 3422 τὴν
868 3329 925 3404 Ἱε-
968 3343 1053 3405 Nom
1069 3342 1150 3405 olim
1163 3343 1268 3404 lsrael
1279 3340 1527 3405 convocabatur
1537 3341 1580 3405 od
1595 3341 1715 3404 Hieru-

178 3439 355 3526 ρουσαλὴμ,
371 3435 425 3502 καί
437 3432 488 3503 ἐπί
502 3441 555 3503 τόν
567 3440 653 3505 οίκον
668 3437 797 3524 Κυρίου.
813 3439 879 3507 Νῦν
890 3441 925 3506 δὲ
968 3447 1074 3510 sulem
1090 3448 1125 3509 et
1146 3446 1182 3508 in
1197 3444 1335 3508 domum
1357 3439 1502 3509 Domini.
1518 3447 1615 3509 Nunc
1634 3461 1715 3508 vero

39 3581 44 3586 -
176 3550 278 3607 πᾶσαι
292 3541 325 3606 αἱ
341 3539 436 3626 φυλαί
452 3540 646 3629 τετυχήκασι
661 3551 717 3628 τῆς
740 3542 855 3630 ἀρετῆς
870 3541 925 3610 καί
970 3547 1234 3630 qualescumque
1249 3547 1427 3610 hominum
1450 3548 1560 3612 tribus
1580 3549 1716 3629 portici·

177 3655 234 3730 τῆς
248 3645 402 3731 γνώσεως,
426 3641 476 3731 ἐφ’
488 3642 537 3724 αίς
560 3643 748 3731 ἐπλήρωσαν
768 3648 827 3733 τὴν
848 3647 927 3714 θαυ·
970 3667 1029 3732 pes
1044 3648 1141 3713 factm
1156 3652 1237 3712 sunt
1251 3651 1388 3714 virtutis
1408 3655 1442 3713 et
1457 3651 1619 3732 scientim,
1640 3653 1714 3734 qui·

179 3745 294 3837 μασίαν
309 3744 489 3836 ὑπόσχεσιν·
505 3749 639 3835 θρόνους
650 3770 684 3815 τε
696 3759 752 3814 τοῦ
764 3751 851 3818 οίκου
863 3747 924 3817 Δα·
969 3754 1033 3818 bus
1056 3752 1246 3817 mirabilem
1272 3753 1527 3833 promissionem
1555 3755 1713 3836 impleve-

177 3855 226 3921 υὶδ
252 3849 432 3941 ἱδρυνθῆναί
457 3874 552 3941 φησιν
574 3853 624 3922 ἐπ’
644 3852 751 3940 αὐτῆς.
775 3851 848 3922 Ἐπί
868 3856 924 3921 καί
968 3861 1058 3922 runt.
1071 3859 1119 3921 Ac
1129 3869 1271 3936 surgere
1283 3857 1332 3920 eit
1341 3857 1480 3921 thronos
1492 3859 1528 3921 iu
1539 3857 1638 3922 domo
1649 3854 1714 3922 Do·

177 3955 338 4046 βασιλείας
353 3958 477 4025 πάντων
488 3962 506 4023 b
517 3957 636 4045 Δανιὴλ
650 3959 851 4044 προφητεύει,
863 3957 924 4047 οὐχ
967 3963 1025 4027 vid
1039 3978 1142 4043 super
1153 3979 1243 4025 cem:
1262 3961 1293 4025 si
1307 3960 1444 4043 quidem
1460 3963 1579 4026 Daniel
1598 3957 1717 4043 praedi-

179 4063 248 4141 ἑνός
263 4062 364 4149 λίγων
379 4061 493 4149 ἀρχὴν,
510 4062 594 4127 ἀλλὰ
615 4065 724 4149 κοινὴν
739 4063 817 4148 ὑπὲρ
836 4060 923 4149 dcis·
966 4067 1019 4129 xit
1032 4081 1179 4144 regnum
1194 4083 1298 4147 super
1312 4081 1428 4129 omnes
1443 4069 1573 4146 gentes,
1594 4084 1661 4130 non
1678 4085 1715 4130 u·

178 4188 241 4232 των
255 4168 310 4232 καί
330 4165 596 4254 θεοσεβεστάτων,
619 4163 660 4232 δι’
670 4169 713 4233 ὢν
734 4166 756 4252 ἡ
780 4163 924 4255 βασιλεία
967 4187 1051 4233 num
1066 4172 1200 4233 tentum
1215 4165 1415 4247 significans
1438 4169 1630 4252 imperium,
1654 4173 1714 4237 sed

161 4270 276 4336 ·Δαυίδ
297 4269 481 4356 ἀνυρθοῦται
501 4269 607 4357 χάριτι
625 4270 764 4356 Χριστοῦ
785 4281 840 4337 τοῦ
859 4279 924 4350 τοῖς
968 4289 1147 4338 commune
1161 4288 1308 4351 regnum
1324 4290 1366 4336 ex
1378 4273 1514 4354 optimis
1529 4278 1563 4336 et
1578 4275 1716 4353 religio·

178 4373 303 4439 ῦώδεκα
321 4370 493 4452 δεδωκότος
511 4370 707 4456 ἀποστόλοις,
720 4384 784 4453 τοῖς
801 4375 853 4441 ἐπὶ
868 4375 926 4442 δίι-
968 4377 1112 4454 cissimis
1127 4376 1211 4440 viris
1225 4377 1459 4458 constitutum,
1475 4377 1599 4458 quibus
1614 4378 1713 4442 Davi·

178 4477 259 4542 δεκα
268 4477 401 4563 θρόνους
423 4476 645 4563 καθεζομένοις
667 4478 781 4564 κρίνειν
797 4481 851 4544 τόν
865 4477 926 4546 Ἰσ·
969 4481 1022 4545 dis
1038 4496 1184 4559 regnum
1200 4485 1289 4544 reete
1309 4481 1480 4544 stabilitur
1491 4496 1551 4563 per
1570 4481 1717 4560 gratiam

178 4579 272 4666 ραήλ
289 4616 331 4630 -
342 4580 434 4648 Ἐκεῖ
453 4583 515 4668 γάρ
538 4581 636 4665 θύειν,
653 4582 812 4670 εὔχεσθαι,
827 4601 926 4670 πανη·
970 4584 1106 4664 Christi,
1131 4583 1190 4664 qui
1205 4585 1371 4648 concessit
1384 4585 1562 4649 duodecim
1585 4591 1715 4667 aposto·

214 4787 264 4843 Po.
278 4801 360 4848 cxxi
372 4806 400 4847 v.
412 4788 438 4859 4,
451 4789 482 4859 5,
495 4789 520 4844 7.
533 4789 593 4846 Vnt
605 4787 647 4844 lt
659 4785 784 4846 Interim
795 4806 884 4863 supro
901 4787 933 4848 in
976 4794 1074 4846 mrem
1084 4785 1346 4860 frequentissimis;
1365 4787 1537 4859 quibuscum
1554 4788 1643 4846 etism
1655 4807 1723 4847 oon·

178 4873 330 4947 superiore
339 4879 420 4931 tomo
429 4891 453 4932 11
463 4892 491 4948 p.
501 4875 562 4946 ete,
572 4874 693 4933 advorte
702 4875 928 4950 interreliqnies
971 4873 1104 4931 sentiunt
1114 4877 1223 4930 caetcro
1234 4890 1253 4928 ε
1264 4871 1409 4929 Meni-inis
1421 4873 1580 4947 expiscetu-
1598 4875 1725 4933 Uldms-

180 4959 346 5016 sonioribns
362 4959 571 5017 Alexandrinis
583 4966 774 5033 nuncupatus,
786 4967 928 5034 quantum
971 4977 1028 5035 que
1045 4960 1077 5016 in
1090 4977 1118 5017 ν.
1133 4957 1311 5030 θευσοόυυί,
1324 4957 1427 5030 fateor,
1440 4958 1527 5017 valde
1544 4960 1618 5016 mibi
1635 4961 1725 5017 dubie

179 5045 245 5104 hcc
255 5052 358 5104 vetere
371 5050 497 5117 unctu
514 5046 655 5104 recedunt
666 5046 704 5104 ab
715 5046 797 5105 hisce
807 5047 927 5106 scholiis
972 5051 1049 5118 sunt,
1061 5044 1120 5105 nisi
1137 5044 1198 5102 sint
1214 5043 1366 5118 cujusdem
1383 5043 1513 5104 bomilia
1530 5050 1635 5105 bunos
1646 5047 1725 5104 olou-

180 5133 376 5206 origenianis,
388 5138 447 5202 περί
458 5136 556 5204 ἀρετῆς
571 5135 687 5202 mmet
698 5135 820 5204 γνῦσιως
831 5132 869 5190 sd
882 5150 927 5192 ss·
972 5132 1045 5194 sols.
