4006 6090
314 432 378 496 ³06
974 429 1183 498 ostendas

312 575 362 634 σοι
376 573 461 637 κατὰ
481 573 539 658 τὴν
553 567 676 657 ἡμέραν
698 578 755 656 τῆς
775 567 907 655 κρίσεως
930 569 1056 656 εθρεθθ·
1103 575 1210 648 Quam
1222 575 1322 638 multi
1334 575 1424 638 circa
1439 562 1661 653 diem'judioii
1677 565 1846 635 inveniar·

312 695 420 740 σονται
434 677 467 741 έν
488 685 532 761 τῷ
555 684 682 760 κρυπτῷ
704 673 858 753 πολλάκις
881 675 1059 761 osquam«
1102 681 1159 740 tur
1181 679 1360 756 negavisse
1386 695 1491 760 saepe
1522 678 1557 740 in
1583 677 1787 757 abscondito,
1816 695 1851 740 e*

312 796 368 862 νοι,
384 780 445 845 κᾶν
460 780 512 844 ὑπ’
523 779 693 864 ἀνθρώπων
717 781 760 864 μὴ
776 779 926 865 γένωνται
941 780 1058 845 ἀποσυ-
1101 782 1214 845 tiamsi
1237 781 1430 845 hominibus
1448 798 1516 844 non
1536 782 1748 863 reperiantur
1761 797 1782 842 a
1796 798 1846 843 sa-

311 881 466 968 νίιγωγοι·
482 885 599 968 τοιγὰρ
614 886 737 967 κρυπτὰ
748 893 791 968 τῷ
806 883 912 968 Κυρίῳ
928 893 971 969 τῷ
986 883 1057 969 Θεῷ
1102 900 1158 947 ero
1173 889 1262 948 ooetu
1285 886 1424 950 exclusi.
1449 887 1532 960 Quae
1554 889 1635 948 sunt
1661 887 1752 949 enim
1774 885 1845 950 aba·

311 982 411 1071 ἡμῦν,
434 987 508 1052 τάδε
531 988 652 1072 φανερὰ
673 987 749 1072 ἡμῖν
771 988 825 1051 καὶ
850 997 914 1064 τοῖς
936 985 1057 1066 τέκνοις
1102 989 1236 1051 condita
1258 1005 1370 1052 coram
1393 990 1537 1053 Domino
1560 990 1629 1052 Deo
1655 991 1780 1067 nostro,
1807 1005 1848 1050 ea

313 1086 412 1175 ἡμων.
617 1127 627 1152 .
1102 1092 1281 1157 manifesta
1295 1097 1396 1156 erunt
1412 1093 1508 1156 nobis
1530 1097 1565 1158 et
1586 1091 1667 1156 filiis
1689 1092 1823 1156 nostris.

354 1213 386 1257 ν.
406 1195 477 1258 153.
493 1191 559 1258 ’lae
582 1195 640 1280 τὴν
656 1191 842 1260 ταπείνωσίν
864 1215 934 1280 μου,
951 1193 1005 1259 καὶ
1027 1193 1057 1258 ἐ·
1145 1215 1176 1258 ν.
1191 1197 1262 1259 153.
1279 1196 1353 1261 Vide
1364 1196 1581 1262 bumilitatem
1591 1211 1703 1273 meam,
1717 1196 1847 1278 ctm'pa

312 1294 404 1374 ξελοῦ
417 1319 465 1382 με,
478 1298 525 1362 ότι
535 1307 591 1363 τοῦ
602 1298 697 1385 νόμου
708 1319 765 1363 σου
777 1300 836 1363 οῦκ
847 1298 1055 1384 ἐπελαθόμην.
1100 1315 1159 1379 nte,
1177 1301 1328 1381 quoniam
1341 1300 1423 1382 lepis
1436 1303 1499 1364 ίαα
1511 1317 1574 1364 κιαι
1587 1315 1660 1364 mon
1673 1298 1800 1365 oblitus.

353 1400 488 1468 Καλεῖό
510 1403 676 1489 προφήτης
690 1405 744 1470 τόν
767 1403 858 1487 Θεὸν,
877 1402 919 1480 ὡς
941 1403 975 1469 ἐν
992 1424 1057 1468 πει·
1144 1405 1250 1467 Vocat
1267 1403 1429 1484 propheta
1460 1405 1579 1482 Deum,
1613 1404 1708 1466 velut
1729 1404 1766 1466 in
1787 1421 1847 1466 an-

311 1513 441 1590 ρασμοίς
451 1507 628 1594 γενόμενος,
638 1511 692 1573 καί
703 1509 886 1593 νενικηκὼς,
896 1511 951 1574 καί
961 1529 1056 1593 προσ-
1101 1508 1226 1586 austris
1242 1513 1395 1571 versatus
1414 1507 1473 1570 sed
1491 1505 1562 1585 jam
1577 1507 1701 1586 victor3
1724 1505 1847 1586 atejus

309 1609 452 1675 καλεῖται
470 1613 566 1676 αὐτοῦ
584 1616 658 1690 τοὺς
675 1611 853 1698 ὀφθαλμοὺς
869 1613 994 1698 θεωρεῖν
1005 1613 1056 1678 ἐπὶ
1101 1611 1236 1674 invocat
1250 1612 1373 1689 oculos,
1385 1627 1530 1692 quorum
1545 1611 1609 1674 aab
1624 1611 1752 1673 intuitu
1763 1615 1848 1673 stre·

309 1714 712 1799 consceleratissimis:
726 1716 780 1780 καί
791 1715 995 1800 νενικηκέναι.
1008 1714 1055 1781 Ob
1100 1733 1167 1778 nue
1179 1715 1362 1780 decertavit
1371 1715 1571 1795 atquevicit.
1580 1714 1645 1779 Sed
1655 1713 1849 1795 cujuscum-

308 1821 424 1896 παντὸς
439 1819 473 1883 δὲ
488 1821 571 1884 ἔστιν
587 1821 701 1885 εἰπεῖν·
718 1816 791 1885 Ὅτι
812 1829 868 1885 τοῦ
888 1819 982 1906 νόμου
998 1842 1055 1885 σου
1100 1838 1166 1901 que
1189 1839 1256 1884 non
1279 1823 1331 1884 est
1363 1837 1513 1884 asserere
1538 1838 1574 1884 se
1600 1837 1668 1884 non
1702 1819 1846 1883 oblitum

308 1922 367 1985 οὐκ
388 1921 597 2008 ἐπελαθόμην,
622 1909 706 1988 ἀλλὰ
728 1933 784 1988 τοῦ
807 1921 980 2007 νοήσαντος
1001 1924 1054 1988 τόν
1100 1943 1172 1989 esse
1195 1925 1275 2008 ίορίε
1297 1928 1368 2003 trac,
1391 1923 1450 1988 sed
1471 1929 1600 2006 spectat
1618 1925 1663 1989 ad
1684 1941 1763 1988 eum
1785 1925 1847 2005 qui

308 2027 412 2112 νόμον,
425 2029 480 2091 καί
492 2027 541 2092 ἀεί
553 2026 747 2112 τηρήσαντας
767 2029 872 2112 abedo,
885 2030 939 2092 καί
953 2049 1054 2112 παρα·
1099 2030 1211 2107 legem
1235 2029 1412 2108 intellexit,
1429 2047 1631 2111 semperque
1653 2028 1847 2108 custodivit,

308 2131 480 2210 καλοῦντος
495 2135 548 2197 τόν
564 2133 645 2199 Θεὸν
659 2134 712 2198 era
725 2135 784 2218 τὴν
798 2132 882 2197 θέαν
894 2141 951 2216 τῷς
966 2132 1053 2197 έπαι-
1099 2137 1201 2213 atque
1223 2136 1344 2195 testam
1359 2133 1468 2196 Deum
1491 2132 1626 2196 invocat
1641 2133 1683 2195 ad
1705 2147 1847 2196 cernen-

309 2244 401 2320 νετῷς
417 2237 502 2321 ἐντῷ
519 2237 607 2322 ψυχῇ
624 2236 737 2302 ἑαυτοῦ
753 2236 984 2320 ταπεινότητος.
1000 2235 1054 2302 Ἀ·
1099 2236 1180 2299 dum
1204 2238 1239 2298 in
1262 2238 1376 2300 anima
1396 2255 1460 2300 sua
1481 2236 1651 2300 laudabile
1673 2237 1850 2300 humilita-

307 2338 506 2425 κριόίστερον
521 2341 556 2406 δὲ
571 2339 694 2426 νοήσεις
709 2338 779 2407 τίνα
789 2340 1052 2425 τρόπονόπειρα-
1098 2341 1143 2404 tis
1165 2359 1236 2404 suoe
1258 2342 1499 2422 spectaculum.
1522 2341 1586 2405 Sed
1601 2341 1749 2422 penitius
1772 2358 1848 2422 per·

308 2442 437 2530 ζόμενος
452 2444 537 2531 λέγει
551 2454 595 2532 τῷ
611 2445 699 2531 Θεῷ·
714 2444 780 2509 'Iba
795 2447 854 2530 τὴν
868 2440 1053 2510 ταπείνωσίν
1098 2445 1203 2527 cipies
1225 2445 1391 2526 quomodo
1406 2449 1557 2510 tentatus
1570 2446 1641 2508 Deo
1655 2444 1765 2508 dicat:
1795 2446 1849 2508 Vi-

308 2567 379 2632 pou,
394 2550 449 2612 καί
464 2549 572 2628 ἐξελοῦ
592 2571 631 2636 με
646 2558 756 2614 τοῦτον
770 2550 824 2613 τόν
838 2547 964 2632 τρόπον,
980 2547 1054 2613 ὡσεί
1097 2549 1136 2614 dc
1146 2551 1363 2615 θιαιιίίίίοίοαι
1370 2567 1482 2629 πίσσαν,
1499 2554 1530 2616 et
1543 2551 1630 2630 cripe
1636 2567 1695 2630 rte,
1706 2550 1741 2612 in
1753 2549 1848 2614 huno

306 2651 340 2716 έν
363 2650 519 2737 μαρτυρίιμ
544 2674 589 2731 τις
615 2651 746 2736 γένοιτο,
769 2650 1051 2738 sarracenatos,
1099 2651 1250 2718 modu'm:
1275 2657 1385 2718 Mente
1408 2657 1521 2734 cogita
1543 2656 1691 2735 aliquem
1714 2671 1786 2718 csse
1810 2656 1848 2718 in

306 2755 462 2841 διαφόρως
491 2755 688 2843 αἰκιζόμενος
714 2758 769 2822 καί
803 2755 1052 2843 μαστιζόμενος,
1098 2760 1271 2841 martyrio,
1288 2764 1322 2822 et
1342 2761 1447 2823 variis
1469 2758 1578 2838 affligi
1598 2759 1717 2840 poenis,
1732 2762 1850 2823 convi-

306 2860 431 2926 πάντων
446 2862 540 2926 αὐτόν
555 2862 610 2926 καί
625 2863 684 2946 τὴν
703 2862 799 2926 αῦτοῦ
814 2859 915 2926 πίστιν
939 2861 1054 2947 χλευα-
1098 2862 1160 2925 ciis
1189 2861 1375 2944 flagrisque
1405 2864 1622 2942 conscissum,
1652 2864 1783 2927 cunctis
1808 2865 1845 2926 in

306 2963 423 3043 ζόντων
448 2967 503 3029 καὶ
528 2964 820 3044 καταδικαζόντων·
844 2965 964 3043 ἐκεῖνος
990 2968 1053 3051 γὰρ
1099 2983 1175 3030 eum
1189 2965 1329 3048 ejusque
1342 2965 1442 3030 fidem
1456 2983 1533 3030 cum
1545 2967 1691 3030 ludibrio
1703 2967 1849 3032 invectis

306 3066 425 3153 λεγέτω
440 3067 510 3134 κατ’
521 3068 641 3136 ἐκείνου
656 3080 767 3154 καιροῦ
781 3078 826 3155 τῷ
842 3069 923 3156 Θεῷ,
935 3072 963 3135 εἰ
975 3091 1052 3157 μαρ·
1098 3089 1138 3132 ao
1161 3070 1401 3134 damnantibus
1423 3088 1519 3134 eum:
1543 3087 1624 3134 sane
1650 3069 1848 3151 hujusmodi

306 3181 400 3256 rapat,
417 3174 444 3238 εί
456 3173 620 3258 ὑπομένει·
635 3173 701 3239 'Ibe
712 3173 896 3240 ταπείνωσίν
916 3198 985 3262 μου,
998 3178 1053 3241 καί
1097 3176 1151 3238 vir
1174 3176 1209 3238 in
1232 3176 1293 3238 tali
1308 3177 1468 3256 tempore,
1491 3176 1561 3238 Deo
1583 3175 1682 3254 dicat,
1705 3176 1734 3238 si
1758 3193 1848 3238 mar·
1967 3189 1968 3284 μ

306 3275 414 3354 ἐξελοῦ
430 3299 478 3364 με,
495 3279 541 3342 ότι
564 3287 619 3343 τοῦ
634 3278 730 3364 νόμου
746 3301 802 3345 σου
825 3281 885 3345 οῦκ
902 3280 1052 3346 έιτελαθό-
1098 3284 1153 3363 tyr
1168 3284 1259 3359 agat,
1282 3280 1311 3342 si
1326 3284 1533 3360 perseveret:
1557 3277 1632 3344 Vide
1645 3279 1849 3362 afflictioroem
1967 3329 1968 3332 ¹

309 3399 381 3464 μην.
876 3459 878 3464 ,
938 3445 941 3452 ,
1097 3401 1208 3463 mmm,
1234 3388 1266 3448 et
1287 3384 1377 3464 cripe
1390 3401 1450 3463 mc,
1468 3384 1546 3465 quic
1560 3383 1660 3466 ίοροοι
1674 3387 1763 3448 tonna
1781 3401 1850 3448 αοιι

1097 3506 1170 3552 som
1192 3487 1317 3552 οόίίίιιο.

353 3582 513 3666 Ἕκαστος
526 3597 587 3654 τῷν
602 3589 778 3674 κρινόντων,
798 3587 933 3676 μάλιστα
952 3592 985 3657 έν
1001 3593 1053 3658 ὲκ·
1141 3596 1278 3674 Singuli
1293 3592 1460 3674 judicum,
1479 3593 1626 3656 maxime
1642 3593 1678 3656 in
1693 3592 1850 3656 Ecclesia

310 3690 430 3776 κλησίρι
454 3691 546 3777 Θεοῦ,
570 3694 762 3780 προσεχέτω,
789 3695 910 3780 μήποτε
936 3696 1052 3776 ἀδίκως
1096 3700 1363 3778 consistentium,
1391 3698 1578 3777 attendant,
1613 3715 1656 3760 ne
1690 3714 1846 3777 unquam
1967 3683 1968 3692 ¹

306 3794 415 3881 κρίνας
429 3797 513 3862 κατά
535 3819 613 3882 τινα,
630 3799 842 3886 κατεντευχθῷ
865 3803 925 3867 ὑπὸ
945 3812 1000 3867 τοῦ
1017 3802 1052 3867 ἀ·
1097 3802 1213 3883 inique
1236 3820 1314 3866 cum
1332 3801 1563 3881 judicaverint
1584 3802 1743 3883 aliquem,
1766 3817 1847 3865 oon-

306 3897 399 3976 δίκως
412 3899 570 3984 κριθέντος
585 3901 715 3985 δικαίου,
738 3902 886 3989 λέγοντος
901 3915 944 3992 τῷ
960 3905 1050 3993 Θεῷ·
1096 3905 1297 3969 damnantur
1312 3906 1354 3968 ab
1369 3905 1495 3985 injuste
1514 3904 1675 3984 judicato,
1691 3905 1751 3984 qui
1773 3905 1847 3968 Deo

307 4000 423 4086 Κρίνον
445 4005 504 4090 τὴν
525 4004 624 4090 κρίσιν
648 4027 716 4091 μου,
740 4009 794 4072 καί
819 4007 978 4093 λότρωσαί
1002 4031 1050 4097 με.
1095 4010 1204 4074 dicat:
1224 4009 1343 4074 ludica
1358 4009 1524 4090 judicium
1538 4027 1651 4088 mcum,
1673 4012 1706 4074 σί
1725 4008 1849 4073 rodim
1967 4001 1968 4032 ¹

351 4175 540 4237 Auaaosrus
555 4173 592 4236 ιἰι
602 4191 631 4236 ο.
646 4175 718 4237 153.
732 4173 912 4238 considera
927 4177 1051 4241 Christi
1097 4177 1198 4240 etiam
1214 4175 1362 4255 aliquem
1375 4175 1411 4237 in
1431 4175 1595 4257 martyrio
1610 4175 1846 4254 constitutum,

308 4261 481 4340 athletam,
494 4262 682 4324 innumeris
693 4266 966 4329 contentionibus
976 4266 1051 4329 fati·
1097 4264 1330 4345 frequentibus
1345 4263 1508 4327 afflictum
1522 4263 1730 4345 suppliciis...
1743 4265 1846 4341 gravi

305 4355 437 4430 gotum,
452 4368 491 4413 aa
507 4365 608 4430 prope
620 4349 691 4429 jam
707 4353 840 4415 lassatis
858 4354 989 4418 viribus
1001 4373 1051 4418 re·
1097 4353 1241 4416 tractum
1256 4352 1402 4432 pondere
1417 4357 1624 4431 catenarum,
1640 4352 1754 4415 nervis
1768 4369 1847 4414 cru-

304 4439 489 4517 sistentem,
505 4439 647 4518 periculi
664 4440 751 4503 mole
767 4441 950 4522 turbatum,
971 4461 1050 4506 cum
1097 4459 1135 4505 ra
1149 4440 1344 4518 distentum,
1360 4440 1584 4503 evisceratum
1600 4440 1754 4521 equuleo,
1766 4456 1847 4503 exa·

304 4528 418 4590 videat
432 4528 497 4590 sibi
513 4543 580 4590 non
595 4529 704 4591 solum
730 4529 891 4594 adversus
915 4549 1050 4595 carnem
1097 4533 1208 4593 ratum
1221 4529 1370 4607 angulis,
1387 4529 1545 4592 adustum
1561 4529 1783 4592 candentibus
1797 4530 1848 4592 la·

305 4622 339 4678 et
360 4617 573 4694 sanguinem,
592 4616 650 4679 aed
673 4619 775 4680 etiam
799 4619 960 4682 adversus
982 4622 1051 4703 spi·
1097 4620 1209 4697 minis,
1221 4619 1466 4699 perseverantis
1479 4617 1557 4680 fidei
1568 4617 1691 4697 virum,
1703 4617 1761 4680 aed
1768 4616 1844 4696 jam

306 4707 423 4769 ritales
453 4706 623 4785 nequitias
646 4722 721 4786 quaa
747 4708 884 4770 suntin
911 4709 1052 4772 coelasti-
1096 4707 1264 4770 taediantis
1282 4707 1387 4768 animi
1406 4705 1496 4787 quod
1518 4706 1649 4769 diutius
1665 4704 1843 4769 differatur

308 4793 381 4873 bus,
391 4795 571 4873 luctamen,
584 4794 705 4857 dicere:
727 4795 801 4860 Vno
812 4800 874 4858 etc.
886 4799 1051 4860 contuere
1096 4813 1192 4859 sacra
1207 4795 1325 4858 mortis
1342 4811 1474 4873 corona,
1485 4795 1667 4858 dicentem:
1688 4793 1763 4860 Vno
1778 4798 1841 4858 etc.

337 4973 365 5012 ν.
386 4955 446 5011 153.
468 4955 535 5012 Vat.
548 4955 574 5026 6,
597 4956 622 5024 θ,
636 4956 679 5010 16.
701 4955 823 5012 Utinam
835 4961 897 5012 tam
918 4955 949 5012 in
970 4955 999 5012 b.
1023 4974 1051 5014 v.
1096 4955 1208 5011 cinctos
1224 4954 1303 5010 filius
1321 4953 1460 5012 Leonida
1473 4955 1637 5012 eructabat!
1654 4955 1700 5012 lla
1716 4955 1846 5013 fortasse

305 5059 392 5112 quam
401 5041 466 5098 inv.
476 5043 565 5097 162οο
573 5042 632 5111 171,
640 5041 783 5098 omniaad
792 5058 846 5098 nos
857 5045 1052 5115 pervenerint,
1097 5039 1347 5098 habesineximia
1359 5047 1390 5098 at
1401 5042 1547 5115 perpolita
1557 5041 1705 5099 Ambrosii
1713 5041 1848 5099 latinita-

305 5144 370 5199 quaa
382 5126 461 5184 inter
473 5127 637 5201 neophytos
649 5127 795 5202 baptismo
808 5133 839 5184 et
850 5129 994 5202 martyrio
1006 5147 1052 5186 ac·
1098 5134 1137 5198 ta,
1149 5143 1236 5200 quam
1253 5133 1348 5186 totam
1364 5128 1525 5187 rescribere
1536 5135 1651 5188 tantum
1665 5145 1724 5186 nou
1736 5127 1847 5201 gestio.
