3966 6108
850 483 1056 548 EUSEBIUS
1668 483 1728 546 501

179 631 237 709 της
258 631 319 688 τῦν
342 588 438 690 ἐθνύν
460 619 614 706 κλήσεως,
638 619 798 686 ἀλλὰκαὶ
821 619 928 707 μαθὼν
973 623 1106 686 catione
1144 626 1300 702 gentium
1333 627 1480 706 oracula,
1511 625 1594 706 quin
1626 625 1730 690 immo

178 729 236 806 τδις
251 726 303 792 διὰ
326 737 383 793 τοῦ
404 725 450 794 νθ
462 725 591 813 ψαλμοῦ
613 727 684 811 περί
698 734 755 812 της
777 734 833 790 τοῦ
847 723 926 792 Ἰουῑ
972 725 1111 791 edoctus
1134 744 1193 808 per
1220 729 1388 808 psalmum
1415 747 1473 794 mx
1500 731 1663 795 vaticinia
1686 731 1728 795 de

177 830 274 900 δαίων
289 831 397 910 ἔθνους
422 829 582 916 εἰρημένα,
599 830 691 916 γνούς
711 851 744 894 τε
759 829 807 895 δτι
829 829 857 894 εί
873 829 928 894 άλ-
971 830 993 892 J
995 829 1168 894 udaecrum
1181 833 1315 912 populu,
1328 833 1518 915 certiorque
1532 835 1641 899 iectus
1657 834 1727 898 fore

181 935 315 1022 λύρυλοι
328 938 384 1001 καὶ
399 935 581 1022 άλλογενείς
601 933 856 1020 ύποταγήοονται
873 934 928 998 καὶ
972 937 1012 994 ut
1026 933 1129 996 alieni
1145 939 1179 996 et
1194 937 1347 998 extranei
1362 936 1619 1018 submittuntur,
1638 944 1673 1002 et
1691 940 1727 1002 iu

180 1039 359 1127 ριλιάσουσι
379 1049 424 1126 τῷ
445 1036 562 1125 Κυρίῳ,
587 1035 753 1126 μακαρίζει
775 1039 832 1124 μὲν
854 1039 926 1114 τοὺς
970 1037 1157 1100 amicitiam
1187 1038 1323 1102 Domini
1361 1045 1570 1122 cooptcntur‚
1609 1042 1726 1106 beatos

178 1153 236 1228 της
251 1143 368 1210 τούτων
381 1143 493 1229 πείρας
508 1139 852 1228 κατοξευθησομίνους.
866 1139 927 1205 Ed-
971 1141 1109 1220 quidem
1123 1145 1244 1207 asserit
1263 1160 1319 1208 eos
1336 1147 1396 1225 qui
1415 1148 1477 1210 tali
1494 1153 1584 1210 sorte
1606 1146 1728 1211 nobili·

177 1269 271 1334 χετοι
285 1248 321 1313 δέ
342 1248 421 1312 εἶναι
443 1249 500 1311 καὶ
515 1246 608 1325 αὐτὸς
630 1247 742 1327 αύτῦιν,
765 1243 812 1310 διύ
832 1263 927 1329 φησι·
971 1247 1064 1310 tandi
1081 1247 1167 1326 sint;
1193 1248 1265 1328 ipse
1288 1254 1404 1313 autam
1421 1267 1463 1313 ex
1479 1268 1597 1314 eorum
1613 1269 1723 1314 unum

178 1350 234 1429 Τίς
249 1350 362 1430 ἀπάξει
378 1373 417 1438 με
432 1351 476 1428 είς
490 1350 581 1416 πάλιν
596 1359 767 1436 περιοχηςς
790 1345 877 1414 'Aru'
889 1347 925 1412 οὔ
969 1365 1042 1412 esse
1058 1350 1267 1432 deprecatur.
1285 1353 1364 1416 Ideo
1379 1355 1443 1417 ait:
1466 1356 1545 1431 Quis
1559 1372 1608 1418 mc
1623 1355 1724 1420 uidu-

180 1455 387 1543 ύΣύμμαχος
402 1453 618 1542 ήρμήνευσεν·
633 1451 690 1532 Τίς
706 1450 819 1532 ἀπάξει
832 1451 926 1537 μεείς
970 1457 1017 1519 cci
1030 1455 1068 1519 iu
1090 1457 1253 1520 ciuitatum
1278 1458 1552 1524 circumstrictus
1575 1463 1639 1524 Pro
1656 1477 1723 1541 quo

177 1557 268 1625 πάλιν
283 1557 596 1645 περιπεφραγμένηνς
619 1557 686 1622 Καί
699 1554 847 1640 ἐπιλέγει·
871 1552 926 1632 Τίς
969 1553 1192 1639 Symmachus
1212 1563 1405 1625 transtulit:
1425 1563 1505 1640 Quis
1526 1561 1721 1630 adrimetum

175 1662 329 1749 ὁδηγήσει
345 1685 383 1750 με
400 1665 459 1741 ἕως
473 1671 531 1747 της
547 1659 742 1749 Ἰδουμοιίκςς
765 1657 873 1744 dicut
894 1658 925 1723 t·
968 1661 1007 1726 εἰι
1035 1662 1144 1727 urbem
1177 1665 1483 1730 circummunitam?
1515 1668 1560 1730 Et
1589 1669 1722 1748 pergit:

175 1767 283 1852 κείνης
294 1778 351 1854 της
360 1766 591 1855 παμμακορίας
602 1763 828 1852 γενησομένης,
844 1763 926 1828 ἐπει-
974 1767 1054 1841 Quis
1063 1765 1192 1832 deducet
1204 1785 1255 1832 mu
1269 1785 1370 1854 usquc
1379 1770 1417 1833 im
1431 1768 1630 1834 Idumuum?
1645 1772 1726 1846 Qum

175 1870 234 1956 δὰν
249 1871 429 1956 καταξιύση
452 1871 470 1936 ὁ
492 1869 573 1949 Θεθς
595 1869 739 1956 ἐπιύήναι
762 1867 859 1933 αὐτοῦ
881 1875 926 1952 τῷ
967 1869 1165 1933 beatissima
1176 1869 1352 1936 efficienda
1364 1877 1424 1954 est,
1435 1873 1570 1954 quando
1583 1873 1723 1954 quidem
1834 1893 1840 1904 ·

177 1973 356 2062 ὑποδήματι
377 1984 435 2059 της
451 1975 553 2040 αὐτῶν
567 1973 685 2060 χώρας.
708 1971 805 2038 Πόλιν
820 1971 856 2036 δέ
870 1992 924 2036 πε-
969 1975 1060 2038 Deus
1083 1975 1118 2038 in
1142 1977 1234 2040 hunc
1257 1979 1369 2041 locum
1389 1977 1589 2056 dignabitur
1603 1995 1722 2042 ascen·

180 2087 292 2166 ριοχής
308 2081 351 2166 μή
375 2081 463 2144 θκνεῐ
482 2077 585 2164 λέγειν
597 2080 657 2164 τήν
672 2075 848 2162 ἐκκλησίαν
870 2085 926 2141 τοῦ
969 2078 1048 2142 dere
1069 2081 1297 2143 calceamento
1312 2098 1385 2145 suo.
1404 2085 1449 2146 At
1470 2083 1635 2148 ciuitatem
1658 2083 1723 2148 cir·

179 2183 274 2268 Θεοῦ,
288 2183 329 2268 ήν
344 2182 426 2249 πάνυ
447 2181 665 2269 θαυμαστδςὸ
683 2181 857 2268 Σύμμαχος
870 2199 925 2244 πε-
968 2184 1168 2248 οιοηεσίοπίίσ
1182 2184 1293 2248 dicere
1305 2187 1491 2250 Ecclesiam
1503 2188 1565 2250 Dei
1578 2203 1645 2249 non
1661 2186 1723 2250 du·

175 2285 432 2373 praesperabatur
452 2285 659 2373 ήρμήνευσεν.
683 2283 738 2361 Τίς
766 2281 868 2350 τοίνυν
894 2283 926 2350 ὁ·
967 2285 1101 2367 bitavit,
1116 2304 1219 2367 quam
1235 2290 1518 2355 circummunitam
1533 2291 1636 2367 longe
1651 2293 1723 2353 stu-

177 2388 313 2475 δηγήσει
328 2411 367 2476 με
380 2391 433 2456 ἐπὶ
446 2391 506 2475 τήν
519 2389 613 2475 χάριν
633 2390 693 2474 τήν
708 2385 925 2474 δοθησομένην
968 2389 1098 2470 pendus
1125 2393 1348 2474 Symmachus
1386 2395 1630 2476 interpretatus
1659 2397 1722 2458 est.

164 2504 244 2574 τοῖς
264 2494 375 2576 ἔθνεσι,
391 2494 419 2561 εί
441 2495 485 2580 μή
508 2497 558 2576 σύ,
581 2494 599 2558 ὁ
621 2491 718 2577 Θεύςς
741 2493 840 2568 ούτιυς
861 2492 924 2578 γάρ
973 2493 1052 2570 Quis
1065 2511 1164 2576 porro
1185 2491 1377 2563 deducctmc
1400 2499 1443 2562 ad
1458 2499 1546 2562 hanc
1566 2499 1721 2577 gratiam

174 2595 405 2684 ήρμήνευσενδ
425 2597 601 2683 Σύμμαχος
617 2595 729 2662 είπύιν·
751 2594 791 2660 Ei
814 2596 857 2680 μή
875 2595 923 2676 σὺ,
969 2614 1037 2677 qua
1064 2599 1211 2663 donandi
1248 2605 1331 2664 sunt
1359 2604 1485 2683 populi,
1517 2603 1585 2667 nisi
1619 2607 1669 2682 tu,
1698 2619 1719 2664 o

179 2699 302 2783 δΘεδς,
318 2702 336 2766 ὁ
350 2699 608 2788 άποδαλλύμενος
628 2697 723 2786 ήμῦς,
740 2699 810 2765 ἐπεὶ
820 2696 926 2763 ούκέτι
968 2702 1084 2765 Deus?
1098 2706 1150 2767 Ita
1165 2704 1290 2786 quippe
1302 2707 1405 2768 vertit
1424 2706 1647 2789 Symmachus
1663 2707 1717 2769 his

145 2863 152 2877 .
172 2806 334 2891 ἐξελεύση,
349 2805 368 2872 δ
383 2805 474 2890 Θεὸς,
488 2807 523 2872 ἐν
542 2815 610 2884 ταῖς
625 2805 793 2892 δυνάμεσιν
814 2801 924 2890 ήμῦιν·
968 2805 1093 2869 verbis:
1109 2807 1191 2872 Nisi
1204 2810 1250 2888 tu,
1269 2826 1287 2871 ο
1305 2809 1402 2888 uera,
1418 2809 1477 2891 qui
1490 2809 1635 2890 rejecisti
1648 2826 1717 2890 uos,

173 2913 229 2976 καί
244 2911 473 2997 ὑπερασπίζεις,
486 2913 542 2976 καί
552 2911 745 2997 ὑπερμαχεῖς
756 2909 857 2996 ήμῶν·
869 2908 925 2974 ἀλ-
966 2909 1377 2993 qmachmamcmpum
1383 2912 1609 2994 mammeam,
1619 2916 1718 2995 Brut,

173 3015 216 3082 λά
242 3017 373 3095 δούλους
398 3018 453 3082 καί
475 3013 672 3101 ὑποχειρίους
695 3013 923 3099 παραδέδωκας
966 3013 1194 3081 invirtutibus
1216 3018 1349 3097 uostris,
1369 3022 1408 3081 ut
1429 3019 1602 3100 pronubis
1626 3020 1722 3084 auxi·

178 3120 264 3207 ήμῦς
285 3129 350 3198 τοῖς
373 3117 507 3205 ἐχθροῖς,
534 3116 639 3184 οὐκέτι
661 3116 843 3202 ἐλευθέρους
867 3119 923 3182 καὶ
967 3118 1060 3182 lieris
1076 3124 1111 3183 et
1124 3120 1281 3185 bellando
1293 3126 1401 3201 tegas.
1413 3122 1477 3187 Sed
1489 3123 1643 3188 hostibus
1659 3141 1720 3188 nos

177 3222 388 3308 cccccccccc·
414 3222 527 3307 οὐγὰρ
553 3220 734 3308 ήττήθημεν
750 3223 837 3304 ποτὲ,
865 3233 923 3290 σοῦ
967 3222 1090 3288 dedisti
1104 3242 1218 3290 servos
1231 3231 1265 3290 et
1277 3229 1456 3309 mancipia,
1470 3245 1537 3291 non
1551 3227 1623 3309 jam
1641 3230 1722 3294 libe·

174 3337 425 3412 στρατηγοῦντος
447 3327 501 3391 καὶ
523 3333 580 3411 της
602 3324 768 3411 φάλαγγος
785 3323 923 3412 ήγουμί-
967 3343 1032 3407 ros,
1051 3344 1113 3392 nec
1128 3332 1235 3393 nostri
1255 3329 1354 3410 juris.
1371 3333 1553 3412 Nunquam
1570 3332 1719 3414 prolecto

171 3449 236 3495 νου.
966 3430 1048 3493 victi
1071 3433 1153 3495 olim
1177 3433 1316 3513 fuimus,
1340 3434 1421 3498 dum
1440 3440 1479 3498 tu
1500 3435 1570 3498 dux
1593 3439 1720 3501 exerci-

967 3538 1066 3599 tuum
1080 3540 1194 3600 noster
1209 3555 1299 3601 esses
1312 3542 1345 3600 et
1356 3539 1507 3616 agminis
1524 3540 1717 3620 imperator.

215 3658 247 3703 ν.
273 3641 322 3705 13.
346 3636 405 3718 dur
426 3639 502 3726 ήμῖν
529 3636 678 3725 βοήθειαν
704 3640 743 3704 ἐκ
769 3637 920 3736 θλίψεως,
1010 3657 1041 3702 v.
1056 3639 1711 3734 13.Dumobiouuuiiiumdctmiuluiiouc,

167 3745 222 3810 καί
237 3743 355 3830 ματαία
370 3742 511 3830 σωτηρία
527 3743 702 3829 ἀνθρώπου.
966 3745 1202 3810 ctoumuoulut
1216 3746 1367 3810 mainis.

209 3847 256 3914 Ού
269 3851 332 3937 γὰρ
347 3850 399 3914 διά
413 3847 618 3934 παρατάξεως
642 3849 827 3936 ὁπλητικης,
844 3849 918 3915 ούδέ
1009 3849 1147 3913 Minime
1162 3856 1309 3930 namque
1329 3851 1546 3931 inapparatu
1569 3855 1718 3916 armatu·

166 3954 207 4019 δι’
218 3953 412 4040 άνθρυπίνης
423 3950 606 4041 συμμαχίας
617 3954 705 4033 ἐλπίς
717 3953 792 4041 ἡμῖν
805 3952 920 4039 στήσει
964 3971 1020 4033 rae,
1035 3970 1146 4034 neque
1161 3954 1197 4016 in
1213 3955 1342 4016 auxilio
1364 3955 1514 4018 humano
1538 3974 1633 4038 spem
1657 3975 1715 4020 no·

165 4060 242 4142 πρδς
256 4060 313 4136 τδις
329 4058 505 4145 μελλούσας
521 4057 747 4124 ἐπανίστασθαι
760 4055 836 4144 ήμίν
851 4055 919 4122 θλί-
963 4061 1068 4122 stram
1076 4061 1165 4122 stare
1172 4058 1330 4121 volumus
1347 4060 1381 4122 in
1394 4059 1633 4126 afflictionibus
1642 4079 1718 4143 qum

171 4164 250 4248 ψεις,
267 4162 339 4227 ἀλλ’
361 4162 394 4228 ἐν
417 4162 524 4248 οοίτήι
548 4161 619 4250 Θεῷ
640 4162 814 4250 ποιήσομεν
828 4162 920 4229 δύνα-
963 4163 1254 4243 nobisinstabunt‚
1266 4162 1325 4226 sed
1337 4163 1372 4226 in
1384 4168 1428 4244 te,
1437 4165 1537 4244 Deus,
1550 4182 1715 4246 ponemus

169 4287 231 4353 μιν·
247 4263 579 4354 ήμεῖςοίςέπηγγείλιυ
590 4266 734 4353 ἐπιύήναι
745 4276 789 4354 τῷ
801 4275 918 4333 σαυτοῦ
962 4268 1135 4348 virtutem,
1151 4284 1211 4331 nos
1227 4266 1351 4348 quibus
1367 4269 1551 4349 promisisti
1567 4273 1626 4332 tuo
1646 4285 1716 4333 am·

169 4369 358 4456 ύιιοδήματι,
369 4373 424 4436 καί
434 4371 640 4451 καταξιύσειν
656 4381 790 4438 σεαυτοῦ
804 4372 919 4437 ύποτα-
962 4372 1080 4436 bulare
1092 4372 1215 4450 calceo,
1226 4376 1355 4453 tuaque
1367 4373 1539 4437 nobilitari
1550 4375 1715 4438 servitute

168 4483 230 4561 γης
244 4496 279 4540 τε
294 4477 349 4541 καί
362 4475 475 4561 φιλίας.
500 4475 538 4542 Oi
554 4477 687 4563 μὲνγὰρ
709 4476 826 4542 τούτων
842 4475 919 4542 dud
963 4479 998 4538 et
1018 4475 1180 4538 amicitia.
1196 4476 1253 4538 lsti
1268 4493 1348 4538 vero
1363 4477 1406 4541 ab
1422 4477 1486 4541 hac
1501 4483 1591 4542 sorte
1614 4476 1713 4559 cJecti

169 4576 280 4663 ύλητοι
304 4577 476 4666 γενόμενοι,
506 4578 718 4667 ὡμολάγησαν
747 4579 917 4662 ἀποῦσθαι,
962 4596 1041 4643 cnm
1063 4579 1142 4658 sint,
1166 4578 1407 4646 confessisunt
1426 4600 1446 4644 a
1468 4587 1502 4647 te
1518 4583 1648 4664 repelli,
1675 4600 1714 4647 eo

169 4681 222 4748 διὰ
235 4684 272 4746 τδ
284 4681 398 4769 μηκέτι
412 4681 525 4763 ἐξιέναι
539 4681 686 4750 τδνΘεδν
698 4684 810 4762 ἐντοῖς
826 4682 918 4751 δυνά·
962 4682 1052 4765 quod
1078 4683 1168 4746 Deus
1187 4681 1259 4763 jam
1282 4701 1350 4748 non
1374 4688 1446 4750 exit
1467 4688 1503 4750 in
1527 4689 1714 4754 virtutibus

169 4787 383 4872 neocororum
398 4784 490 4873 ἡμεῖς
505 4787 540 4853 δέ
556 4787 589 4853 ἐν
603 4797 648 4875 τῷ
663 4787 735 4875 Θεῷ
749 4785 840 4874 ήμῦν
851 4809 917 4854 ποι·
962 4805 1096 4866 eorum;
1112 4802 1173 4850 nos
1189 4789 1320 4852 veroin
1339 4790 1409 4854 Deo
1428 4797 1544 4855 nostro
1565 4797 1710 4874 potesta·

167 4889 296 4977 ήοοιμεν
307 4890 447 4977 δύναμιν,
462 4895 517 4958 καί
529 4893 624 4970 αύτύς
640 4892 766 4977 ἀοράτῳ
777 4894 832 4958 καί
843 4915 916 4978 κρυ·
960 4895 1245 4974 constatuimus,
1262 4899 1297 4957 et
1312 4895 1383 4976 ipse
1399 4897 1564 4961 invisibili
1581 4902 1616 4962 et
1636 4897 1713 4963 abs-

168 4991 225 5080 μίᾳ
239 4996 321 5079 χειρὶ
337 4993 539 5073 ἐξουδενύισει
552 4998 625 5074 τοὺς
636 4994 805 5074 θλίύονεος
819 4995 915 5082 ήμάς,
960 4995 1114 5060 scondita
1135 5011 1240 5060 manu
1255 5016 1319 5061 sua
1341 4998 1383 5062 ad
1400 5001 1547 5065 nihilum
1571 5002 1715 5067 deducet

961 5115 1018 5163 eos
1033 5099 1092 5179 qui
1107 5106 1362 5183 persequuntur
1375 5123 1446 5170 nos.

203 5219 232 5261 v.
246 5200 288 5258 13.
302 5199 397 5258 vatic.
412 5201 453 5276 16,
