4006 6090
828 488 871 553 m
895 489 1081 556 esinuos
1651 493 1715 561 353

172 636 236 717 χής
251 625 449 714 ἰγγινόμενος
459 627 515 692 καί
526 623 672 714 κατέχων
682 626 737 691 πδν
747 635 836 693 νοῦν·
852 626 925 692 ἀλλ’
965 632 1084 695 Manus
1099 631 1211 695 alieno
1227 636 1279 696 est
1293 631 1436 696 tentatio
1451 632 1569 698 oborta
1583 635 1627 700 ah
1642 638 1714 701 ani·

172 733 254 818 αὐτή
271 733 328 818 μίν
349 729 371 816 ή
394 733 465 817 χείρ
487 732 619 796 ἀπτεται
641 739 703 796 τῶν
724 739 924 816 πρακτικῶν·
965 752 1029 799 mae
1052 735 1214 800 imbecilli
1229 734 1363 818 affectu,
1379 741 1594 822 mentemque
1609 741 1715 822 possi·

172 844 234 904 τῶν
249 837 284 902 δι
299 835 496 921 θεωρητικῶν
510 834 595 899 ἐστιν
606 832 628 919 ή
641 836 711 922 χεὶρ
723 843 835 920 γνῶσις
850 835 924 920 ‹lasu-
965 841 1063 904 dens:
1076 845 1112 903 at
1123 841 1196 922 ipsa
1208 859 1329 906 manus
1344 843 1492 906 actuosis
1508 843 1609 908 rebus
1620 849 1713 927 epta·

173 939 232 1027 δής
254 941 357 1006 αὐτῶν
372 940 433 1006 τῶν
454 938 648 1025 πραγμάτων
670 941 692 1025 tl
715 947 772 1026 τής
786 936 923 1024 θεωρίας
964 947 1031 1008 tur.
1044 945 1163 1008 Manus
1175 949 1290 1008 autem
1301 961 1377 1028 quae
1388 945 1574 1010 theoretica
1584 949 1712 1029 pertin·

173 1045 286 1127 αὐτῶν,
302 1043 412 1108 ἄδικον
427 1043 449 1129 ή
466 1043 587 1128 ἄσοφον
610 1044 664 1108 τὸν
685 1042 874 1129 δημιουργὸν
890 1044 923 1108 ὑ·
965 1049 1028 1128 git,
1040 1052 1092 1112 est
1103 1046 1254 1127 cognitio
1270 1048 1355 1113 falsu
1371 1065 1486 1114 rerum
1497 1050 1552 1114 vel
1568 1054 1716 1116 contem-

173 1146 413 1214 ποδάλλουσα...
964 1154 1124 1242 platiouis
1140 1171 1268 1233 esrum,
1283 1171 1360 1234 quae
1377 1153 1544 1234 injustum
1558 1156 1614 1220 vel
1635 1155 1717 1220 insi·

100 1333 103 1340 Ι
963 1259 1113 1339 piantem
1128 1260 1319 1322 Creatorem
1333 1260 1504 1340 supponit.

216 1377 248 1422 v.
268 1358 319 1422 12.
333 1354 395 1422 Ὧν
406 1352 435 1420 οἱ
449 1352 509 1421 υἱοί
521 1352 562 1432 ῶς
573 1354 710 1439 ratpoto
720 1351 868 1440 ἱδρυμένα
883 1353 918 1422 ἐν
1007 1377 1039 1425 ν.
1058 1362 1108 1425 12.
1128 1361 1358 1446 Qrwrcntjttii,
1375 1363 1463 1427 εἰοιιι
1471 1362 1713 1430 rwccltcoitcc·

172 1472 212 1549 τῇ
227 1462 352 1548 νεότητι
367 1459 489 1528 αὐτῶν·
511 1459 545 1525 αἱ
558 1458 734 1546 θυγατέρες
753 1461 857 1526 αὐτῶν
871 1481 923 1526 κε-
963 1465 1260 1531 marcomirum
1280 1465 1502 1546 ίαραοετιῦνιῦε
1521 1483 1593 1534 situ.
1619 1469 1716 1534 Filia
1764 1487 1769 1499 ·

173 1565 453 1654 καλλωπιιηιίναι,
483 1562 794 1651 περικεκοσμημίναι
822 1564 864 1644 ως
890 1565 922 1631 t·
963 1585 1074 1633 corum
1094 1570 1281 1650 composita,
1303 1571 1545 1636 circumornata
1565 1574 1603 1636 ct
1623 1571 1715 1637 simi-

175 1669 298 1758 μοίωμα
313 1679 401 1738 ναοῦ.
964 1669 1068 1736 rouo
1084 1673 1204 1754 tempti.
1387 1677 1411 1765 χ

217 1774 282 1842 Τοῦ
297 1772 449 1860 προτέρου
472 1773 552 1840 λαοῦ
567 1776 622 1840 καί
643 1772 768 1852 πάντως
789 1771 923 1852 ἀσεθοῦς
1008 1777 1140 1840 Veteris
1155 1777 1271 1858 populi
1287 1781 1322 1841 ct
1334 1795 1473 1860 prorsus
1489 1779 1585 1862 impii
1602 1783 1653 1843 est
1668 1779 1712 1843 si·

172 1889 303 1946 τοιαῦτα
324 1877 432 1944 τίκνα.
458 1877 523 1945 Τοῦ
545 1879 580 1944 δὲ
595 1875 719 1944 δικαίου
741 1874 858 1961 ήσάρξ
873 1877 923 1943 ἐσ-
965 1881 1055 1944 milis
1077 1881 1199 1963 proles.
1221 1883 1305 1946 Caro
1331 1887 1446 1946 autem
1464 1881 1551 1964 justi
1577 1881 1714 1947 infirma

171 2005 218 2051 τιν
233 1983 368 2070 ἀσθενής
383 1985 438 2048 καί
460 1981 691 2070 νενεκρωμένον
712 1984 748 2048 ct
765 1983 920 2068 φρόνημα.
966 1990 1019 2050 est
1040 2003 1080 2048 ac
1103 2002 1198 2049 mens
1222 1989 1384 2050 emortua.
1408 1990 1451 2052 nt
1472 1987 1615 2052 istorum
1638 1986 1718 2052 filiae

172 2085 215 2155 At
229 2085 405 2174 θυγατέρες
428 2086 556 2153 ἐκείνων
579 2086 742 2173 ἑταιρικῶς
763 2083 922 2151 καλλωπί-
965 2089 1714 2171 meretriciaurtepulchritudinemafl'eotant,

173 2194 292 2279 ζονται,
305 2191 501 2280 ὡμοιωμίνεω
513 2201 588 2279 ναῶ,
601 2193 635 2259 ἐν
646 2195 671 2279 ᾧ
683 2202 807 2278 πνεῦμα
817 2211 923 2256 κατοι-
963 2194 1092 2257 similes
1107 2195 1257 2275 delubro,
1274 2195 1309 2257 in
1325 2212 1392 2275 quo
1412 2181 1567 2278 impurus
1582 2194 1716 2259 habitat

169 2301 378 2385 κειπονηρδν,
390 2297 502 2384 ὡς[ἐκ]
511 2305 685 2383 περιτομῆς
693 2298 747 2362 τδν
755 2293 922 2382 προφήτην
963 2298 1116 2378 spiritus,
1132 2297 1214 2361 adeo
1234 2303 1274 2362 ut
1288 2315 1379 2363 unus
1399 2299 1433 2361 in
1456 2298 1713 2363 circumcisione

170 2403 279 2470 εἰπεῖν·
292 2401 531 2488 Ἐπορεύθησαν
546 2400 579 2466 αί
597 2397 774 2486 θυγατέρες
791 2399 873 2465 Σιὼν
888 2399 922 2464 ἐν
964 2402 1128 2484 propheta
1156 2403 1262 2466 dicat:
1295 2425 1312 2464 α
1331 2402 1603 2466 ambulaverunt
1628 2402 1708 2467 illiae

170 2505 284 2592 ὑψηλῷ
294 2503 446 2592 τραχήλῳ
460 2505 515 2570 καί
529 2505 564 2570 ὲν
579 2503 729 2589 νεύμασιν
740 2501 921 2589 ὀφθαλμῶν,
964 2509 1044 2572 Sion
1060 2509 1096 2573 in
1112 2509 1244 2573 excelso
1255 2509 1341 2572 collo
1357 2512 1392 2571 et
1405 2508 1442 2571 in
1453 2508 1630 2572 oculorum
1645 2524 1709 2570 nu·

169 2612 227 2676 καὶ
251 2611 292 2676 τδι
312 2611 363 2676 ἐπί
384 2609 513 2687 τούτοις.
536 2606 576 2674 Ol
603 2609 638 2673 δὲ
662 2609 747 2693 ἅγιοι
771 2605 844 2684 ναός
859 2607 922 2672 είοι
963 2611 1072 2694 tibus,
1101 2633 1119 2672 ν
1146 2617 1181 2676 et
1205 2629 1304 2695 porro
1331 2613 1415 2676 alic.
1443 2613 1571 2676 Verum
1602 2611 1713 2676 sancti

171 2713 265 2801 Θεοῦ,
281 2715 386 2780 καὶτὸ
407 2723 531 2801 πνεῦμα
546 2699 631 2781 Θεοῦ
645 2711 727 2778 οίκεῖ
746 2711 781 2779 ἰν
805 2713 921 2790 αἰετοῖς.
963 2720 1046 2780 sunt
1060 2717 1123 2781 Dei
1140 2718 1316 2800 templum,
1332 2720 1366 2780 et
1380 2717 1520 2799 spiritus
1543 2717 1604 2780 Dei
1620 2715 1715 2779 habi-

171 2815 238 2885 Καί
252 2816 282 2883 οἱ
300 2819 357 2904 μιν
378 2815 430 2882 ἐπὶ
443 2825 502 2902 τής
524 2825 585 2904 γής
606 2814 856 2903 θησαυρίζοντες
870 2813 921 2882 λέ-
964 2819 1067 2883 tutin
1084 2820 1163 2885 illis.
1175 2821 1237 2885 Isti
1251 2825 1367 2884 autem
1378 2820 1555 2884 thesauros
1572 2821 1608 2883 in
1624 2823 1715 2884 terra

172 2943 283 3010 γουσι·
297 2921 433 2989 Καθελῶ
450 2942 510 3008 μου
524 2924 580 3000 τὰς
595 2919 771 3008 ἀποθήκας,
787 2923 842 2987 καί
857 2918 923 3008 μεί-
965 2926 1178 3006 colligentes,
1200 2924 1334 2989 dicunt:
1361 2925 1572 2989 «Destruam
1594 2923 1716 2988 horrea

171 3027 267 3108 ζονας
281 3024 491 3113 οἰκοδομήσω.
516 3024 588 3092 Τῶν
602 3026 638 3092 δι
653 3025 670 3090 h
690 3024 855 3111 θησαυρός
870 3025 921 3092 ίσ-
964 3047 1051 3110 mea,
1068 3034 1102 3093 et
1115 3027 1244 3109 majora
1259 3027 1399 3093 faciam.
1423 3028 1609 3092 »Aliorum
1631 3045 1712 3093 vero

170 3153 217 3199 τιν
231 3133 265 3200 ἐν
280 3132 441 3217 οῦρανοις·
464 3127 579 3217 ὁμοίως
594 3129 629 3195 δὲ
643 3131 747 3196 αῦτῶν
761 3128 783 3215 ή
799 3128 916 3215 ποίμνη
963 3134 1145 3198 thesaurus
1161 3135 1196 3196 in
1212 3134 1296 3198 ooelo
1312 3137 1380 3214 est3
1403 3151 1443 3198 ac
1457 3133 1598 3216 proinde
1621 3135 1712 3199 ovile

170 3236 277 3326 ψυχδις
293 3231 459 3321 ἀκεραίους
473 3236 529 3300 καὶ
544 3233 650 3320 ἀγαθὰ
669 3235 724 3299 καί
737 3231 852 3320 λογικά
866 3253 921 3298 πε-
964 3255 1083 3302 corum
1097 3237 1324 3317 congregavit
1337 3238 1469 3303 animas
1481 3239 1555 3303 sine
1567 3240 1712 3320 macula,

171 3337 314 3428 ριείληφε
328 3337 488 3425 πρόθατα·
513 3338 571 3424 [ἐν]
594 3347 639 3424 τῷ
660 3334 788 3423 δπιγείιμ
811 3338 920 3423 κόσμῳ
964 3344 1138 3425 bonasque
1153 3347 1187 3406 et
1201 3343 1396 3424 spirituales
1412 3343 1577 3424 pecudes.
1600 3345 1663 3408 Vel
1678 3345 1715 3408 in

169 3446 227 3510 ααῑ
241 3447 317 3522 ναὸς
331 3441 415 3510 0⁸0⁰
436 3439 612 3528 ίῑίόίαῦῑν,
628 3437 671 3518 ὥς
692 3437 725 3504 αἱ
748 3441 839 3526 ἅγιαι
858 3449 920 3506 τῶν
965 3454 1100 3514 terreno
1115 3448 1242 3512 mundo
1257 3447 1320 3512 Dei
1334 3448 1501 3528 templum
1516 3447 1599 3513 iacti
1616 3452 1714 3530 sunt,

169 3546 402 3614 πιστευσάντων
414 3543 524 3633 ψυχαί.
533 3543 626 3612 Ἀλλ’
634 3543 760 3630 [ίκεῖνοι
770 3544 854 3630 ἦσαν
865 3543 920 3630 ὥς]
963 3554 1054 3618 sicut
1078 3556 1204 3616 sanctur
1242 3549 1453 3615 credentium
1483 3552 1624 3616 animae.
1652 3552 1714 3616 Isti

169 3653 313 3740 ὁμοίωμα
324 3662 416 3719 ναοῦ·
431 3659 676 3737 προσεποιοῦντο
687 3650 750 3735 γδιρ
764 3650 824 3734 τήν
835 3650 920 3714 κατὰ
964 3663 1078 3720 autem
1106 3659 1203 3720 erant
1232 3655 1330 3737 quasi
1359 3653 1548 3719 similitudo
1583 3656 1714 3737 templi.

169 3757 266 3844 νόμον
276 3758 478 3842 ἐπιτηδεῦσαι
488 3752 659 3836 πολιτείαν,
667 3750 741 3816 ἀλλ’
752 3751 812 3817 αὖα
823 3752 921 3837 ἔσκον
964 3760 1250 3827 linxeruntenim
1260 3759 1438 3823 instituere
1450 3758 1587 3822 vivendi
1600 3776 1713 3838 genus

172 3865 208 3929 tv
224 3862 330 3941 αὐτοῖς
344 3859 524 3946 τὸνλόγον,
538 3857 920 3941 ἀλλατὸῦαιηρόνῦναῦ·
963 3865 1281 3944 secundumlcgem,
1290 3863 1621 3928 verumnonhahent
1631 3865 1712 3928 inse

173 3988 236 4054 μα·
250 3966 460 4053 ἐθησαύρισαν
474 3966 536 4052 γὰρ
551 3964 589 4030 οὐ
601 3967 655 4029 τὸν
669 3960 823 4048 οὐράνιον,
836 3961 922 4027 ἀλλὰ
964 3971 1123 4051 Verbum,
1139 3969 1198 4034 sed
1212 3985 1356 4051 pravum
1378 3967 1555 4048 spiritum3
1579 3967 1714 4032 thesau-

172 4074 226 4137 τδν
240 4069 377 4156 ἐπίγειον
392 4070 538 4136 πλοῦτον.
964 4093 1019 4140 ros
1042 4078 1334 4157 comparaverunt,
1357 4087 1425 4135 non
1448 4089 1528 4136 vero
1547 4073 1711 4154 coelestes‚

964 4179 1024 4246 sei
1039 4185 1191 4246 terrenas
1206 4179 1363 4243 divitias.

214 4302 247 4348 ν.
273 4283 324 4348 14.
351 4280 421 4348 Οὐκ
444 4281 511 4348 ἔστι
536 4279 737 4366 κατάπτωμα
761 4285 919 4363 φραγμοῦ,
1007 4303 1039 4349 ν.
1065 4285 1115 4348 14.
1138 4285 1212 4350 Nou
1232 4285 1282 4348 cst
1301 4283 1403 4346 ruico
1427 4281 1583 4360 ωοοετια,
1611 4297 1715 4364 rthcc

170 4387 242 4454 otti
257 4385 403 4471 διέξοδος,
421 4386 494 4452 οὐδὲ
508 4387 634 4470 κραυγή
655 4383 689 4449 ἰν
704 4390 773 4461 ταις
788 4381 920 4447 ἐπαθλε-
963 4387 1136 4466 transitus,
1154 4403 1253 4470 νιαφιιι
1267 4383 1388 4451 clamor
1400 4382 1439 4448 itt
1453 4383 1579 4464 pluteis
1592 4401 1712 4449 corum.

171 4513 219 4557 σιν
235 4491 347 4558 αὐτῶν.
1006 4489 1476 4556 Aitautemcircummunitos
1492 4487 1597 4552 fuisse
1608 4488 1714 4552 unde-

212 4592 479 4680 Περιτετειχίσθαι
492 4591 527 4658 δὲ
538 4590 737 4677 πανταχόθεν
753 4591 849 4676 φησιν
865 4589 920 4654 ah·
962 4613 1098 4680 quaque
1109 4612 1227 4661 eorum
1242 4609 1355 4674 agros,
1363 4592 1498 4656 nullum
1510 4593 1641 4656 exitum
1653 4592 1713 4656 ha-

167 4707 231 4765 τῶν
252 4699 326 4776 τοὺς
348 4697 474 4783 ἀγροὺς,
500 4693 603 4762 δίοδον
633 4697 677 4780 μή
707 4693 916 4780 παρέχοντας.
962 4702 1090 4782 hentes,
1113 4716 1237 4780 eosque
1260 4715 1333 4762 esse
1356 4699 1392 4760 in
1419 4697 1544 4778 quiete,
1566 4713 1610 4761 ne
1637 4697 1709 4761 ullo

168 4800 240 4869 uror
260 4800 295 4866 δὲ
317 4803 371 4866 καί
391 4801 425 4864 ὲν
441 4799 560 4885 εἰρήνῃ,
585 4795 740 4885 μηδεμίας
758 4794 918 4882 φοὸούσης
963 4806 1101 4888 quidem
1116 4804 1261 4885 strepitu
1276 4803 1432 4875 timorem
1448 4801 1644 4865 incutiente.
1668 4801 1712 4864 Et

167 4913 320 4992 κραυγής.
335 4902 401 4970 Καὶ
421 4903 439 4969 ὁ
454 4901 620 4988 προφήτης
636 4897 731 4986 φησί·
748 4898 839 4984 Πλὴν
853 4895 919 4985 αρί-
962 4910 1130 4992 Propheta
1145 4908 1286 4970 clamat:
1305 4926 1322 4965 c
1338 4907 1497 4968 Attamen
1515 4902 1647 4984 judicia
1662 4904 1711 4968 di·

168 5029 255 5095 ματα
277 5006 408 5095 λαλήσω
423 5009 501 5092 πρὸς
521 5003 568 5070 αὲ·
584 5002 639 5090 Τίς
655 5003 784 5081 ὅτῑδδὸς
795 5000 918 5069 ἇαῑὸῶν
962 5031 1038 5079 cam
1049 5011 1139 5094 apud
1150 5014 1221 5074 te.»
1240 5009 1430 5087 Quorsum?
1449 5009 1641 5085 «Quoniam
1654 5011 1711 5074 via

202 5213 737 5282 clavat„16.12.111‚16.an.xn,
752 5213 792 5268 1s.
997 5221 1025 5262 v.
1039 5202 1082 5259 ιι.
1095 5201 1162 5258 vlt.
1176 5202 1218 5257 ιυ.
1232 5199 1281 5256 ει.
1295 5183 1382 5270 ltu,
1396 5199 1422 5254 ι.

244 5343 396 5388 snsuacrs
415 5343 459 5400 ιιι,
479 5326 527 5383 23.
