4020 6098
248 371 251 383 ’
277 400 342 462 254
967 398 1177 465 onionnne

279 547 345 604 τού.
369 537 624 624 Εύθυνίσθωσαν,
641 542 746 626 φησίν,
760 539 794 606 od
814 539 882 606 ὁδοί
897 560 966 626 μου,
983 537 1025 617 ὡς
1069 541 1135 604 riae
1150 542 1254 606 illius.
1276 542 1485 626 Dica'ccetor,
1513 544 1635 625 inquit,
1649 543 1710 608 οίσ
1731 557 1814 622 orca,

276 641 317 709 ἂν
331 641 521 729 διατηρήσαί
537 643 575 729 μί
590 666 648 710 σου
671 647 712 710 τὰ
734 644 940 730 δικαιώματα
959 642 1025 708 Καὶ
1067 644 1151 710 anca
1162 643 1342 710 custodiam
1353 650 1429 712 totae
1435 647 1700 730 justificationes.
1717 645 1821 727 Cujus

277 745 399 824 δεικνύς
414 750 468 812 τὸν
484 749 595 815 τούτου
610 751 741 833 καρπὸν,
759 747 914 834 ἐπιφέρει·
1068 751 1118 814 rei
1133 736 1282 814 fructum
1299 750 1488 830 ostendens,
1505 753 1639 834 pergit:

320 870 352 915 v.
370 853 399 916 6.
417 850 496 916 Τότε
512 851 549 916 οὐ
564 873 607 938 μη
625 851 782 938 αἰσχυνθῶ
794 851 827 916 ἐν
839 860 882 937 τῷ
899 853 942 937 μή
959 851 1024 916 ἐπι·
1112 856 1151 917 V.
1164 857 1194 918 6.
1208 857 1369 920 Τκοοκυο
1379 855 1572 938 confundar,
1587 871 1819 944 perempertpc·

276 952 401 1022 ύλέπειν
416 957 467 1021 ὲπί
481 957 586 1033 πάσας
601 959 658 1033 τὰς
673 955 802 1032 ἐντολάς
818 977 884 1021 σου.
1067 975 1144 1024 cero
1158 959 1195 1022 io
1209 958 1355 1024 omnibu
1369 959 1532 1024 medatis
1546 961 1624 1026 tois.

321 1057 409 1145 Ὅτε,
426 1063 512 1146 φησί,
529 1061 657 1147 φυλάξω
680 1059 876 1148 δικαιώματά
891 1081 958 1144 σου,
974 1058 1025 1126 τύ-
1112 1062 1261 1142 Quend0,
1277 1063 1335 1142 elt,
1351 1062 1563 1126 custodivero
1573 1062 1727 1143 justifies
1739 1067 1818 1130 tuas

276 1185 311 1231 τε
326 1165 362 1229 ού
378 1167 421 1251 μή
438 1165 605 1251 αἰσχυνθῶ.
622 1159 698 1230 Ὅτε
714 1167 812 1250 εὐχῆς
827 1167 919 1250 ἔργον
934 1162 1024 1250 ποιή-
1066 1171 1151 1232 tunc
1164 1184 1231 1231 non
1247 1167 1448 1232 confundar:
1466 1168 1600 1249 qnando
1616 1167 1727 1231 officio
1742 1185 1816 1250 pre·

277 1289 382 1356 σομαι,
414 1267 485 1334 τότε
507 1279 608 1334 ταῦτα
629 1267 770 1353 τηρήσω.
790 1267 829 1334 Εἰ
853 1270 889 1333 δὲ
911 1289 1023 1334 κατευ-
1067 1269 1292 1351 cumfunger,
1305 1275 1378 1334 tum
1390 1271 1707 1335 mandataservebo.
1720 1270 1817 1347 Quod

275 1373 423 1440 θυνθίῐισιν
445 1373 479 1438 αί
500 1369 568 1436 ὁδοί
587 1395 656 1459 μου,
673 1373 732 1438 ούκ
754 1372 1023 1459 αἰσχυνθήσομαι·
1065 1375 1096 1438 si
1109 1374 1308 1454 diriguntur
1322 1378 1387 1438 viae
1409 1393 1503 1456 meae,
1519 1393 1587 1440 non
1613 1374 1815 1439 confundar.

233 1478 235 1484 ’
275 1478 381 1564 ὥσπερ
406 1479 468 1563 γὰρ
492 1477 598 1563 μισθθς
624 1476 738 1562 ἀρετῆς
760 1479 896 1559 ἔπαινος,
924 1480 1022 1556 ούτως
1066 1481 1151 1542 Nam
1168 1480 1258 1543 siout
1272 1481 1347 1544 laus
1370 1497 1499 1543 merces
1527 1479 1664 1542 virtutis
1691 1479 1818 1559 estiis

274 1583 330 1646 καί
351 1580 548 1668 παρανομίας
567 1584 689 1666 καρπὸς
711 1582 846 1668 αἰσχύνη
867 1583 942 1664 ἐστὶ,
965 1603 1023 1646 κα-
1065 1584 1291 1665 improbitatis
1306 1583 1436 1647 fructus
1452 1587 1503 1647 est
1517 1584 1717 1663 ignominia,
1738 1580 1818 1662 jux·

274 1688 314 1752 τὰ
328 1688 380 1752 τὸν
399 1685 488 1752 θεῖον
504 1683 691 1768 ἀπόστολον,
715 1685 758 1763 ὡς
782 1685 836 1751 τύ·
863 1683 942 1752 Τίνα
967 1687 1023 1752 ούν
1064 1691 1101 1752 te
1115 1686 1232 1750 divum
1243 1688 1452 1768 apostolum:
1473 1675 1610 1764 «Quem
1625 1704 1708 1766 ergo
1726 1685 1815 1750 fruc·

274 1793 397 1876 καρπὸν
412 1791 516 1876 εἴχετε
529 1789 611 1873 τότε,
627 1789 677 1875 ἐφ’
688 1791 734 1868 οίς
749 1799 803 1856 νῦν
817 1790 1024 1877 ίπαισχύνεσ-
1064 1796 1139 1855 tum
1155 1792 1305 1855 habuisti
1318 1793 1355 1855 in
1366 1793 1419 1856 his
1434 1791 1475 1856 de
1491 1791 1615 1874 quibus
1635 1809 1726 1855 nunc
1738 1809 1814 1854 eru·

275 1892 328 1979 023
345 1933 387 1944 —
403 1889 449 1960 Ἢ
465 1893 593 1980 ἐπείπερ
609 1894 638 1960 ot
653 1903 812 1980 προφήται
827 1896 967 1979 εἴρηνται
982 1896 1023 1962 εί·
1065 1897 1259 1961 δοοοίίίοθν
1279 1931 1318 1942 -
1340 1898 1412 1977 Vel,
1436 1914 1543 1979 quum
1568 1897 1634 1968 vire
1659 1895 1817 1959 dicentur

272 2018 325 2064 ναι
340 1998 416 2082 ὁδοί,
433 1998 489 2064 ἐὰν
505 1997 771 2085 ἀναγινώσκοντες
788 2000 842 2063 τὸν
857 1997 952 2084 νόμον
967 2001 1022 2064 καί
1065 2019 1138 2065 esse
1157 1999 1338 2081 prophetae,
1373 2002 1402 2064 si
1427 2003 1541 2079 legem
1567 2005 1602 2064 et
1629 1999 1809 2082 prophetas

272 2103 347 2180 τοὺς
373 2101 548 2188 προφήτας,
572 2101 829 2188 κατευθυνθύμεν
851 2103 911 2167 ὑπὸ
937 2102 1022 2170 Θεοῦ
1066 2105 1252 2184 audientes,
1272 2122 1293 2167 a
1315 2106 1384 2168 Deo
1406 2105 1589 2183 dirigimur
1615 2103 1652 2165 in
1674 2102 1812 2165 illorum

273 2208 351 2289 πρὸς
374 2209 409 2270 τὸ
432 2206 560 2283 τούτους
581 2215 704 2291 νοῆσαι,
723 2206 760 2269 οὐ
784 2207 826 2292 μή
851 2205 1022 2292 αἰσχυνθῶ-
1067 2212 1287 2290 intellectum,
1311 2224 1380 2272 non
1409 2207 1659 2272 confundimur.
1686 2239 1725 2251 -
1749 2206 1811 2269 Vel

275 2330 342 2396 μεν.
357 2302 403 2376 Ἠ
426 2310 580 2395 αἰσχύνην
602 2318 645 2395 τῷ
668 2308 778 2395 δικαίῳ
801 2309 888 2396 φέρει
912 2313 948 2375 τὸ
977 2314 1020 2398 μή
1065 2309 1815 2397 pudetjustum,einonomniapraecepta,sed

274 2414 379 2492 πάσας
393 2415 451 2492 τὰς
466 2413 605 2496 ἐντολὰς,
622 2413 706 2478 ἀλλά
721 2434 807 2490 τινας
822 2414 1020 2500 ἐργάζεσθαι,
1066 2419 1221 2502 quaedem
1236 2435 1335 2500 opere
1362 2417 1537 2499 compleat,
1555 2421 1589 2479 et
1610 2417 1670 2498 qui
1693 2420 1812 2496 peceat

273 2521 329 2583 καί
343 2518 360 2582 b
375 2515 493 2585 πταίων
508 2518 541 2583 ἐν
554 2517 608 2600 ἑνί,
624 2518 751 2586 πάντων
765 2515 885 2604 γίνεται
899 2521 1021 2605 ἔνοχος,
1066 2525 1102 2588 in
1119 2539 1197 2604 uno,
1213 2523 1367 2586 omnium
1381 2521 1422 2584 fit
1436 2538 1528 2601 reus,
1542 2524 1627 2584 teste
1642 2519 1797 2583 Domine.

274 2624 360 2688 κατὰ
374 2624 427 2688 τὸν
442 2632 497 2688 τοῦ
513 2621 631 2708 Κυρίου
647 2621 752 2710 λύγον.
1397 2633 1400 2638 “

320 2748 352 2794 ν.
377 2730 406 2794 i.
430 2726 725 2815 Ἐξομολογήσομαί
746 2749 796 2793 σοι
822 2727 856 2792 ἰν
879 2727 1022 2815 εύθύτητι
1108 2733 1148 2795 V.
1165 2731 1195 2796 7.
1215 2727 1387 2814 Ouffitcdoc
1401 2728 1461 2795 roi
1474 2729 1511 2792 io
1529 2727 1722 2795 rectitudine
1746 2746 1814 2795 coc·

275 2830 418 2918 καρδίας,
433 2831 467 2898 tr
480 2840 524 2918 τῷ
540 2831 756 2918 μεμαθηκέναι
771 2852 810 2918 με
828 2833 869 2896 τὰ
883 2830 1023 2919 κρίματα
1065 2834 1127 2916 dir,
1158 2853 1192 2900 co
1217 2833 1301 2920 qood
1325 2853 1379 2918 epo
1407 2833 1509 2900 didici
1527 2833 1658 2914 judicto
1672 2835 1816 2915 jicrta'tia

271 2945 329 3022 τῆς
345 2937 546 3022 δικαιοσύνης
562 2957 628 3002 σου.
1068 2929 1139 2991 itt·

315 3039 406 3106 Μετὰ
420 3043 479 3128 τήν
495 3041 594 3127 εὐχήν
609 3043 664 3106 καί
678 3045 715 3108 τύ
731 3040 794 3106 ἀπὸ
809 3038 1020 3126 προαιρέσεως
1109 3047 1188 3110 Post
1217 3046 1347 3108 votivos
1374 3061 1500 3125 preces,
1515 3047 1630 3107 actum
1659 3045 1814 3106 volunta·

270 3142 407 3230 τίθησιν·
423 3145 507 3231 ἀρχή
533 3145 568 3210 δὲ
583 3154 640 3230 τής
655 3143 812 3230 σωτηρίας
834 3144 1019 3231 ήέξομολύ-
1063 3149 1108 3212 tis
1122 3150 1287 3230 proponit.
1314 3149 1524 3229 Principium
1549 3151 1663 3210 autern
1689 3148 1810 3211 salutis

268 3270 371 3335 γησις.
395 3247 495 3326 Ούτος
518 3249 551 3315 ἐν
574 3249 718 3334 εύθύτητι
735 3246 870 3335 καρδίας
894 3249 1019 3329 δοξάζει
1064 3257 1114 3316 est
1143 3253 1318 3317 confessio.
1353 3254 1415 3316 Ille
1446 3254 1517 3334 ipse
1545 3252 1581 3315 in
1608 3252 1812 3316 rectitudine

269 3355 323 3418 τὸν
338 3352 419 3421 eser
435 3355 451 3418 θ
466 3356 539 3431 τοὺς
561 3355 632 3439 περὶ
647 3351 778 3438 κρίσεως
802 3352 915 3440 λόγους
930 3357 1018 3439 παρὰ
1062 3358 1171 3422 cordis
1184 3359 1330 3436 gloriam
1342 3359 1412 3422 Deo
1431 3356 1551 3437 reddit,
1564 3356 1625 3437 qui
1637 3373 1658 3419 a
1669 3356 1812 3419 Domino

272 3455 392 3541 Κυρίου
418 3455 625 3544 μεμαθηκώς·
648 3455 729 3535 τίνος
747 3457 840 3544 χάριν
856 3459 873 3522 b
888 3460 1018 3543 οὐρανὸς
1062 3462 1181 3527 didicit
1195 3465 1314 3543 quales
1336 3463 1406 3526 sint
1432 3463 1473 3526 de
1496 3461 1626 3542 judicio
1652 3463 1811 3542 rationes,

268 3561 325 3645 μὲν
340 3571 396 3626 τοῦ
411 3562 544 3646 ούρανοῦ
559 3571 603 3647 τῷ
616 3561 734 3647 Κυρίμ,
750 3564 809 3647 τήν
825 3563 860 3627 δὲ
870 3572 932 3649 γῆν
944 3565 1018 3630 ἔδω-
1061 3568 1236 3632 videlicet:
1261 3566 1384 3648 quade
1401 3585 1437 3630 re
1453 3567 1596 3630 Domino
1612 3571 1664 3630 est
1677 3569 1810 3632 coelum

266 3686 305 3730 κε
320 3676 384 3744 τοῖς
400 3666 476 3744 υἱοῖς
491 3675 552 3732 τῶν
564 3666 752 3752 ἀνθρώπων,
768 3666 1016 3756 καίτίςύλύχος
1061 3673 1149 3751 coeli,
1176 3676 1301 3735 terrem
1330 3674 1444 3734 autem
1475 3669 1570 3734 dedit
1596 3669 1678 3734 filiis
1693 3663 1811 3754 :homi-

267 3778 330 3836 τῶν
345 3769 561 3857 καταχθονίων
584 3770 756 3857 δαιμόνων·
778 3773 833 3836 καί
848 3771 906 3856 Ιδιίι
919 3772 950 3838 τί
972 3777 1015 3862 μή
1061 3778 1170 3842 numi
1197 3779 1278 3852 Quae
1305 3777 1392 3840 ratio
1421 3779 1473 3838 est
1509 3775 1549 3839 de
1580 3774 1810 3839 subterraneis

315 3968 505 4031 Auneosrus
519 3967 558 4031 io
570 3985 600 4031 ο.
618 3968 647 4030 6.
663 3969 757 4046 Ergo
772 3985 814 4031 ne
830 3968 1017 4034 confunda·
1062 3987 1171 4033 unum
1182 3969 1380 4032 mandatum
1391 3966 1562 4031 custodiat
1574 3972 1608 4032 et
1618 3965 1713 4031 aliud
1727 3984 1810 4049 prm-

266 4071 356 4136 rnur,
387 4056 617 4120 custodiemus
640 4058 764 4120 omnia.
784 4058 869 4120 Nam
892 4059 922 4122 si
938 4060 1015 4140 quis
1062 4059 1244 4139 varientur,
1261 4055 1347 4120 nihil
1362 4057 1394 4119 ei
1409 4055 1554 4138 prodest.

298 4259 327 4300 v.
335 4225 367 4298 ‘a
378 4241 445 4299 Vct.
458 4243 484 4299 4.
497 4243 520 4300 J
520 4243 601 4299 acob.
621 4245 863 4315 11,10.nom.v1‚
882 4246 925 4302 21.
937 4246 1015 4304 Ulti-
1056 4245 1168 4320 primus
1184 4250 1215 4301 et
1232 4245 1312 4300 eolus
1329 4244 1505 4302 memoravit
1522 4245 1625 4303 Victor
1642 4244 1808 4318 Oepuenue.

262 4327 337 4384 time
357 4329 511 4385 Theodoro
537 4329 653 4385 cuidem
677 4331 755 4404 apud
774 4330 945 4388 Corderium
962 4333 1014 4388 tri·
1056 4332 1149 4402 ύμίοίί.
1159 4333 1272 4387 Soteron
1285 4336 1306 4385 t.
1321 4347 1340 4388 1.
1354 4349 1381 4403 p.
1394 4331 1456 4386 268.
1473 4331 1597 4387 Interim
1608 4331 1645 4386 cf.
1658 4332 1744 4388 Bone
1763 4347 1808 4402 xi,

262 4415 400 4472 buuntur.
410 4415 509 4471 Etiam
519 4415 847 4490 Pseudo-Hieronymus
858 4418 909 4475 ait·
924 4423 938 4454 θ
949 4420 1014 4478 Vise
1056 4418 1100 4489 33,
1114 4417 1305 4489 etruigatnm
1314 4417 1519 4488 Athanasium,
1529 4417 1580 4488 qui
1589 4419 1685 4490 prime
1694 4425 1810 4474 tantum

263 4502 342 4559 enim
353 4508 423 4559 sunt
441 4502 568 4576 apostoli
581 4508 612 4558 et
629 4504 790 4578 prophete,
803 4509 884 4576 ete„
902 4523 956 4562 nee
969 4523 1014 4564 se·
1056 4503 1161 4560 scholii
1182 4502 1273 4560 verbe
1295 4503 1353 4558 sibi
1374 4503 1510 4574 resecuit,
1532 4509 1563 4559 et
1584 4504 1736 4561 Meurinoe
1758 4503 1809 4576 qui

262 4591 322 4648 mei
334 4607 400 4646 curn
413 4589 540 4661 Origene
552 4589 707 4647 consentit.
1056 4590 1218 4647 clausulam
1229 4608 1248 4646 a
1266 4589 1406 4646 eorderio
1424 4597 1613 4664 receperunt:
1631 4594 1710 4661 ήκαί
1727 4594 1810 4658 ούτως

297 4697 327 4738 v.
340 4679 365 4735 7.
378 4679 446 4737 Vet
457 4680 484 4748 4,
497 4679 522 4748 5,
535 4679 578 4750 12,
592 4679 634 4734 16.
653 4678 701 4733 Ad
712 4678 777 4735 baec
796 4695 882 4735 nemo
894 4697 954 4736 non
967 4698 1013 4738 as·
1056 4681 1116 4734 κτλ.
1131 4677 1301 4734 Theodorus
1313 4695 1383 4735 vero
1395 4677 1572 4733 Heracleote
1588 4683 1704 4734 tentum
1721 4674 1809 4733 modo

263 4771 367 4838 surget
390 4765 523 4838 trepidus
545 4771 597 4821 eut
614 4766 720 4821 saltem
737 4765 960 4837 cogitabundus,
979 4784 1014 4823 ac
1056 4763 1209 4836 conjunxit
1220 4764 1299 4820 idem
1311 4763 1429 4820 initium
1441 4781 1508 4824 curn
1524 4761 1627 4820 eodem
1637 4769 1739 4820 nostro
1752 4769 1808 4820 ter·

262 4851 414 4910 verebitur
431 4868 468 4906 ns
486 4850 518 4906 in
535 4851 617 4908 hisce
635 4852 792 4907 cumulatis
806 4851 965 4908 audacibus
983 4857 1014 4910 et
1055 4849 1144 4922 mino,
1156 4868 1211 4906 nec
1223 4851 1308 4924 plura
1321 4849 1460 4921 servavit,
1476 4867 1510 4906 ee
1523 4850 1668 4906 sicaetera
1679 4851 1808 4923 interpo-

265 4938 364 4994 erduis
377 4937 588 5010 quaestionibus
602 4938 665 5011 jem
674 4944 784 4994 temere
797 4939 963 5013 conceperit
975 4939 1013 4995 O·
1056 4935 1114 4991 sita
1133 4952 1233 4991 omnes
1252 4935 1329 4992 sicco
1342 4941 1373 4992 et
1384 4943 1451 4992 ceto
1469 4933 1544 5008 pede
1561 4933 1710 4992 transilire
1724 4951 1809 4990 cons·

263 5023 382 5094 rigenes
394 5022 590 5079 inconsultum
610 5040 683 5096 opus
701 5026 765 5091 Περί
783 5028 881 5092 ἀρχῶν,
893 5025 941 5080 cni
954 5024 1012 5080 for·
1056 5022 1226 5098 pireverint.
1239 5023 1300 5079 Nec
1313 5022 1519 5094 singularitute
1532 5027 1614 5080 caret
1624 5021 1657 5080 in
1672 5021 1806 5078 hocloco

264 5115 344 5167 tasse
356 5107 452 5166 affinis
465 5115 529 5166 eret
540 5108 616 5167 liber
628 5113 692 5179 lieet
703 5115 813 5182 ρύοιον,
826 5127 912 5182 quem
927 5111 1013 5169 nobis
1056 5127 1216 5169 consensus
1227 5114 1395 5168 nostrorum
1407 5108 1490 5166 codd.
