4044 6104
276 462 339 524 392
943 458 1153 523 onidiiiins

277 603 331 676 τδς
346 608 401 664 τού
423 597 506 665 Θεοῦ
523 595 746 683 ἀναγορεύοιτο
769 594 856 673 Υίύς·
872 596 956 681 δμως
971 595 1025 680 αρ-
1066 597 1202 662 instuit
1218 597 1309 661 iilius
1339 599 1372 661 in
1394 599 1571 679 pei-inultis
1593 599 1814 662 testimoniis:

278 703 392 768 κείσθω
407 702 428 787 ἡ
446 705 542 768 αύτοῠ
559 712 614 768 τοῦ
629 701 754 786 Πατρὸς
766 700 951 787 μαρτυρίαὴ
965 700 1025 786 φή-
1068 704 1204 767 interim
1221 703 1304 766 setis
1319 704 1364 765 sit
1379 703 1610 766 testimonium
1635 704 1741 784 ipsius
1758 706 1817 766 Pe·

279 829 365 874 σασα
388 807 421 887 ἐξ
444 809 597 891 οὐρανῶν·
614 803 715 882 Ούτύς
737 803 854 870 ἐστινὸ
874 801 943 880 Υἱός
968 823 1027 888 μου
1066 809 1139 886 tris,
1156 823 1223 887 quo
1240 823 1258 869 e
1274 808 1367 870 ooelis
1384 805 1562 870 effabatur:
1579 829 1595 867 α
1612 809 1675 870 Hic
1698 810 1750 871 est
1764 808 1817 872 iii-

278 912 455 997 ἀγαιτητδς,
470 911 504 975 ἐν
525 907 752 996 ψηύδύκησα).
767 907 908 991 Εὕρηται
923 905 1027 972 τοίνυν
1069 911 1136 975 lius
1154 929 1248 975 meus
1265 911 1418 990 dilectus,
1435 912 1470 974 in
1485 929 1553 992 quo
1567 911 1651 974 mihi
1671 913 1815 992 eomple-

282 1015 299 1078 b
322 1014 391 1094 Υίδς
416 1015 506 1100 [ὑπὲρ
529 1021 589 1078 τῶν
611 1011 778 1097 κρυφίωνψ·
802 1009 966 1096 εἰρημένου
992 1009 1027 1074 δέ
1067 1015 1136 1098 oui)
1154 1037 1183 1097 ν,
1206 1016 1400 1079 invenietur
1423 1017 1553 1080 interes
1568 1018 1675 1080 Filius
1693 1033 1756 1097 pro
1770 1033 1817 1081 oc·

279 1120 406 1202 τούτου,
426 1121 485 1183 οὐκ
502 1119 542 1182 ἄν
564 1116 613 1201 τίη
637 1116 787 1201 δυσχερές
810 1117 863 1180 τὸν
885 1114 1026 1179 θάνατον
1067 1121 1175 1185 uilio.
1200 1120 1329 1196 Quibus
1348 1121 1542 1202 promissis
1559 1139 1664 1200 grove
1680 1137 1747 1184 non
1771 1121 1816 1184 sit

277 1225 374 1287 αὺτοῦ
390 1231 481 1305 νοεῖν,
505 1223 577 1287 οὐδὲ
598 1222 638 1285 τὰ
660 1220 756 1286 λοιπὰ
778 1218 895 1305 κρύφια
917 1219 1023 1282 αὐτοῦ.
1067 1241 1206 1287 noscere
1223 1223 1296 1303 ejus
1312 1229 1454 1288 mortem
1478 1230 1538 1287 eut
1556 1241 1596 1287 ee
1619 1241 1694 1305 quae
1710 1226 1745 1287 in
1762 1225 1820 1287 illo

282 1325 395 1391 Πολλὰ
409 1328 444 1392 δὲ
460 1334 561 1391 ταῦτα
575 1326 625 1411 ἠν,
650 1325 758 1408 ἐπειδὴ
778 1326 833 1388 καί
847 1322 868 1407 ἡ
884 1322 919 1402 ἐξ
935 1320 1025 1408 ἁγίου
1068 1330 1200 1392 oooulto
1214 1334 1304 1392 sunt.
1321 1330 1471 1392 Plurima
1493 1345 1592 1410 porro
1608 1333 1698 1408 sunt,
1712 1347 1816 1410 quen-

278 1430 460 1516 Πνεύματος
482 1429 534 1494 διὰ
557 1427 719 1512 Παρθένου
746 1427 867 1515 γένεσις
897 1427 1026 1512 κρύφιος
1068 1433 1109 1496 do
1136 1433 1271 1514 quidem
1296 1435 1455 1497 nativitas
1482 1451 1525 1496 ex
1549 1436 1676 1515 Spiritu
1700 1439 1815 1498 saneto

275 1535 327 1618 ἠν,
335 1536 389 1599 καί
397 1535 491 1610 αὐτὸς
503 1534 520 1598 δ
531 1545 586 1598 τοῦ
598 1532 681 1600 Θεοῦ
693 1531 806 1617 Αύγος,
820 1532 837 1597 ὁ
849 1533 942 1615 σαρκί
955 1551 1024 1616 γεν-
1068 1555 1128 1618 per
1143 1539 1321 1617 Virginem
1338 1539 1470 1602 oooulte
1485 1543 1567 1618 eret,
1581 1543 1616 1600 et
1632 1539 1743 1618 ipsum
1755 1539 1815 1601 Dei

277 1638 380 1722 νηθείς
391 1638 521 1723 κρύφιος
535 1639 585 1723 dv,
598 1635 746 1722 κρυφίους
758 1636 792 1700 δὲ
804 1633 958 1721 περιέχων
974 1634 1025 1698 λό-
1068 1641 1227 1720 Verbum,
1244 1641 1344 1704 homo
1363 1659 1464 1704 cerne
1481 1647 1676 1720 generatus,
1708 1643 1818 1706 ooonl·

276 1762 361 1827 γους,
387 1745 441 1806 καί
467 1752 567 1808 πᾶσαι
593 1744 690 1806 αὐτοῦ
716 1741 748 1806 αί
775 1738 947 1824 παράδοξοι
969 1739 1025 1802 καὶ
1069 1749 1124 1808 tus
1141 1749 1222 1824 eret,
1250 1747 1467 1826 occultosque
1483 1746 1631 1809 rationes
1657 1747 1816 1825 eontinet,

277 1845 515 1932 θαυματουργοὶ
540 1847 702 1932 δυνάμεις·
729 1843 963 1934 ἐπισφραγισμα
990 1843 1025 1907 δὲ
1068 1850 1285 1913 sioutonines
1301 1849 1374 1928 ejus
1389 1854 1671 1931 potestatesque}
1687 1851 1815 1930 opinio

167 2034 171 2040 Ι
278 1960 341 2016 τῶν
363 1949 502 2036 κρυφίων
525 1954 579 2016 καί
594 1951 611 2016 δ
626 1949 766 2027 θάνατος
782 1951 877 2013 αὐτοῦ
900 1948 950 2033 ἠν,
968 1948 1026 2031 ἤτε
1070 1971 1148 2016 nem
1160 1959 1331 2034 superent,
1344 1955 1588 2036 cumulantque
1600 1956 1818 2035 portentent

279 2056 324 2131 εἰς
339 2054 416 2139 ᾅδου
432 2054 578 2136 καθόδος,
590 2055 697 2119 καὶτὰ
708 2052 815 2118 antidi
830 2055 914 2137 αύτψ
928 2073 1026 2116 κατα-
1069 2061 1235 2122 oonolusit
1251 2060 1383 2122 oooulte
1394 2059 1510 2136 sigillo
1526 2059 1600 2139 ipso
1612 2075 1702 2121 mors
1715 2059 1819 2138 illius,

255 2243 258 2252 Ι
276 2156 493 2243 πεπραγμένα,
510 2159 568 2242 ἥτε
582 2158 621 2222 ἐκ
643 2166 759 2242 νεκρῶν
775 2154 951 2234 ἀναύίωσις,
966 2155 1022 2220 καί
1070 2169 1145 2226 tum
1162 2163 1204 2226 ad
1222 2163 1345 2226 inferos
1361 2163 1553 2241 descensus,
1569 2168 1603 2225 et
1614 2180 1690 2243 qnoe
1706 2163 1768 2227 hoo
1784 2165 1819 2226 in

280 2262 331 2327 ἐπί
354 2270 449 2327 πᾶσιν
479 2260 500 2345 ἡ
528 2263 572 2338 είς
594 2262 745 2345 οὐρανοὺς
772 2259 947 2345 ἀνάληψις·
970 2259 1029 2321 ούκ
1070 2266 1143 2328 loco
1158 2265 1305 2347 perfeeto
1320 2265 1362 2328 ab
1379 2281 1418 2328 eo
1435 2269 1525 2344 sunt,
1538 2283 1577 2329 eo
1592 2268 1821 2346 superomnia

280 2365 432 2450 ἀλλότρια
461 2367 496 2431 δέ
525 2365 677 2451 τυγχάνει
709 2373 771 2429 τῶν
801 2362 938 2448 κρυφίων
970 2371 1027 2426 τοῦ
1071 2369 1224 2432 escensio
1236 2371 1271 2432 in
1284 2371 1395 2432 ooelos.
1409 2371 1526 2450 Neque
1537 2371 1649 2432 eliens
1672 2369 1823 2433 evadunt

278 2469 352 2535 Υίοῠ
368 2473 422 2536 καί
433 2471 473 2534 τὰ
484 2469 681 2556 ἐμφερόμενα
696 2469 730 2534 έν
745 2477 789 2554 τψ
800 2468 925 2554 ψαλμῷ,
938 2467 959 2532 ἃ
970 2487 1027 2532 κα-
1069 2475 1202 2537 occulte
1217 2474 1295 2536 iiiii
1318 2473 1361 2536 eb
1389 2474 1443 2536 bis
1467 2489 1543 2555 quae
1559 2475 1756 2537 inseruntur
1781 2474 1817 2536 in

284 2575 325 2638 τὰ
341 2572 433 2661 μέρος
447 2572 584 2660 ἐσόμεθα
595 2573 803 2660 διηγούμενα.
1069 2577 1249 2658 psalmum,
1268 2595 1367 2658 quein
1384 2595 1444 2658 per
1457 2583 1569 2658 partes
1586 2593 1742 2641 enarrare
1758 2593 1818 2656 ag-
1881 2639 1882 2646 ,

1073 2681 1259 2758 gredimur.

321 2804 352 2848 v.
370 2786 401 2849 2.
412 2778 707 2868 Ἐξομολογψσομαί
721 2800 780 2862 σοι,
792 2776 901 2861 Κύριε,
916 2777 951 2842 έν
963 2774 1024 2859 ὅλῃ
1113 2803 1145 2848 v,
1161 2787 1192 2850 2,
1227 2785 1401 2870 ουφρῖιρψοφ
1417 2785 1488 2865 tibi,
1514 2785 1659 2864 Domine,
1689 2787 1726 2850 in
1755 2789 1818 2850 toto

277 2888 394 2974 καρδίᾳ
405 2911 475 2976 μου·
486 2886 679 2972 διηγήσομαι
693 2884 849 2950 πάντατὰ
860 2880 1025 2967 θαυμάσια
1071 2888 1162 2955 εοεαε
1176 2907 1253 2970 ouo,
1271 2889 1410 2955 οαεναύο
1422 2891 1532 2956 omnio
1545 2889 1714 2956 mirabilia
1729 2895 1796 2955 too.

170 3054 172 3060 .
283 3015 350 3060 000.

326 3096 546 3178 ΕΥΣΕΒΙΟΣ,
562 3092 789 3162 ΑΣΤΗΡΙΟΣ.

324 3201 374 3266 Τὰ
388 3202 481 3287 ὅμοια
503 3202 542 3266 ἂν
562 3203 663 3285 σύρας
684 3200 739 3262 καὶ
755 3198 789 3261 ἔν
810 3204 875 3272 ταῖς
898 3196 1028 3281 εὐαγγε-
1114 3203 1283 3283 noetio,
1312 3203 1473 3269 Asterius.
1493 3204 1625 3267 simnia
1651 3203 1822 3267 inveneris

281 3305 358 3384 λίοις
387 3306 421 3370 ἐν
454 3308 500 3384 οίς
522 3303 777 3391 ἀναγέγραπται·
802 3300 1030 3386 Ἐξομολογοῦ·
1072 3307 1108 3368 in
1121 3308 1319 3386 evangeliis,
1327 3308 1452 3388 quibus
1463 3307 1819 3389 perscribiturzdcon·

282 3409 339 3498 μαί
354 3431 412 3492 σοι,
428 3409 545 3495 Πάτερ,
562 3409 658 3493 Κύριε
679 3417 734 3473 τοῦ
755 3407 889 3490 ούρανοῦ
904 3408 958 3470 καί
973 3413 1030 3490 τῆς
1072 3411 1170 3477 fiteor
1185 3413 1257 3492 tibi,
1275 3415 1383 3492 Peter,
1400 3413 1543 3475 Domine
1558 3412 1644 3491 omli,
1662 3417 1820 3490 ottenis,

280 3525 350 3602 γῆς,
368 3517 415 3579 δτι
437 3513 622 3598 ἀπέκρυφας
644 3521 752 3576 ταῦτα.
767 3509 831 3574 ἀπὸ
854 3517 959 3593 σοφῶν
974 3510 1029 3573 καί
1073 3516 1156 3597 quie
1181 3515 1386 3580 abscondisti
1413 3516 1485 3580 haeo
1507 3533 1527 3577 o
1553 3515 1762 3597 sapientibus
1789 3521 1824 3578 et

282 3620 492 3704 ἀπεκάλυψας
506 3629 606 3684 ταῦτα
624 3615 754 3702 νηπίοις.
771 3614 839 3683 Θέα
854 3624 930 3702 γοῦν
945 3615 1029 3691 ὅπως
1073 3622 1307 3703 prudentibus,
1324 3627 1359 3685 et
1373 3621 1531 3684 revelasti
1559 3637 1600 3684 ee
1613 3621 1775 3702 parvulis.
1805 3641 1822 3678 ν

280 3727 335 3789 καί
350 3727 384 3790 ἐν
399 3734 463 3803 τοίς
486 3725 556 3808 περὶ
578 3720 715 3807 κρυφίων
738 3718 972 3805 ἐξομολογείται
986 3727 1030 3803 τῷ
1074 3725 1159 3789 Vide
1180 3726 1289 3804 igItur
1304 3723 1470 3805 quomodo
1494 3725 1597 3786 etiem
1617 3725 1652 3786 in
1683 3724 1824 3788 occultis

280 3828 382 3912 Πατρί
397 3830 493 3894 αὐτοῦ
508 3829 525 3892 δ
541 3827 671 3912 Σωτὴρ·
686 3827 740 3890 καί
756 3823 790 3889 έν
804 3831 848 3908 τῷ
865 3822 980 3908 ψαλμῷ
995 3823 1030 3887 δὲ
1075 3829 1277 3894 confitentur
1303 3831 1394 3894 Petri
1423 3846 1485 3893 suo
1513 3829 1686 3908 Salvator,
1725 3833 1758 3891 et
1788 3831 1823 3893 iu

279 3935 350 4017 περί
372 3939 433 3998 τῶν
455 3933 557 3996 αὐτῶν
580 3928 742 4015 [κρυφίων]
770 3925 948 4012 ἀναπέμπει
973 3928 1031 4011 τὴν
1073 3939 1203 4019 psalmo
1219 3937 1301 3998 item
1321 3933 1493 4014 inscripto,
1513 3938 1646 4013 promet
1660 3933 1825 4012 hymnum

280 4033 516 4120 ἐξομολόγησιν,
529 4033 670 4099 τουτέστι
681 4035 740 4118 τὴν
752 4029 963 4117 εὐχαριστίαν·
979 4029 1029 4095 λέ·
1073 4039 1303 4116 oonfessionis,
1317 4037 1351 4101 id
1365 4040 1417 4100 est
1439 4037 1629 4114 gratiarum
1648 4037 1824 4100 notionem.

280 4159 329 4224 γει
344 4137 437 4204 δ’νῦν
459 4137 532 4224 ἑξῆς
547 4137 679 4223 προϊών·
702 4133 902 4221 Λῑηγύσνμαῑ
924 4135 1029 4199 πάντα
1073 4145 1235 4221 nitergo
1259 4142 1405 4206 ulterius
1431 4157 1649 4222 progressus:
1676 4141 1825 4206 Narrabo

280 4242 322 4306 τὰ
330 4239 496 4328 θαυμάσια
508 4262 575 4307 σου·
585 4243 664 4328 μετὰ
675 4243 737 4327 γὰρ
749 4242 807 4327 τὴν
818 4237 1028 4326 εὐχαριστίαν,
1073 4250 1181 4314 oemio
1195 4247 1368 4311 mirabilia
1397 4251 1464 4312 iou.
1487 4249 1566 4310 Post
1588 4248 1679 4310 enim
1706 4246 1827 4310 eucha-

282 4343 323 4429 ἦν
338 4344 416 4429 ὑπὲρ
432 4353 489 4428 τίς
504 4343 660 4431 ἡμετέρας
672 4343 851 4430 ἀνέπεμψεν
863 4342 1028 4427 σωτηρίας,
1075 4353 1191 4416 ristioe
1225 4349 1339 4429 vei-be,
1371 4367 1446 4431 quae
1472 4365 1532 4431 pro
1561 4351 1671 4414 solute
1709 4353 1824 4412 nostre

282 4451 341 4536 τὴν
356 4448 562 4514 διδασκαλίαν
577 4451 653 4533 πρὸς
668 4448 753 4534 ἡμᾶς
765 4448 879 4525 αὐτοὺς
894 4457 1029 4536 ποιεῖται
1079 4456 1202 4535 emisit,
1222 4453 1441 4518 didascalum
1458 4455 1529 4535 ipse
1552 4453 1595 4516 ad
1611 4469 1671 4516 nos
1698 4452 1828 4533 dirigit,

284 4563 346 4620 τῶν
359 4563 416 4619 τοῦ
430 4553 555 4639 flaviis
569 4551 766 4639 θαυμασίων,
783 4551 868 4618 ἀλλὰ
886 4553 940 4616 καὶ
956 4550 1029 4615 ταύ-
1074 4559 1196 4623 doeens
1213 4575 1288 4639 quie
1305 4557 1413 4619 Petris
1428 4558 1499 4620 sint
1524 4557 1705 4637 mirabilis,
1726 4555 1826 4636 idque

282 4679 341 4744 την
357 4645 550 4743 παύσασθαι
561 4655 838 4744 ἐπαγγειλάμενοι,
851 4653 1031 4731 ἀκολούθως
1074 4667 1164 4728 uitro
1176 4661 1329 4727 confiteri
1342 4663 1556 4744 promittens,
1572 4678 1614 4723 ex
1632 4662 1748 4725 ordine
1771 4678 1827 4724 su·

284 4761 439 4848 ἐπιλέγει·
1074 4768 1163 4832 odii:

330 4888 362 4934 v.
379 4872 410 4950 3,
426 4871 456 4934 4.
476 4864 744 4955 Εύφρανύψσομαι
765 4865 820 4929 καί
839 4861 1033 4950 ἀγαλλιάσο-
1118 4890 1149 4934 v,
1166 4874 1196 4951 3,
1212 4873 1243 4934 4,
1259 4869 1414 4936 laetabor
1428 4875 1459 4934 ει
1471 4866 1615 4932 amatodo
1630 4867 1667 4929 αἰι
1678 4871 1717 4944 te,
1731 4865 1823 4946 psal-

287 4995 342 5060 μαι
364 4974 397 5040 ὲν
413 4975 472 5057 σοί,
496 4973 588 5058 ψαλῶ
610 4981 654 5059 τῷ
676 4967 805 5057 ὀνόματί
819 4989 886 5051 σου,
911 4969 1031 5052 ύψιστε,
1074 4975 1141 5042 lom
1152 4977 1275 5040 υοαιίοι·
1289 4979 1353 5055 too,
1371 4973 1557 5052 ditionem
1573 4973 1609 5035 io
1621 4970 1824 5037 covertendo

319 5245 347 5287 v.
365 5227 391 5282 i.
410 5225 477 5284 Vei.
496 5225 536 5280 id.
555 5223 661 5280 bisti-h.
680 5237 722 5290 xi,
740 5221 784 5277 25.
803 5217 923 5275 ensebii
935 5233 1033 5274 eomes
1075 5214 1214 5288 frequens
1225 5217 1270 5271 est
1282 5209 1457 5268 Asteriusin
1468 5213 1532 5266 toto
1542 5207 1650 5264 codiee.
