4008 6094
330 513 349 572 6
999 513 1207 576 ORIGENES

327 649 386 714 θαι
401 649 456 713 καὶ
478 646 702 734 κραταιοῦσθαι
725 648 797 725 τοὺς
819 647 996 734 λογισμοὺς,
1016 651 1075 735 τῆν
1122 653 1340 715 viriliternos
1355 669 1458 732 agere
1471 657 1505 717 et
1517 651 1703 720 confortare
1715 653 1869 736 consilia,

328 753 467 819 διάνοιαν
482 752 608 838 ἑδραίαν
630 753 684 816 καὶ
707 753 836 836 στερεὰν
851 751 1074 838 κεκτημένους,
1119 759 1266 819 mentem
1289 761 1488 820 consecutos
1505 756 1638 822 firmam
1661 764 1696 822 et
1712 758 1866 840 solidam,

328 859 383 922 καί
398 859 456 942 τῆν
471 855 583 921 ἐλπίδα
598 855 650 920 ἐπί
663 855 779 940 Κύριον
794 853 979 941 τιθεμένους.
1119 877 1281 941 spemque
1304 861 1340 924 iu
1363 863 1547 926 Dominum
1569 868 1788 944 reportantes.

924 1068 1092 1146 Psolmua
1117 1068 1273 1148 XXXI.

373 1305 405 1352 v.
424 1289 454 1352 4.
470 1285 652 1374 Ἐοτράφῆν
674 1289 718 1367 είς
739 1288 953 1374 ταλαιπωρίαν
975 1289 1009 1353 ἑν
1031 1297 1075 1376 τῷ
1162 1309 1194 1354 ν.
1217 1293 1248 1355 4.
1275 1294 1536 1360 διαπυνθάνεσθαι
1562 1294 1599 1361 ιἰι
1613 1311 1766 1377 mutuo,
1791 1295 1869 1362 dum

328 1389 511 1478 ἐμπαγῆναι
526 1393 676 1460 ἄκανθαν.
702 1399 769 1463 Vct.
786 1395 860 1477 642,
879 1395 907 1458 1.
1119 1395 1292 1478 conficitur
1312 1397 1396 1463 milti
1415 1400 1521 1478 spirea

372 1497 438 1574 Τάς
465 1496 610 1584 βιωτικάς
637 1498 760 1574 ἀπάτας
785 1518 821 1561 τε
845 1498 902 1560 καί
928 1495 1076 1583 μερίμνας
1164 1501 1347 1564 Saeculares
1362 1506 1477 1564 autem
1493 1520 1622 1567 errores
1637 1508 1671 1568 et
1685 1520 1783 1567 curas
1796 1505 1870 1568 Sal-

327 1599 466 1678 ἀκάνθας
492 1601 643 1666 ἐκάλεσεν
673 1603 690 1667 ὁ
718 1599 833 1686 σωτῆρ.
866 1601 1003 1685 Τοιαῦτῆ
1031 1623 1076 1679 τις
1120 1605 1217 1664 vator
1237 1603 1351 1682 spiriac
1366 1607 1507 1669 vocavit.
1525 1607 1735 1688 Quicumque
1752 1609 1786 1671 in
1803 1609 1868 1670 hac

326 1703 449 1788 ἀκάνθῃ
471 1707 645 1790 περιπεσὼν
668 1705 868 1790 ταλαιπωρεῖ,
893 1706 1020 1790 οἰκτρὸς
1042 1705 1077 1770 δέ
1120 1705 1218 1784 spina
1234 1707 1432 1789 involvitur,
1449 1710 1567 1773 infelix
1582 1715 1648 1774 est:
1665 1713 1871 1776 miserabilis

325 1826 370 1884 τις
384 1806 511 1892 γίνεται,
528 1811 613 1874 κατά
626 1811 747 1894 τροπῆν
761 1811 816 1875 καί
831 1809 922 1894 φύσει
936 1819 1075 1885 τοιοῦτος
1121 1815 1235 1872 μοῦσαι
1263 1810 1312 1889 fit,
1335 1831 1376 1874 ex
1399 1816 1642 1878 consuetudine
1660 1833 1735 1895 quae
1759 1818 1794 1880 in
1811 1835 1873 1880 na·

326 1910 486 1996 6πάργιυν.
1118 1918 1232 1978 turam
1258 1918 1391 1978 transit.

359 2050 408 2104 Pa.
422 2066 510 2120 xxxi,
523 2068 550 2110 v.
563 2052 589 2106 4.
603 2051 670 2109 θαι.
684 2051 728 2105 16.

915 2209 1084 2288 Psalmis
1109 2207 1292 2288 XXXII.

368 2429 400 2475 v,
419 2413 448 2476 6.
466 2410 519 2497 Τῷ
534 2411 628 2498 Λόγῳ
651 2411 769 2497 Κυρίου
792 2412 821 2477 ol
843 2415 968 2499 οὐρανοί
990 2414 1075 2478 ἑστε-
1164 2429 1196 2475 ν.
1214 2415 1243 2475 6.
1269 2414 1362 2480 Verbo
1379 2375 1870 2503 fiminicoelifimtimot,et

325 2513 499 2600 psittacum,
518 2517 574 2580 καί
595 2527 638 2603 τῷ
661 2517 821 2602 Πνεῦματι
842 2528 897 2582 τοῦ
921 2517 1075 2604 στόματος
1121 2517 1252 2596 Spiritu
1273 2520 1341 2583 oris
1363 2521 1433 2601 ejas
1455 2525 1558 2588 omnis
1578 2526 1686 2590 tirius
1702 2543 1820 2590 corum.

323 2621 420 2684 αὐτοῦ
436 2630 524 2685 πᾶσα
538 2621 560 2706 ἡ
577 2621 705 2706 δύναμις
721 2623 833 2686 αὐτῶν.
858 2625 924 2690 Vct.
949 2624 1023 2706 642,
1042 2625 1072 2687 2.
1404 2607 1407 2612 ’
1989 2673 1990 2708 ,

367 2723 477 2810 Στόμα
492 2725 575 2792 Θεοῦ
598 2727 633 2789 τὸ
657 2725 787 2810 Πνεῦμα
809 2727 844 2789 τὸ
860 2727 959 2810 ἅγιον.
976 2765 1016 2776 -
1034 2725 1073 2792 Οἱ
1162 2727 1205 2788 Os
1221 2726 1292 2806 Dei,
1310 2728 1455 2807 Spiritus
1474 2737 1621 2796 sanctus.
1637 2734 1864 2819 *Siquidem
1989 2729 1990 2816 f

326 2829 387 2912 γὰρ
410 2837 570 2914 προφῆται
593 2827 739 2894 διἀῦτοῦ
762 2829 930 2906 λαλοῦντες
952 2830 1072 2916 έλεγον,
1117 2828 1288 2908 propheta
1311 2848 1371 2910 per
1394 2849 1473 2895 eum
1488 2836 1676 2914 loquentes,
1691 2822 1864 2900 dicebant:
1989 2901 1990 2932 ,

323 2932 371 2994 ὅτι
389 2935 425 2996 τθ
441 2933 543 3018 στόμα
554 2931 672 3017 Κυρίου
689 2931 828 3017 ἐλάλησα
845 2943 955 3016 ταῦτα,
973 2937 1073 3020 ῆγουν
1116 2933 1277 3012 quoniam
1292 2952 1354 2998 «os
1366 2937 1501 3000 Domini
1517 2940 1667 3002 locutum
1685 2945 1773 3020 est»
1791 2941 1864 3004 sive

324 3038 360 3100 τὸ
376 3036 507 3122 Πνεῦμα
522 3039 557 3100 τθ
581 3039 680 3122 ἅγιον.
697 3073 738 3084 —-
754 3035 916 3122 Ἀγγέλιυν
939 3039 993 3102 οῦν
1015 3041 1073 3124 τὴν
1116 3037 1262 3115 Spiritus
1274 3044 1422 3102 sanctus.
1436 3043 1633 3120 -Angelos
1643 3044 1801 3120 igiturex
1813 3045 1868 3106 ni·

325 3141 381 3225 μέν
397 3141 441 3230 είς
457 3143 492 3205 τὸ
516 3141 596 3206 εἶναι
609 3140 747 3224 πάροδον
770 3141 787 3205 ὁ
803 3141 990 3228 δημιουργὸς
1012 3142 1073 3208 Ab·
1119 3139 1190 3202 hilo
1202 3142 1346 3205 existere
1359 3142 1439 3205 fecit
1446 3144 1594 3207 Verbum
1604 3147 1724 3226 opifex,
1740 3147 1865 3226 quibus

322 3265 378 3329 γος
402 3243 573 3330 παρέγετο·
596 3247 649 3308 τὸν
672 3243 827 3330 άγιαομθν
854 3244 889 3308 δέ
909 3247 1013 3322 αὐτοῖς
1039 3248 1075 3310 τὸ
1120 3262 1200 3308 τετυ
1223 3247 1437 3310 sanctitatem
1454 3249 1600 3327 Spiritus
1614 3250 1808 3312 contribuit.
1823 3281 1863 3296 *-

326 3347 457 3433 Πνεῦμα
483 3347 714 3434 ουνεπέρερεν,
743 3387 784 3396 -
812 3347 859 3414 Οῦ
885 3351 945 3435 γὰρ
972 3349 1075 3434 νῆπιοι
1118 3351 1218 3412 Hand
1238 3353 1328 3414 enim
1345 3352 1396 3414 illi
1415 3352 1563 3415 infantes
1577 3354 1681 3415 creati
1696 3360 1785 3432 sunt,
1802 3355 1862 3435 qui

326 3451 519 3535 κτισθέντες,
543 3461 581 3537 τῆ
598 3453 670 3516 κατ’
685 3451 791 3538 ὀλίγον
808 3452 923 3544 μελέτῃ
940 3461 996 3537 τῆς
1017 3463 1073 3518 τοῦ
1117 3455 1282 3532 paulatim
1291 3455 1389 3532 digni
1397 3457 1520 3517 mentis
1534 3457 1693 3518 exercitio
1706 3456 1785 3520 iacti
1797 3460 1867 3522 sint

325 3555 507 3641 Πνεῦματος
528 3556 689 3640 ὑποδοχῆς
704 3555 869 3641 γεγόνασιν
889 3555 978 3640 ἄξιοι,
1002 3556 1076 3622 ἀλλ’
1120 3563 1158 3619 ut
1173 3559 1337 3637 Spiritum
1352 3559 1556 3638 reciperent:
1573 3575 1692 3622 verum
1705 3561 1739 3622 in
1753 3562 1865 3639 prima

321 3660 355 3724 ἐν
372 3669 411 3746 τῆ
427 3658 535 3744 πρώτη
553 3661 702 3727 συστάσει
721 3662 776 3724 καί
797 3669 844 3746 τῷ
862 3660 955 3724 οἱονεί
976 3661 1074 3746 φυρά-
1117 3661 1358 3724 constitutione
1387 3666 1420 3724 et
1443 3664 1541 3742 quasi
1564 3680 1643 3725 cum
1665 3663 1868 3726 substantiae
1989 3713 1990 3750 3

322 3785 397 3849 ματι
423 3772 480 3846 τῆς
503 3763 609 3841 οὐσίας
633 3767 736 3829 αῦτῦν
760 3763 1074 3851 συγκαταβληθεῖσοιν
1117 3766 1277 3845 mixtura,
1296 3767 1445 3830 infusam
1466 3765 1614 3828 habuere
1638 3767 1864 3832 sanctitatem.
1989 3767 1990 3822 ἶ

322 3868 488 3953 έσχοντῆν
512 3867 675 3953 ἁγιάτῆτα.
699 3867 752 3932 Διὸ
775 3868 830 3930 καί
853 3867 1075 3952 δυσμετάθετοι
1119 3871 1247 3933 idcirco
1255 3888 1322 3933 non
1330 3869 1629 3952 possuntcouverti
1638 3869 1679 3931 ad
1687 3870 1865 3952 malitiam,

320 3973 397 4054 πρὸς
424 3969 539 4035 κακίαν
567 3973 643 4037 είοίν
670 3971 769 4054 εῦθῦς,
798 3970 891 4036 οἱονεί
918 3970 1005 4058 βαρῆ
1030 3982 1074 4059 τῷ
1121 3991 1226 4058 quum
1240 3976 1341 4053 illico,
1351 3975 1459 4036 veluti
1470 3974 1628 4051 tinctura,
1636 3972 1868 4039 fuerintsanc-

323 4074 469 4161 ἁγιασμῷ
485 4074 707 4161 στομιυθέντες.
1118 4081 1261 4178 timonio
1283 4077 1498 4142 corroborati.

354 4284 404 4340 Ps.
424 4297 525 4352 xxxii,
550 4299 577 4340 τ.
603 4283 628 4354 6,
654 4283 721 4340 Vat.
741 4285 783 4354 1o,
797 4285 838 4340 16.
858 4283 989 4356 Uterque
1008 4282 1072 4342 sine
1121 4287 1306 4344 sollicitatis:
1319 4288 1453 4356 Ἄγγελον
1466 4290 1557 4353 γοῦν...
1571 4287 1873 4349 ποριίχετο...κτιοῦέν·

319 4371 464 4427 varietate
487 4376 518 4425 ot
541 4369 595 4424 aub
617 4372 765 4426 constanti
787 4372 923 4444 Origenis
945 4373 1070 4430 nomine.
1121 4393 1166 4441 τες
1181 4381 1205 4429 cl
1218 4375 1335 4444 ἄγγελοι,
1349 4379 1406 4428 εἶτα
1418 4373 1599 4434 τελειωθέντες
1611 4374 1643 4434 τῆ
1656 4385 1684 4420 κ.
1703 4371 1727 4420 ὁ.
1740 4389 1766 4440 μ.
1785 4375 1871 4440 οὓτως

321 4457 379 4512 Sed
391 4455 556 4529 exemplum
568 4456 675 4512 habeto
688 4459 850 4515 rivulorum
861 4459 930 4514 hino
947 4459 1015 4517 inde
1034 4478 1071 4517 ex
1114 4462 1210 4522 ἄξιοι...
1232 4457 1363 4512 cumbae
1375 4457 1519 4514 clausaria:
1531 4460 1567 4520 εἰς
1578 4457 1674 4522 ἀρετὴν
1683 4463 1715 4525 τῇ
1726 4461 1812 4526 άιυρεᾷ
1820 4465 1869 4512 τοῦ

320 4560 378 4597 uno
390 4543 472 4598 fonte
485 4549 597 4598 remoto
608 4543 811 4600 derivantium.
822 4545 901 4600 Pura
913 4553 986 4620 puta
996 4547 1071 4603 ordi-
1115 4545 1348 4612 άγίουΠνεῦματος
1358 4543 1541 4608 ἔχοντεςΒΒ.
1558 4556 1577 4610 1,
1593 4541 1651 4595 186.
1663 4542 1764 4598 Pulrol.
1779 4559 1868 4613 xxix,

319 4629 507 4684 tur-formula
519 4629 718 4700 Melitoniana,
733 4631 807 4687 ίίαυ.
821 4647 882 4705 cap.
897 4647 917 4703 1,
931 4634 956 4703 l,
968 4632 1037 4690 vide
1050 4639 1071 4688 t.
1114 4633 1168 4688 633
1185 4631 1216 4700 Ο,
1238 4631 1273 4685 D.
1297 4661 1330 4671 -
1352 4629 1483 4685 Tandem
1500 4627 1672 4684 Theodorus
1689 4631 1868 4686 Heracleota

322 4729 355 4786 τι,
365 4733 392 4788 p.
407 4716 432 4771 l.
447 4747 480 4756 -
492 4715 606 4772 Oaetera
616 4735 708 4788 usqua
721 4718 759 4774 ad
770 4717 866 4776 locum
877 4721 917 4776 Is.
931 4738 950 4790 1,
963 4722 998 4775 20
1009 4720 1072 4775 fero
1114 4725 1177 4774 tam
1188 4715 1346 4770 Eusebium
1360 4731 1447 4785 quam
1459 4714 1601 4769 Basiliam
1613 4714 1657 4771 ita
1673 4716 1814 4788 recoquit,
1832 4723 1869 4773 ut

321 4802 359 4858 ad
384 4803 506 4860 verbum
529 4806 712 4862 transierunt
727 4807 759 4863 in
773 4809 927 4879 vulgatum
942 4807 1072 4864 Athana·
1116 4804 1224 4860 omissa
1235 4803 1333 4872 aliqua
1344 4801 1497 4871 varietata,
1510 4801 1605 4872 magis
1623 4802 1661 4857 ad
1673 4807 1773 4858 nostra
1785 4818 1867 4857 acca*
1989 4805 1990 4810 ’

318 4891 404 4960 mum,
425 4889 527 4948 Patrai.
550 4909 673 4966 xxxvii,
696 4896 748 4950 164
768 4896 804 4950 D.
825 4925 859 4937 —·
885 4897 959 4951 Tum
975 4895 1074 4968 pergit
1116 4891 1175 4946 dat.
1189 4891 1265 4959 Quid
1277 4889 1366 4944 inde?
1379 4887 1626 4942 Autacommuni
1638 4885 1867 4958 Origenisfonta

320 4978 480 5035 Eusebius:
501 4984 636 5052 ’Δγγὲλιυν
661 4999 752 5054 nsque
774 4983 812 5038 ad
830 4988 985 5050 κτισθέντες,
1008 4990 1084 5039 cum¹
1117 4994 1216 5032 omues
1237 4977 1325 5034 n'vub
1343 4974 1469 5033 derivati
1487 4979 1564 5043 sunt,
1582 4980 1634 5029 aut
1651 4973 1757 5044 aliquis
1775 4973 1866 5029 male-

320 5065 384 5122 sola
401 5066 527 5137 quadam
545 5068 641 5124 otiosa
658 5071 803 5127 varietate
816 5073 972 5140 θημισυργὸς
985 5070 1075 5137 Λόγος
1116 5061 1239 5119 feriatus
1261 5063 1419 5119 scholiasta
1446 5079 1546 5118 omnes
1574 5061 1671 5116 fontes
1698 5059 1865 5133 deduxerit,

322 5156 337 5206 ὁ
347 5154 458 5220 ποιητὴς
470 5159 522 5209 τῶν
534 5157 612 5210 ῦλιυν.
625 5155 728 5213 Pauor.
739 5175 840 5229 xxxn,
852 5159 903 5213 281
916 5157 952 5211 D.
964 5185 997 5195 -
1005 5153 1074 5208 Sua
1118 5151 1314 5222 ementitoqua
1327 5151 1463 5223 Origenis
1472 5148 1597 5218 nomina,
1608 5147 1701 5220 spolia
1713 5146 1863 5205 hincinde

320 5237 399 5294 cadit
421 5237 548 5296 Basilius
571 5243 712 5314 usquein
729 5243 826 5314 finem
847 5243 948 5317 paucis
965 5240 1072 5300 leviter
1117 5236 1260 5293 suffurati»
1273 5237 1440 5294 corroserit:
1454 5237 1532 5310 quod
1544 5235 1609 5307 quis
1619 5233 1795 5290 crediderit?
