3966 6108
204 411 208 420 ·
276 410 340 472 ιτα
446 479 449 486 ,
952 411 1162 498 aaronitas

275 545 483 632 γραφόμενος,
499 546 638 633 άγαθοὺς
660 546 830 634 λογισμοὺς
851 546 953 632 ἑαυτῷ
968 569 1025 612 κα·
1069 549 1124 613 die
1151 549 1296 630 optimos
1325 541 1497 629 rogitatus
1524 543 1670 634 hospitio
1693 559 1824 638 recepit

275 651 436 736 θεκάσπην
451 651 619 737 οἰκοδομεῖ,
643 653 677 716 ἐν
693 652 748 733 οίς,
765 651 857 717 οίονεί
878 650 941 715 άπὸ
963 660 1025 716 των
1070 670 1142 732 suo,
1160 654 1285 734 quibus
1301 656 1398 736 quasi
1414 656 1542 734 gradus
1558 657 1610 721 illl
1621 660 1786 724 sternitur
1799 679 1822 724 a

274 759 393 843 γηίνων
416 753 567 834 άνάόασις
588 754 707 841 γίνεται
721 757 765 832 εἰς
787 757 828 820 τά
843 753 1023 839 ἐπουράνια,
1069 758 1214 820 terrenis
1230 757 1272 821 ad
1290 760 1450 838 ooelestia,
1474 763 1508 822 et
1528 777 1548 822 a
1563 762 1678 841 pravis
1694 764 1736 828 ad
1751 781 1820 826 me-

274 863 329 928 καί
344 862 409 926 άπὸ
423 869 485 927 τῶν
500 859 650 947 χειρόνων
669 861 713 938 εἰς
729 862 769 925 τά
786 859 961 945 κρείττονα.
985 859 1025 925 Εἰ
1069 862 1164 923 liora.
1174 862 1246 926 Nisi
1254 862 1345 925 enim
1354 877 1414 926 nos
1423 865 1513 927 Deus
1525 867 1721 947 susceperit,
1730 869 1817 930 salvi

278 968 322 1053 μὴ
339 968 401 1052 γάρ
416 963 671 1050 ἀντελαμδάνετο
687 963 776 1047 Θεὸς,
793 964 852 1027 οῦκ
862 964 901 1028 ἂν
917 962 1025 1028 διεσίι-
1070 982 1223 1028 essenon
1235 968 1417 1048 potuimus.
1426 969 1498 1031 Nisi
1511 967 1620 1032 faetus
1628 969 1747 1034 fuisset
1759 972 1817 1034 ho·

274 1071 384 1156 θημεν.
407 1068 447 1134 Εἰ
463 1070 506 1154 μὴ
523 1067 652 1153 γέγονεν
668 1066 862 1152 άνθρωποςὸ
884 1064 1024 1152 Μονογε-
1068 1087 1124 1132 mo
1134 1071 1340 1148 Unigenitus
1349 1077 1383 1134 et
1390 1077 1504 1136 noster
1512 1079 1691 1138 vocaretur
1703 1073 1818 1157 irater,

275 1175 332 1258 νης
346 1174 403 1237 καί
425 1170 659 1258 κεχρημάτικεν
681 1169 771 1255 ἡμῶν
795 1169 941 1254 ἀδελφὸς,
965 1171 1024 1236 οῦκ
1068 1171 1133 1236 lilii
1163 1174 1224 1238 Dei
1247 1190 1307 1238 nos
1331 1176 1529 1240 nullatenus
1552 1179 1816 1243 nominaremur.

276 1278 316 1344 ἂν
330 1273 421 1362 ἡμεῖς
444 1273 672 1360 ίυνομάσθημεν
687 1273 746 1338 υἱοί
762 1273 854 1341 Θεοῦ.
871 1273 909 1339 El
930 1275 973 1359 μὴ
989 1273 1024 1338 ά
1068 1277 1140 1340 Nisi
1148 1294 1351 1358 paroarnem
1364 1297 1424 1360 pro
1432 1280 1528 1344 nobis
1537 1287 1690 1346 mortuus
1699 1283 1821 1348 fuisset

274 1379 408 1446 πέθανεν
423 1381 501 1462 ὑπὲρ
512 1378 602 1464 ἡμων
616 1380 701 1442 κατά
715 1378 821 1463 σάρκα
832 1381 887 1442 καί
899 1376 1021 1462 άντόίω,
1068 1397 1108 1442 ae
1124 1380 1306 1462 redivivus,
1324 1400 1511 1464 numquam
1530 1385 1706 1452 hominum
1719 1393 1818 1452 natu-

267 1487 334 1551 ὀῦκ
348 1486 387 1549 άν
401 1482 423 1568 ἡ
439 1482 603 1568 ἀνθρώπου
619 1482 709 1568 φύσις
725 1482 932 1568 άνεμορφὼθη
946 1485 1023 1567 πρὸς
1069 1501 1107 1546 ra
1121 1485 1301 1548 immutata
1315 1485 1437 1551 luisset
1452 1487 1494 1551 ad
1517 1490 1819 1556 immortalitatem.

273 1586 461 1675 ἀφθαρσίαν.
476 1585 642 1672 Μακάριος
664 1588 719 1653 οῦν
733 1587 768 1653 ὲν
782 1596 826 1674 τῷ
842 1586 1024 1672 ἀνθρωπίνῳ
1068 1589 1191 1652 Beatus
1206 1606 1289 1668 ergo
1304 1591 1340 1654 in
1356 1591 1507 1656 humana
1522 1593 1585 1657 hae
1597 1595 1669 1658 vita
1684 1595 1743 1658 ille
1755 1603 1818 1675 est,

273 1694 373 1779 τούτῳ
388 1692 444 1780 βίῳ
459 1695 477 1757 ὸ
492 1700 549 1776 της
564 1693 652 1777 παρά
668 1690 750 1758 Θεοῦ
762 1691 927 1778 τυγχάνων
942 1691 1024 1757 άντι-
1069 1693 1128 1774 qui
1158 1695 1220 1758 Dei
1250 1695 1378 1758 fruitur
1409 1698 1548 1778 auxilio,
1574 1705 1649 1763 tum
1672 1702 1820 1766 maxime

126 1880 132 1891 Ι
272 1797 411 1885 λήψεως,
427 1798 482 1863 καί
504 1796 642 1883 μάλιστα
661 1797 713 1861 ότε
736 1796 905 1884 ἀναβάσεις
919 1799 975 1862 καί
990 1799 1023 1863 ὑ-
1069 1813 1176 1877 quum
1190 1799 1225 1861 in
1236 1801 1335 1863 eorde
1348 1801 1442 1864 illius
1454 1819 1614 1868 aseensus
1628 1803 1718 1868 liunt
1729 1810 1763 1870 et
1777 1805 1821 1870 ad

275 1903 373 1987 ψηλοὶ
388 1902 532 1988 λογισμοί
546 1902 598 1967 ἐπὶ
612 1903 653 1966 τὸι
667 1900 743 1964 teto
755 1900 936 1987 ἀνάγοντες,
952 1901 1024 1966 ἀλλ’
1068 1898 1185 1963 divina
1198 1902 1361 1968 sublimes
1377 1907 1500 1969 mentis
1521 1909 1737 1988 elevationes,
1757 1911 1819 1974 mi·

275 2008 312 2072 οῦ
325 2005 522 2094 χαμαίζηλοι
533 2007 588 2071 καὶ
598 2003 794 2090 καόὴκοντες
808 2006 853 2083 είς
863 2014 927 2071 πάν
941 2007 1024 2084 είδσς
1068 2005 1160 2067 nime
1171 2021 1251 2068 vero
1266 2008 1437 2085 cogitatus
1451 2009 1547 2074 humi
1563 2017 1719 2094 repentes
1730 2021 1764 2078 et
1775 2016 1818 2079 ad

275 2109 430 2198 ἁμαρτίας
446 2111 479 2176 ἐν
494 2119 533 2194 τῇ
546 2108 662 2194 καρδία
673 2109 770 2174 αῦτοῦ
780 2108 927 2194 γίνονται.
1069 2108 1307 2190 quodcumque
1321 2117 1503 2191 vergentes
1517 2117 1647 2196 peooati
1663 2133 1783 2196 genus.

318 2237 351 2280 ν.
375 2217 406 2296 9,
426 2217 476 2280 10.
500 2213 608 2297 Κύριε,
625 2213 643 2278 ό
665 2212 746 2290 Θεὸς
768 2223 829 2283 τῦν
851 2212 1023 2312 δυνάμεων,
1112 2214 1415 2294 salomonior,
1433 2218 1818 2300 neustrianorum

275 2317 464 2383 εἰσάκουσον
478 2325 536 2401 της
551 2325 733 2402 προσευχῆς
748 2337 818 2401 μου,
837 2316 990 2399 ἒνίιτισαι,
1006 2317 1023 2382 ό
1067 2315 1292 2380 <iterationem
1307 2335 1429 2398 meam;
1443 2321 1581 2403 intende,
1600 2325 1698 2390 Deos.
1714 2325 1819 2392 Jacob.

275 2421 355 2499 Θεὸς
381 2419 507 2488 Ἰακίιδ.
535 2418 716 2505 Διάψαλμα.
740 2417 973 2504 Ὑπερασπιστὸι
987 2419 1024 2504 ἡ·
1068 2421 1700 2508 Βάιρσαίιιια.Ρνοῦεοίονιιοσῦσν,αερίοο,
1716 2431 1816 2510 Deos,

275 2533 352 2611 μῶν,
363 2525 421 2610 ἴδε,
438 2526 454 2591 ό
472 2525 561 2608 Θεὸς,
577 2521 816 2608 καίέπίάλεψον
831 2525 883 2591 ἐπὶ
897 2528 934 2591 τό
950 2525 1024 2611 πρό
1069 2529 1100 2590 et
1113 2527 1236 2608 respice
1250 2527 1288 2591 τίι
1296 2525 1425 2609 satiem
1443 2529 1566 2596 tlara·
1580 2532 1639 2596 toi.

276 2650 382 2696 σωαον
396 2639 452 2695 τοῦ
468 2629 608 2714 Χριστοῦ
623 2649 689 2693 σου.

319 2738 418 2815 Οῦτος
439 2739 501 2822 γὸιρ
515 2736 556 2820 ἡν
578 2736 672 2813 αὐτὸς
694 2733 814 2812 ἐκεῖνος
829 2735 847 2798 ὸ
862 2744 918 2800 τοῦ
940 2733 1023 2802 Θεοῦ
1102 2737 1177 2814 Ipse
1189 2737 1281 2798 enim
1289 2740 1341 2799 est
1352 2736 1437 2801 illud
1449 2739 1510 2801 Dei
1518 2739 1680 2820 Verbum,
1690 2741 1747 2804 ille
1760 2743 1819 2822 qui

274 2841 388 2927 Λόγος,
404 2841 420 2906 ό
436 2840 536 2907 πάλαι
550 2842 606 2905 καί
620 2848 664 2926 τῷ
678 2837 795 2904 Ἰακὼό
810 2839 844 2904 ὲν
859 2838 1024 2924 άνόρίιπου
1069 2838 1133 2901 sub
1149 2838 1296 2904 hominis
1308 2839 1415 2903 torma
1427 2842 1508 2905 olim
1524 2843 1652 2909 Jacobo
1664 2844 1759 2908 visus
1771 2849 1824 2908 est

276 2943 418 3031 σχήματι
442 2943 546 3030 ὸφθείς
565 2943 599 3009 ἐν
621 2953 661 3028 τῇ
684 2942 782 3026 πάλη,
799 2945 835 3009 ὸν
857 2943 1025 3010 έπικαλοῦ-
1070 2943 1105 3004 in
1121 2942 1224 3023 lucta,
1247 2960 1350 3024 quam
1370 2945 1478 3009 David
1501 2946 1690 3027 alloquitur
1705 2951 1744 3011 nt
1766 2947 1824 3012 ad·

276 3070 368 3136 μενος
391 3049 408 3113 ό
431 3046 527 3112 Δαυίδ
554 3047 738 3112 ἐπισπεῦσαι
764 3051 823 3134 τὴν
850 3046 1024 3132 παρουσίαν
1069 3052 1243 3111 ventusuo
1251 3053 1417 3129 properet,
1425 3052 1568 3130 supplex
1582 3052 1820 3116 dioenszDeus

274 3155 373 3218 αὐτοῦ
382 3153 514 3219 ἱκετεύει
521 3151 632 3238 λέγων·
641 3151 677 3220 Ὁ
688 3152 768 3230 Θεὸς
780 3163 840 3218 τῶν
853 3153 1024 3238 δυνάμεων,
1069 3151 1248 3230 virtutum,
1265 3154 1356 3216 Deus
1371 3152 1537 3231 maj0rum
1552 3159 1755 3236 nostrorum,
1768 3173 1820 3218 as-

275 3259 292 3323 ό
309 3258 388 3336 Θεὸς
404 3266 466 3324 τῶν
480 3255 641 3343 ἡμετέρων
656 3259 828 3343 προγόνων,
840 3257 888 3321 oe
902 3259 976 3334 τοὺς
990 3259 1024 3324 έν
1070 3257 1144 3337 pice
1164 3275 1236 3338 nos,
1259 3257 1295 3319 in
1311 3258 1400 3320 valle
1415 3259 1566 3338 ploratus
1582 3258 1819 3324 allaborantes.

274 3373 313 3448 τῇ
336 3363 460 3429 κοιλάδι
483 3372 538 3427 τοῦ
561 3361 766 3448 κλαυθμῦνος
788 3360 1025 3447 καταπονουμέ-
1070 3363 1180 3439 Perga
1188 3362 1278 3424 tueri
1290 3378 1360 3441 nos,
1370 3365 1404 3424 et
1413 3363 1564 3440 recogita
1575 3362 1720 3443 vultum,
1728 3363 1763 3425 id
1771 3369 1823 3427 est

274 3489 346 3547 νους
360 3463 958 3554 ἡμᾶςέπίμενονόπερασπίςωνὴμῦν,
970 3468 1025 3531 καί
1070 3466 1361 3546 pulchritudinem
1387 3467 1521 3548 imperii
1541 3469 1648 3532 nostri
1664 3467 1825 3532 Christia-

274 3575 440 3658 φρόντισον
451 3581 507 3637 τοῦ
517 3569 696 3657 προσώπου,
708 3572 808 3655 ἡγουν
819 3578 875 3634 τοῦ
886 3569 1025 3646 κάλλους
1070 3587 1203 3632 norum.
1212 3571 1383 3633 Christum
1396 3572 1487 3634 enim
1500 3572 1571 3634 illio
1582 3573 1747 3652 populum
1758 3572 1818 3650 ait,

273 3684 332 3762 της
345 3660 506 3762 βασὶλείας
527 3673 617 3760 ἡμῶν
632 3681 693 3741 τῦν
716 3673 924 3758 Χριστιανῶν.
949 3673 1025 3760 Χρι-
1071 3674 1130 3754 qui
1147 3677 1288 3738 vocatus
1304 3675 1406 3738 estin
1422 3677 1538 3752 regale
1556 3674 1793 3739 sacerdotium.

274 3783 349 3846 στὸν
364 3782 426 3866 γάρ
445 3779 581 3846 ἐνταῦθα
603 3781 656 3844 τὸν
678 3777 877 3865 κεκλημένον
891 3779 969 3847 λαὸν
981 3780 1025 3858 εἰς

275 3885 433 3972 βασίλειον
448 3885 620 3971 ἱεράτευμα
635 3883 740 3969 φησίν.
971 3951 974 3958 ,

319 4013 351 4057 ν.
371 3995 421 4056 11.
437 3987 510 4056 ’Ότι
528 3986 681 4074 κρείσσων
695 3987 802 4074 ἡμέρα
823 3987 880 4075 μία
901 3989 935 4055 ἐν
957 3990 1026 4067 ταῖς
1114 4003 1145 4048 v.
1163 3987 1214 4049 ll.
1231 3987 1313 4062 Qoie
1324 3987 1438 4052 υιοίίοα
1455 3992 1504 4052 est
1517 3987 1665 4054 dissono
1676 3988 1825 4056 ιἰιαίνίέτ

275 4095 387 4173 αὐλαῖς
398 4117 457 4160 σου
466 4095 544 4179 ὑπὲρ
556 4092 712 4179 χιλιάδας,
722 4091 914 4178 ἐξελεξάμην
925 4114 1025 4178 παρα·
1070 4089 1138 4155 tuis
1152 4107 1249 4170 erepet
1259 4091 1378 4170 millia,
1394 4091 1476 4174 eleqi
1490 4091 1757 4172 succenseam
1767 4093 1820 4157 do-

276 4198 448 4284 ριπτεῖσθαι
471 4198 505 4264 ἐν
527 4199 663 4283 τῷοῐκιρ
686 4205 741 4262 τοῦ
766 4195 849 4263 Θεοῦ
865 4195 1024 4284 μᾶλλονὴ
1069 4211 1119 4257 mo
1140 4194 1214 4272 Dei,
1233 4195 1339 4276 maala
1362 4211 1459 4276 qoam
1481 4195 1626 4260 άῦόίίῦασ
1645 4213 1695 4260 me
1715 4197 1753 4260 itt
1772 4199 1823 4262 la·

275 4305 372 4369 οίκεϊν
387 4324 426 4388 με
440 4303 491 4368 ἐπὶ
506 4301 709 4387 σκηνώμασιν
725 4300 929 4385 ἁμαρτωλῶν.
1069 4296 1474 4378 immarcescentem.

317 4403 448 4493 Ὀμοιον
470 4407 526 4472 οίιν
544 4405 619 4472 ὡσεί
640 4404 745 4490 λέγει·
768 4403 888 4488 Μικρὸς
910 4425 956 4482 τις
971 4407 1025 4470 καὶ
1114 4399 1207 4463 Idem
1223 4398 1292 4463 iere
1307 4419 1346 4464 ao
1362 4403 1391 4465 si
1407 4403 1510 4466 dieat:
1527 4404 1678 4468 Modicus
1692 4404 1820 4485 aliquis

274 4511 405 4596 εῦτελὴς
420 4512 500 4576 είναι
521 4508 642 4595 μᾶλλον
657 4509 697 4572 ὸν
719 4505 891 4593 βουλοίμην
907 4516 968 4573 των
991 4511 1025 4575 ἐν
1070 4509 1104 4567 et
1114 4505 1372 4585 despectusesse
1381 4508 1497 4570 malim
1507 4508 1542 4570 in
1555 4509 1706 4586 eeclesia,
1715 4525 1820 4590 quarn

274 4625 314 4702 τῇ
330 4614 497 4700 ἐκκλησίᾳ,
520 4615 620 4700 ἡτῦν
642 4613 735 4697 ἐντῷ
757 4611 934 4696 άμαρτωλῷ
955 4610 1025 4698 λαῷ
1070 4610 1106 4673 in
1123 4610 1352 4691 improborum
1369 4614 1494 4693 populo
1505 4629 1653 4690 magnus
1666 4613 1821 4690 evadere,

277 4719 386 4807 μέγας,
403 4721 455 4786 ίνα
476 4718 570 4804 ἐντῷ
593 4718 670 4802 σίκιρ
684 4726 741 4781 τοῦ
764 4715 846 4784 Θεοῦ
862 4715 914 4799 ὢν,
932 4715 1026 4782 δῦνον
1070 4717 1110 4778 ut
1124 4719 1218 4779 stans
1233 4715 1269 4778 in
1285 4715 1383 4778 domo
1395 4716 1468 4795 Dei,
1484 4715 1583 4778 illum
1595 4733 1729 4797 semper
1744 4733 1822 4779 oan-

276 4847 332 4911 μαι
347 4825 397 4890 es
421 4825 518 4890 αίνεῖν
541 4819 645 4888 αὐτόν.
662 4815 785 4904 Ὥσπερ
808 4820 863 4885 σῦν
879 4819 937 4905 τὴν
953 4817 1026 4905 μίαν
1070 4823 1142 4882 tare
1165 4819 1308 4883 valeam.
1325 4821 1421 4883 Siout
1443 4836 1526 4898 ergo
1545 4819 1661 4884 melior
1682 4823 1732 4885 est
1753 4817 1822 4884 dies

274 4926 397 5016 ἡμέραν
413 4929 491 5014 ὑπὲρ
506 4929 565 5014 τὴν
579 4925 718 5013 χιλιάδα,
737 4927 819 4990 οῦτω
838 4925 893 4989 καί
916 4927 969 4990 τὸν
983 4925 1026 4989 ol·
1069 4941 1136 4990 ιαια
1150 4943 1248 5008 super
1261 4925 1380 5006 millia,
1400 4926 1449 4989 ita
1463 4926 1566 4990 etiam
1580 4924 1669 5004 elegi
1681 4925 1820 4990 domum

313 5167 340 5208 v.
354 5153 379 5220 9,
394 5151 434 5208 10.
448 5149 523 5206 Ibid.
537 5149 643 5206 Ganos.
656 5163 757 5220 xxxo,
769 5147 812 5206 24.
827 5146 932 5204 lPstr.
946 5163 979 5218 rr,
988 5148 1013 5202 9.
1107 5159 1135 5202 ν.
1151 5143 1192 5200 11.
1206 5141 1250 5201 Id.
1262 5143 1350 5202 Lam.
1364 5149 1395 5201 at
1408 5143 1502 5202 Vatia.
1516 5145 1541 5201 6.
1556 5143 1657 5202 l'iim.
1671 5159 1716 5214 111,
1729 5145 1772 5200 15.
