4044 6104
290 453 354 515 406
972 459 1183 523 ORIGENES

292 592 394 660 σιντθ·
405 592 599 662 Είσίικουσόν
608 617 677 681 μου,
686 596 790 682 ὥσπερ
799 597 842 683 μη
852 594 1039 683 βουλόμενος
1084 597 1215 664 Exaudi
1240 614 1298 679 ate,
1329 603 1367 663 ut
1392 599 1479 663 nolit
1504 601 1578 664 sine
1607 602 1836 667 emolumento

291 697 398 784 ἀμισθὶ
419 700 680 785 εἰσακουοθηναι·
702 703 724 787 ἢ
745 702 800 766 καί
822 701 928 785 ὥσπερ
950 701 1040 777 εἰδὼς
1085 701 1254 782 exaudiri3
1271 703 1325 766 vel
1343 703 1392 766 ita
1414 708 1454 766 ut
1468 705 1571 784 probe
1597 707 1684 770 seiat
1704 714 1738 772 et
1763 725 1837 789 per·

291 801 426 888 ἀκριθτῑις
448 807 503 871 καί
525 805 730 892 πεπεισμένος
752 808 800 871 δτι
821 807 880 871 οὐκ
894 805 934 870 ἂν
956 805 1040 870 εἰσα-
1086 824 1226 870 suasum
1241 824 1277 870 se
1292 806 1425 886 hebeat,
1446 808 1643 874 nullatenus
1656 827 1713 873 eos
1739 827 1837 891 posse

289 907 432 972 κούσειεν
447 908 464 973 δ
480 907 562 985 Θεθς
576 917 638 974 τῶν
653 909 696 992 μὴ
709 907 816 992 ἀγαθὰ
831 909 910 994 ἔργα
925 908 1038 974 έπιδετ-
1085 910 1194 973 aneo
1209 907 1374 986 exaudiri,
1390 909 1458 972 uisi
1479 909 1568 973 bona
1583 927 1685 992 opera
1707 914 1838 993 praesti-

289 1007 440 1094 ξοιμένοιν.
457 1010 587 1097 Ἐπειδὴ
604 1011 639 1075 δέ
655 1011 692 1075 τὸ
707 1011 874 1095 πρόσωπον
885 1021 941 1078 τοῦ
952 1012 1037 1080 Θεοῦ
1083 1013 1196 1077 terint.
1213 1015 1298 1076 'lum
1314 1012 1396 1092 quia
1411 1013 1473 1075 Dei
1488 1014 1605 1077 vultus
1625 1016 1701 1078 luce
1717 1033 1836 1079 oumu·

289 1113 392 1196 φοιτδς
406 1112 506 1200 γέμει,
521 1114 688 1198 πρόσωπον
699 1115 735 1180 δέ
746 1113 830 1182 Θεοῦ
843 1114 865 1200 ἡ
883 1119 1036 1202 εθτργετι-
1081 1117 1182 1195 latur,
1197 1115 1301 1179 faeies
1320 1122 1434 1179 autem
1450 1117 1512 1180 Dei
1528 1121 1580 1180 est
1595 1118 1746 1182 benefica
1760 1137 1836 1201 pro-

289 1218 333 1302 κὴ
349 1219 447 1284 αὐτοῦ
461 1221 517 1283 καί
528 1221 721 1304 προνοητικὴ
736 1218 886 1305 τυγχάνει
897 1220 1036 1305 δύναμις,
1081 1220 1240 1284 videntiae
1269 1221 1390 1299 virtue,
1410 1237 1621 1301 consequens
1644 1226 1751 1286 estut
1775 1223 1837 1304 qui

204 1404 206 1408 ι
287 1321 462 1389 ἀκόλουθόν
492 1321 575 1388 ἐστιν
604 1325 677 1400 τοὺς
706 1320 961 1408 κατηξιωμένους
982 1332 1037 1387 τοῦ
1083 1323 1279 1403 hujusmodi
1302 1326 1437 1388 vultum
1466 1326 1590 1388 intueri
1618 1326 1715 1405 digni
1744 1331 1837 1406 sunt,

287 1426 429 1491 τοιούτου
443 1426 622 1511 προσώπου,
638 1435 700 1492 τῶν
717 1435 774 1492 τοῦ
797 1429 899 1512 ριυτὸς
921 1429 1036 1512 αὐγῶν,
1081 1430 1168 1493 lueis
1190 1427 1263 1508 ejus
1286 1429 1401 1506 radiis,
1423 1430 1521 1493 velut
1547 1431 1652 1494 esole
1682 1431 1838 1493 micanti-

288 1528 395 1614 ὥσπερ
425 1529 481 1614 ἀφ’
505 1529 597 1616 ἡλίου
626 1529 929 1617 καταπεμπομένιυν,
959 1530 1036 1596 ἀπο-
1079 1533 1155 1611 bus,
1170 1531 1337 1595 fruentur.
1366 1531 1507 1607 Quodsi
1540 1532 1627 1596 forte
1649 1534 1692 1596 ab
1718 1534 1836 1615 aliquo

289 1631 406 1699 λούειν.
422 1632 462 1699 Εἰ
476 1633 511 1698 δὲ
527 1633 753 1720 ἀποστρέψειεν
771 1656 848 1700 ποτε
871 1638 906 1700 τὸ
922 1634 1035 1700 ἑαυτοῦ
1078 1636 1169 1699 Deus
1186 1634 1308 1697 faeiem
1325 1638 1467 1713 avertat,
1495 1639 1529 1698 et
1557 1635 1600 1700 ab
1620 1636 1679 1698 illo
1705 1635 1839 1698 auferet

288 1734 457 1820 πρόσωπον
478 1739 518 1802 έκ
530 1758 613 1816 τινος
635 1738 653 1804 θ
676 1737 766 1821 Θεὸς,
782 1740 837 1803 καί
858 1741 894 1803 τὸ
910 1746 976 1823 φῶς
997 1741 1035 1804 έκ
1079 1740 1213 1818 luaem,
1247 1757 1287 1802 ea
1317 1739 1376 1802 ubi
1405 1741 1592 1820 spoliatur,
1623 1741 1659 1803 iu
1685 1739 1836 1816 ealigine

287 1840 401 1907 τούτου
417 1841 604 1927 ἀφαιρεῖται,
629 1844 666 1907 οὔ
688 1843 848 1928 στερηθεὶς
863 1842 980 1928 γίνεται
1001 1842 1035 1908 έν
1081 1843 1204 1905 animae
1228 1841 1302 1922 jam
1333 1841 1421 1906 nihil
1459 1846 1570 1924 potest
1598 1845 1731 1924 operari
1756 1861 1836 1907 aum

288 1943 401 2030 σκοτίᾳ
423 1946 539 2032 ψυχῆς,
556 1946 655 2032 μηδὲν
678 1944 793 2032 μηκέτι
815 1947 986 2032 δυνάμενος
1008 1946 1038 2011 t·
1082 1945 1154 2009 suis
1170 1947 1288 2026 oeulis,
1305 1945 1340 2008 id
1355 1950 1407 2008 est
1421 1963 1500 2008 aum
1529 1948 1652 2011 mentis
1667 1964 1739 2010 suae
1767 1965 1836 2012 me-

289 2057 482 2134 νεργείντοϊς
490 2049 603 2116 ἑαυτοῦ
615 2051 797 2136 ὀφθαλμοῖς,
806 2049 965 2116 τουτέστιν
973 2058 1037 2127 τοῖς
1082 2048 1312 2113 ditationibus.
1340 2050 1398 2112 Sin
1421 2056 1536 2113 eutem
1566 2057 1742 2133 «peecata
1766 2058 1835 2116 tra-

284 2161 342 2238 της
353 2152 491 2231 διανοίας
503 2153 618 2219 ἑαυτοῦ
630 2154 801 2240 λογισμοῖς.
813 2153 852 2218 Et
864 2153 892 2217 δ’
899 2152 1036 2220 έπισπώ-
1082 2153 1201 2216 bentes
1214 2153 1250 2215 in
1262 2151 1343 2217 fune
1357 2155 1493 2233 longo»,
1506 2154 1715 2218 immaneant
1726 2156 1761 2219 in
1772 2174 1836 2220 sua

286 2276 374 2340 μενοι
388 2258 446 2334 τὰς
466 2255 621 2344 ἁμαρτίας
636 2257 678 2335 ὡς
700 2255 828 2342 σχοινίφ
845 2263 958 2342 μακρῷ
973 2257 1038 2322 ἐπι·
1082 2258 1226 2336 melitis,
1243 2258 1334 2320 Deus
1350 2273 1430 2320 vero
1448 2261 1571 2340 pergat
1585 2259 1719 2322 vultum
1733 2277 1836 2322 suum

287 2357 408 2446 μένοιεν
423 2371 462 2447 τῇ
479 2361 599 2427 ἑαυτῶν
613 2359 721 2446 κακίᾳ,
743 2358 883 2446 ἐπιμένοι
899 2355 1039 2426 δὲ’καίδ
1082 2365 1234 2424 avertere
1249 2377 1420 2441 suamque
1441 2361 1713 2440 illustrationem,
1737 2363 1772 2425 in
1787 2367 1837 2425 te-

285 2461 366 2542 Θεθς
382 2463 586 2551 ἀποστρέφων
608 2468 644 2530 τδ
659 2464 772 2530 ἑαυτοῦ
795 2463 962 2550 πρόσωπον
980 2466 1035 2528 καί
1084 2465 1206 2528 nebras
1222 2465 1383 2542 immersi,
1395 2481 1435 2527 ao
1450 2463 1614 2528 diuturne
1626 2465 1663 2528 in
1677 2466 1836 2542 ealagiue

284 2570 339 2634 τὸν
354 2568 468 2634 ἑαυτοῦ
483 2571 652 2656 φωτισμὸν,
665 2579 704 2655 τῇ
717 2567 829 2656 σκοτίᾳ
843 2566 1034 2654 παρατεθὲν
1081 2568 1309 2647 obversantes,
1324 2571 1359 2630 et
1373 2568 1472 2648 qussi
1487 2569 1589 2649 positi
1603 2569 1638 2631 in
1653 2575 1837 2632 eonsuetu-

284 2692 347 2754 τες,
363 2675 418 2738 καί
432 2673 541 2759 πολλῷ
551 2673 655 2759 χρόνῳ
670 2670 923 2758 ἐνδιατρίψαντες
939 2674 1029 2757 ebro,
1076 2673 1155 2736 dine
1170 2673 1347 2750 malorum,
1363 2675 1518 2753 superest
1543 2675 1582 2735 ut
1596 2677 1733 2753 peoosta
1747 2689 1837 2737 oom-

284 2779 340 2842 καί
355 2778 460 2864 ὥσπερ
476 2779 511 2845 ὲν
526 2777 588 2858 έξει
602 2788 712 2843 κακῶν
730 2778 901 2864 γενόμενοι,
918 2775 1033 2842 ἀνίατα
1076 2777 1214 2838 mittunt
1226 2776 1340 2838 sanari
1356 2777 1471 2838 neseis
1486 2780 1521 2838 et
1539 2774 1730 2856 desperata,
1742 2775 1834 2840 unde

285 2878 395 2946 λοιπὸν
409 2883 464 2946 καί
486 2880 686 2966 ἀθεράπευτα
707 2880 975 2966 πλημμελοῦντες,
991 2879 1032 2958 ὡς
1075 2895 1186 2960 neque
1202 2879 1377 2958 evigilare,
1392 2895 1504 2961 neque
1519 2895 1538 2941 e
1554 2895 1671 2943 somno
1686 2897 1831 2958 surgere

288 2982 401 3071 μηκέτι
427 2984 686 3070 διαγρηγορησαι,
719 2983 799 3070 μηδὲ
828 2983 1033 3070 διαναστῆναι
1076 2983 1222 3060 valeant,
1237 2999 1276 3044 aa
1298 2983 1419 3044 merito
1430 2981 1508 3062 jure
1533 2981 1668 3046 dicetur
1687 3001 1743 3047 eos
1768 2985 1828 3065 qui

285 3097 342 3152 τοῦ
358 3090 466 3169 ὕπνου,
488 3089 626 3172 εὐλόγως
645 3090 684 3153 δν
699 3087 851 3173 λεχθεῖεν,
867 3086 909 3164 ὡς
931 3087 971 3152 ἂν
993 3089 1034 3152 τδι
1078 3087 1248 3150 lethaliter
1262 3090 1496 3168 peceaverunt,
1515 3086 1719 3152 dormivisse
1734 3104 1829 3169 sopo

286 3193 365 3276 πρὸς
375 3191 518 3258 θάνατον
529 3191 760 3278 ἡμαρτηκότες,
772 3190 948 3258 ὑπνωκέναι
958 3193 1036 3277 πρὸς
1081 3209 1117 3255 re
1133 3191 1261 3254 mortis.

288 3294 439 3362 θάνατον.
1202 3343 1206 3350 .

893 3509 1063 3587 Paobmea
1087 3506 1216 3588 XIII.

328 3767 359 3811 v.
377 3749 408 3812 2.
425 3745 522 3812 Εἶπεν
538 3748 646 3833 ἄφρων
661 3747 694 3813 έν
707 3746 823 3835 καρδίᾳ
839 3749 947 3812 αὐτοῦ·
963 3745 1032 3813 Οὐκ
1119 3766 1150 3811 v.
1170 3751 1198 3812 l.
1214 3749 1314 3814 De'ea't
1328 3749 1488 3829 ι’τιτιζοιζτατ
1502 3749 1538 3811 itt
1553 3747 1644 3813 corde
1661 3767 1737 3815 eoo:
1755 3751 1829 3816 Noa

282 3851 350 3914 ἔστι
364 3850 454 3928 Θεθς.
470 3849 654 3936 Διέρθειραν
668 3853 724 3916 καί
738 3849 975 3937 έθδελθχθησαν
998 3851 1032 3916 έν
1074 3857 1123 3918 στί
1151 3854 1249 3918 Dan.
1278 3853 1430 3933 empti
1450 3856 1530 3916 aemi
1552 3852 1831 3918 almansweiler

316 4041 366 4096 Pe.
391 4057 459 4107 xm,
479 4057 508 4098 v.
531 4039 556 4110 1,
568 4041 594 4096 θ.
616 4039 712 4098 Vatia.
726 4037 768 4094 13.
790 4038 850 4095 Vix
865 4038 942 4095 aliua
962 4038 1033 4094 iusi·
1077 4039 1831 4115 tergermaniaus,qui0yrensiseommantario,jam

279 4127 367 4198 guior
386 4126 468 4183 loeus
489 4128 547 4184 erit
570 4127 609 4182 ad
630 4124 858 4197 dignoseeudsm
879 4125 1033 4197 utriusque
1078 4126 1250 4183 exeolluvie
1260 4131 1430 4182 catenarum
1439 4125 1582 4198 derivato,
1600 4129 1694 4184 mults
1705 4145 1772 4184 oum
1780 4129 1833 4184 ad·

279 4213 489 4285 eommeutarii,
500 4213 646 4270 brevioris
664 4218 695 4269 et
706 4211 883 4286 prolixioris,
905 4213 1033 4270 verieta-
1076 4209 1160 4267 daret
1177 4211 1290 4268 eahoba
1307 4211 1500 4283 undequaque
1512 4219 1659 4284 oongeste,
1678 4213 1783 4271 inuidit
1800 4214 1832 4271 in

279 4305 341 4355 tem
361 4317 396 4355 ae
416 4299 575 4371 genuinum
598 4299 735 4355 indolem.
757 4297 889 4370 Uterque
912 4317 1033 4372 prorsus
1074 4297 1244 4354 eoueionem
1255 4303 1388 4354 nostram
1401 4315 1523 4370 eamque
1536 4298 1598 4354 suis
1607 4299 1723 4356 lacinus
1735 4306 1831 4356 totam

279 4403 339 4442 non
351 4387 410 4442 uisi
419 4388 498 4461 sepit
509 4388 636 4461 priscam
648 4391 775 4455 etatem,
791 4384 860 4440 dum
876 4384 972 4440 adhem
983 4403 1031 4440 ue·
1076 4382 1210 4454 inseruit,
1223 4401 1317 4457 neque
1331 4402 1384 4440 suo
1402 4384 1587 4441 Theodoreto
1599 4402 1664 4441 eam
1678 4385 1831 4444 viudieere

279 4490 337 4544 que
349 4473 429 4530 idola
440 4491 474 4528 ae
485 4473 610 4545 prossus
619 4471 764 4545 sapientia
773 4469 962 4528 florerent—
970 4469 1031 4528 cs·
1077 4469 1225 4526 dubitans.
1235 4469 1293 4526 Sed
1305 4471 1414 4526 elamet
1425 4470 1489 4544 ipse
1501 4470 1610 4527 ibidem
1619 4471 1831 4543 Theodoram,

278 4566 374 4616 terum
387 4560 458 4617 dum
468 4559 589 4618 brevior
599 4557 827 4615 eommeutarius
839 4556 871 4612 in
882 4557 934 4614 illo
947 4574 1030 4614 axor-
1074 4555 1125 4626 qui
1134 4573 1218 4614 more
1226 4573 1280 4612 suo
1291 4555 1467 4612 seholaetieo
1477 4562 1508 4612 et
1518 4557 1646 4629 strigoso
1652 4558 1747 4614 multa
1754 4575 1830 4632 preu-

192 4633 194 4638 ’
278 4645 329 4702 dio
340 4645 530 4703 eonflrmatur
538 4665 556 4702 s
565 4645 661 4702 tribus
673 4645 741 4702 Vst
753 4645 796 4714 10,
809 4644 851 4714 14,
865 4645 908 4715 16,
920 4649 951 4702 et
960 4644 1030 4700 Gor·
1072 4641 1155 4698 misit
1165 4642 1204 4697 ad
1214 4641 1444 4698 exhauriendum
1456 4643 1706 4711 commentarium,
1719 4661 1773 4700 uae
1784 4645 1829 4701 ni·

278 4730 354 4788 derii
364 4738 478 4804 οαθοιτιτ,
489 4732 642 4804 iureliquo
654 4731 768 4806 psalmo
782 4729 868 4786 ambo
887 4747 1031 4787 oommeu-
1076 4725 1102 4782 si
1119 4727 1218 4802 iuepte
1230 4746 1339 4786 novum
1351 4735 1484 4785 assueret
1495 4729 1670 4804 prooemium
1681 4748 1700 4786 a
1712 4721 1828 4788 eoetefis

278 4816 349 4874 terii
357 4818 388 4874 in
401 4836 492 4874 mum
503 4817 662 4889 confluunt,
671 4823 702 4874 et
713 4815 806 4872 codex
814 4815 967 4873 ntiaeuus
978 4834 1032 4890 per
1075 4815 1293 4872 alienissimum
1317 4816 1346 4872 N
1346 4833 1384 4873 on
1396 4817 1491 4872 solum
1511 4817 1656 4874 Eusebius
1669 4835 1701 4874 ee
1717 4819 1826 4891 prodit,

277 4901 962 4976 totumeditisaobaerat,uisiquodinv.ieodex
971 4903 1029 4960 Eu·
1072 4907 1108 4958 ut
1118 4902 1195 4958 solet
1212 4920 1250 4959 ex
1267 4902 1383 4976 prolixa
1394 4907 1426 4959 at
1445 4903 1477 4958 in
1489 4903 1663 4960 immensum
1684 4915 1828 4978 suspensa

278 4989 361 5046 sabio
370 4991 471 5064 jungit
479 4990 646 5065 Didymunu
659 4988 805 5064 Didymus
818 4989 932 5046 interea
950 4989 1029 5062 apud
1072 4987 1201 5062 periodo,
1213 5005 1273 5045 nou
1285 4989 1380 5046 solnm
1391 4988 1463 5046 dum
1474 4992 1608 5063 eongerit
1619 4991 1765 5048 solemnes
1781 4992 1828 5050 illi

279 5075 390 5134 Maium
402 5079 520 5135 omuino
535 5078 594 5134 alia
606 5077 798 5152 persequitur.
807 5076 849 5131 At
861 5092 919 5132 uon
932 5076 1027 5132 oeeul·
1071 5073 1313 5147 intercapediues,
1322 5093 1357 5131 aa
1368 5075 1472 5148 bisque
1480 5082 1583 5148 terque
1595 5076 1708 5134 πτεάἰεε
1720 5095 1768 5134 ras
1781 5079 1825 5134 in·

278 5162 386 5220 enudus
395 5163 471 5220 elius
479 5164 625 5237 seopnlus.
637 5163 765 5222 Ultimus
775 5161 954 5220 Theodoreti
965 5161 1026 5219 edi-
1070 5161 1196 5234 teraipit,
1207 5178 1267 5219 uou
1279 5162 1374 5220 solum
1383 5161 1453 5219 dum
1462 5163 1592 5220 mmulat
1601 5163 1728 5220 directas
1738 5169 1769 5222 et
1780 5166 1823 5222 iu·
