4006 6090
207 520 217 544 .
276 427 341 490 326
939 423 1150 488 ORIGENES

274 565 351 650 θροί,
367 573 511 649 συνεχεῖς
526 565 717 650 πειρασμοδς
733 559 970 646 ἐπιπέμποντες,
987 563 1024 646 η·
1068 567 1103 624 et
1126 563 1250 626 idcirco
1273 566 1466 629 consolatur
1490 567 1603 630 lsrael.
1624 603 1660 611 —
1679 569 1814 632 Prolon·

272 691 322 735 τοι
350 670 436 734 κατὰ
466 667 616 751 διάνοιαν,
645 669 698 732 διὰ
726 675 788 730 τῶν
810 664 1023 750 λογισμῶν,ἠ
1068 672 1154 744 gant
1188 667 1404 748 iniquitatem
1434 689 1531 734 suam
1563 673 1704 752 inimici,
1736 673 1818 738 dum

277 775 333 838 καὶ
348 775 388 839 ἐκ
401 781 464 839 τῶν
477 772 601 856 ἔξωθεν,
614 771 655 850 ὡς
671 771 722 836 ἐπὶ
733 781 789 835 τοῦ
803 768 884 835 ’loa
899 807 940 820 —-
953 768 1025 835 Ἀν
1068 771 1247 836 continuos
1263 773 1429 851 ingerunt
1447 777 1654 857 venationem
1670 777 1743 841 sive
1757 794 1818 858 per

275 875 356 942 τίδὲ
378 886 434 942 τοῦ
457 874 636 942 ἐτέκταινον
658 873 851 962 ἠροτρίασαν
874 871 1025 952 ἐξέδωκεν
1067 876 1273 940 tentationes
1295 878 1460 944 adversus
1483 885 1643 960 mentem,
1666 883 1738 945 sive
1758 899 1818 962 per

272 981 391 1067 ἕτερος·
403 980 562 1047 τουτέστιν
571 981 733 1065 [άρατρον]
741 977 1024 1064 είχοντίηνέπιόου-
1069 981 1237 1043 exteriora
1259 979 1407 1063 flagella,
1437 989 1476 1047 ut
1491 985 1581 1066 apud
1596 986 1671 1050 Job.
1697 1021 1735 1032 —
1754 985 1817 1050 Sed

159 1089 160 1092 ’
273 1085 335 1171 λὴν
354 1088 413 1171 τὴν
436 1085 516 1171 ἐμὴν
539 1085 610 1168 περί
631 1083 759 1168 Κύριον,
782 1084 887 1167 φησίν,
904 1081 921 1145 δ
937 1079 1023 1165 νική-
1068 1100 1129 1164 pro
1159 1083 1423 1167 fabricaverunt,
1461 1091 1550 1152 alius
1576 1091 1678 1152 vertit
1707 1107 1819 1154 croce-

274 1211 344 1270 σας,
368 1188 469 1254 ἀλλ’ό
485 1189 648 1274 συγκόψας
671 1189 773 1252 abror
789 1188 861 1262 τοὺς
887 1183 1025 1270 αόγένας
1068 1193 1158 1252 ment.
1184 1192 1320 1255 Scilicet
1341 1210 1402 1273 pro
1420 1200 1533 1283 aratro
1556 1195 1682 1258 habent
1704 1197 1739 1259 in
1763 1213 1817 1258 me

275 1293 366 1377 Θεὸς,
384 1291 538 1377 ἐκατέρου
555 1293 805 1378 ἐρμηνεόσαντος
821 1289 861 1375 (ιι)
879 1289 1024 1376 βροχοὺς,
1069 1292 1232 1358 adversus
1256 1296 1439 1359 Dominum
1456 1298 1607 1378 insidiae,
1623 1300 1671 1362 ait
1686 1301 1743 1364 ille
1759 1301 1819 1381 qui

272 1398 431 1465 τουτέστιν
446 1396 624 1478 ἐπιδουλδις,
640 1397 684 1473 ἃς,
694 1395 909 1475 ἐπιδείκνυσιν,
925 1393 1022 1478 άρχο-
1067 1397 1157 1478 vicit,
1182 1399 1284 1462 immo
1307 1401 1365 1482 ριιιΙ
1386 1402 1525 1466 concidit
1545 1404 1682 1468 cortices
1699 1421 1817 1467 eorum

279 1502 375 1589 μένης
389 1511 447 1587 τῆς
469 1501 601 1584 πόλεως,
625 1499 766 1586 φύεσθαι,
790 1498 832 1576 ὡς
848 1500 903 1562 καὶ
917 1507 957 1583 τη
973 1498 1024 1561 ἐκ·
1068 1501 1174 1582 Deus,
1209 1508 1366 1584 utroque·
1390 1505 1575 1586 interprete
1599 1507 1745 1570 habente
1769 1507 1818 1572 lc·

274 1606 394 1693 κλησίηι
409 1607 521 1671 πολλοί
535 1605 608 1670 κατ’
619 1605 722 1692 ἀρχάς
744 1601 921 1668 ἐπετίθεντο
938 1600 1024 1688 βασι·
1068 1621 1173 1685 pecca,
1199 1607 1363 1671 nimirum
1389 1609 1531 1673 insidias
1558 1627 1642 1692 quas
1671 1612 1819 1678 ostendit

277 1713 352 1794 λεϊς,
370 1708 514 1795 αἱρέσεις,
531 1709 635 1795 δῆμοι.
649 1747 690 1758 -
706 1706 956 1791 Παραθαρρύνας
972 1706 1024 1770 διὰ
1068 1712 1166 1790 strui,
1183 1711 1264 1774 dum
1288 1713 1411 1777 civitas
1426 1731 1570 1792 surgere
1587 1716 1761 1797 inciperet,
1777 1716 1820 1778 si·

272 1825 331 1902 τῆς
346 1823 409 1881 τῶν
423 1812 647 1899 προλαόόντων
661 1809 849 1897 διηγήσεως,
865 1822 957 1876 τοῦτο
970 1821 1023 1876 νῦν
1070 1819 1129 1878 συί
1144 1815 1178 1878 et
1200 1818 1360 1880 Ecclesia
1377 1818 1419 1880 ab
1436 1819 1535 1882 initio
1552 1820 1652 1882 multi
1669 1820 1819 1883 insidiati

272 1921 328 1984 καί
351 1919 393 1983 δι’
404 1921 504 2005 tibiis
528 1917 752 2002 ἀπεργάζεται,
771 1919 830 2002 τὴν
852 1926 908 1980 τοῦ
930 1903 1024 1980 πολέὲ
1070 1925 1153 1982 sunt
1183 1921 1414 2002 imperatores,
1446 1923 1600 2002 hareses,
1625 1926 1753 2005 populi.
1779 1961 1818 1970 -

273 2045 335 2110 μου
350 2023 472 2100 δεικνὺς
487 2021 633 2087 ὑπόθεσιν
645 2021 753 2086 ἄδικόν
768 2041 803 2084 τε
817 2021 873 2083 καί
887 2018 939 2084 διά
950 2017 1023 2103 pilt-
1069 2025 1207 2088 Animos
1220 2029 1399 2106 postquam
1411 2026 1540 2091 addidit
1552 2045 1594 2090 ex
1609 2045 1725 2091 rerum
1738 2044 1821 2109 prae-

271 2149 336 2212 νον,
349 2129 395 2205 οῖς
407 2127 554 2213 ἁρμόττει
569 2127 605 2189 τὸ
620 2123 891 2209 αίσχυντόθωσαν,
909 2124 976 2208 άμα
988 2123 1023 2187 δὲ
1068 2128 1247 2191 teritorum
1260 2128 1412 2209 historia,
1423 2129 1512 2192 idem
1525 2149 1617 2195 nuno
1631 2149 1693 2212 per
1703 2137 1821 2196 votum

270 2235 326 2298 καί
341 2233 393 2297 διὰ
414 2240 471 2295 τοῦ
491 2228 608 2315 χόρτου
622 2229 684 2292 τῶν
699 2225 861 2312 δωμάτων,
878 2227 937 2310 τὴν
960 2235 1023 2292 τῶν
1069 2229 1182 2310 efficit,
1196 2233 1356 2298 evincens
1369 2232 1451 2297 belli
1467 2239 1673 2315 praetextum
1686 2253 1759 2298 esse
1772 2236 1822 2299 in-

271 2334 419 2401 έναντίων
449 2332 608 2399 εὐτέλειαν
634 2333 751 2397 καὶτὸ
776 2330 1022 2396 είικατάπτωτον
1064 2334 1198 2415 iustum
1215 2341 1250 2399 et
1265 2337 1395 2400 invidia
1406 2337 1602 2419 conflatum,
1616 2340 1820 2420 quibuscum

272 2439 324 2506 διά
339 2461 374 2506 τε
396 2448 452 2504 τοῦ
467 2436 566 2502 τόπου
588 2438 644 2501 καί
659 2445 715 2500 τοῦ
738 2435 851 2520 φύντος
870 2433 905 2500 ἐν
920 2435 1024 2518 αὐτῷ·
1068 2440 1298 2504 aocommodat
1306 2442 1392 2505 illud
1400 2443 1655 2526 confundentur,
1666 2463 1706 2508 ac
1717 2446 1820 2509 simul

271 2543 304 2607 αἱ
318 2543 382 2628 γάρ
402 2541 511 2627 ἔφοδοι
532 2547 594 2606 τῶν
620 2539 780 2625 πολεμίων
801 2547 953 2620 τοιαῦται,
979 2537 1021 2622 μὴ
1068 2543 1214 2607 adducto
1231 2546 1266 2608 in
1279 2549 1472 2629 exemplum
1485 2547 1561 2611 leno
1572 2552 1752 2628 tectorum,
1768 2551 1820 2612 lu·

274 2647 365 2733 ρίςαν
380 2649 521 2733 ἔχουσαι,
548 2647 591 2731 μὴ
609 2645 791 2726 ὑπόστασιν,
815 2641 899 2706 άλλά
914 2641 1024 2705 δοκοῦ·
1068 2645 1197 2711 bricam
1214 2649 1485 2714 adversariorum
1501 2655 1758 2733 prosperitatem
1771 2669 1821 2716 os

275 2773 328 2817 σαι
343 2753 420 2836 πρὸς
435 2749 542 2836 ὀλίγον
557 2749 671 2816 ἀνθεῖν.
687 2785 730 2798 -
747 2747 858 2814 Ταῦτα
872 2746 913 2809 τὰ
929 2744 1024 2829 δράγ-
1068 2752 1177 2814 tendit
1184 2751 1258 2814 turb
1273 2771 1314 2816 ex
1328 2756 1411 2834 loco,
1423 2758 1496 2817 tum
1509 2761 1645 2837 propter
1652 2762 1772 2820 natum
1784 2757 1821 2820 in

272 2876 358 2942 ματα
376 2857 438 2922 τῶν
449 2853 595 2934 ζιζανίων
610 2853 703 2935 ἐστίν,
716 2852 771 2915 καὶ
786 2851 822 2914 οὐ
838 2849 956 2932 πληροῖ
969 2849 1023 2912 τὸν
1069 2874 1109 2919 eo
1128 2875 1271 2936 gramen
1294 2855 1471 2924 caducum.
1488 2864 1645 2926 Hostium
1661 2845 1753 2926 enir'n
1777 2865 1820 2927 ir-

269 2971 359 3028 νοῠν·
377 2963 414 3025 οὺ
428 2961 491 3046 γάρ
507 2959 591 3024 ἐστιν
606 2957 644 3022 ἐκ
659 2966 715 3021 τοῦ
730 2953 953 3040 πληρώματος,
965 2961 1021 3016 τοῦ
1068 2962 1252 3042 ruptiones‚
1283 2963 1400 3028 radice
1430 2966 1534 3028 simul
1564 2971 1599 3029 et
1627 2967 1818 3030 substantia

269 3067 310 3128 τά
325 3065 430 3130 πάντα
444 3065 479 3129 ἐν
501 3072 580 3128 πάσι
594 3059 821 3145 πληρουμένου·
837 3057 946 3141 διόπερ
968 3057 1023 3120 καὶ
1068 3067 1249 3148 destitute,
1277 3067 1397 3132 florere
1423 3071 1483 3132 vix
1510 3069 1641 3134 modico
1667 3075 1817 3152 tempore

271 3169 300 3234 cl
323 3171 416 3253 ἅγιοι,
440 3169 494 3245 οὓς
509 3165 712 3251 παράγοντος
735 3164 803 3227 εἶπε
825 3164 881 3226 τὸν
903 3161 1022 3246 κόσμον
1067 3170 1235 3235 videntur.
1255 3208 1293 3219 -
1310 3173 1477 3254 Μοαίρυίό
1500 3174 1551 3238 illi
1571 3178 1652 3237 sunt
1674 3175 1817 3237 zizanio-

204 3309 206 3314 ·
269 3284 391 3354 τοῦτον,
407 3274 466 3337 οὐκ
488 3270 663 3356 εὐλογοῦσι,
679 3271 719 3334 τά
733 3267 902 3352 δράγματα
916 3274 1018 3329 τοῦτο
1068 3293 1155 3354 rum,
1172 3295 1247 3358 quae
1269 3279 1422 3340 animum
1446 3295 1514 3341 non
1538 3279 1690 3359 implent,
1709 3296 1815 3359 quum

270 3377 468 3462 συνάγοντες.
484 3375 578 3440 Ἔστι
589 3376 643 3439 καί
659 3373 826 3458 δράγματα
837 3369 953 3448 κακίας
966 3373 1022 3435 καί
1068 3395 1135 3440 non
1151 3380 1221 3443 sint
1236 3399 1278 3444 en
1290 3382 1353 3444 hac
1365 3381 1578 3463 plenitudine
1591 3381 1665 3462 ejus
1677 3383 1737 3464 qui
1749 3400 1818 3445 orn·

270 3481 438 3568 άγνωσίας.
463 3521 504 3534 -
526 3478 627 3547 Ὅταν
651 3480 685 3544 δὲ
708 3480 831 3565 ἐμφυὴς
854 3477 943 3562 ψυχὴ
966 3478 1021 3541 καί
1068 3483 1126 3545 nia
1141 3485 1178 3547 in
1201 3486 1358 3549 omnibus
1382 3488 1544 3549 cumulat.
1563 3485 1693 3549 Idcirco
1717 3488 1820 3549 etiarn

270 3588 399 3673 δύναμις
420 3584 527 3651 τελεία
550 3584 704 3671 ματαίαή
721 3583 775 3647 καί
798 3579 899 3666 ψευδῆ
924 3577 1022 3664 μαθή-
1068 3588 1176 3650 sancti
1191 3604 1276 3668 quos
1299 3591 1349 3652 ait
1363 3608 1419 3654 eos
1443 3569 1515 3653 esse
1531 3591 1589 3671 ριιό
1605 3589 1819 3670 preteribant

271 3713 367 3779 ματα,
382 3693 567 3756 τὰτοιαῦτα
582 3689 697 3776 χόρτος
711 3687 778 3751 ἐστί
794 3684 956 3770 δωμάτων.
1067 3707 1128 3770 per
1138 3690 1230 3756 huno
1242 3695 1418 3773 mundum,
1431 3712 1499 3757 non
1508 3693 1726 3775 benedicunt,
1735 3696 1818 3759 dum

1068 3795 1330 3878 boemanipulos
1346 3799 1524 3877 colligunt.
1536 3802 1624 3862 Sunt
1636 3799 1738 3861 etiam
1750 3815 1821 3860 ma-

307 3880 349 3952 (a)
369 3880 500 3936 obscuro
518 3884 549 3978 el
566 3882 704 3950 compto
722 3877 787 3930 ¹⁰⁰⁰
804 3879 839 3929 ut
858 3873 929 3945 quid
946 3872 1021 3928 ¹¹¹⁰ss
1067 3900 1177 3980 nipuli
1194 3902 1354 3982 nequitia
1366 3909 1400 3966 et
1414 3905 1628 3980 ignorantia.
1650 3938 1688 3948 -
1708 3905 1818 3978 Quan-

270 3984 337 4022 cum
348 3966 464 4022 medela
481 3965 664 4034 “⁶¹¹¹me
677 3964 762 4035 plura
774 3964 1021 4033 nocarepraestat:
1068 4003 1110 4066 do
1125 4009 1239 4066 eutem
1255 4007 1369 4069 anima
1392 4007 1545 4085 ingenua
1561 4012 1595 4070 et
1615 4007 1725 4070 virtus
1746 4024 1820 4088 per-

270 4051 608 4123 l⁰InVatiablegitur
617 4055 697 4118 ἔργον
709 4055 791 4115 εῐχον,
802 4051 833 4102 et
843 4051 946 4118 postea
959 4049 1023 4099 ἐκά-
1314 4111 1320 4124 .
1747 4111 1753 4124 ι

268 4155 346 4206 cepoe
365 4141 568 4207 ςρμψςςσαηςα,
586 4137 617 4192 2„
633 4136 751 4191 Pronus
769 4131 914 4188 adductus
932 4131 1022 4186 inter·
1068 4106 1156 4170 fecta
1167 4115 1348 4188 evanescit,
1362 4115 1396 4173 et
1411 4111 1506 4174 falsae
1516 4112 1634 4174 insunt
1650 4110 1821 4192 doctrinae,

269 4239 346 4296 prae,
359 4223 467 4295 Aquila
480 4227 534 4292 aet,
547 4221 595 4277 oui
606 4219 748 4274 tribuitur
759 4221 925 4286 ἠροτρίοισιν,
935 4217 1023 4288 juxta
1067 4213 1151 4276 talia
1165 4212 1282 4275 fenum
1297 4218 1378 4277 suni
1393 4218 1571 4279 tectorum.

270 4309 454 4366 hebraicum:
468 4309 503 4365 ίιι
513 4309 595 4364 dorso
604 4323 662 4371 meo
672 4309 832 4362 araverunt
841 4309 953 4369 aratro,
964 4318 1022 4373 quo

269 4397 362 4452 aratri
375 4402 405 4454 et
422 4395 547 4469 plaustri
565 4392 708 4468 supplicio
725 4389 848 4446 contriti
864 4388 1022 4462 aliquando
1067 4384 1179 4441 habent
1195 4387 1308 4458 ίαριιευι
1326 4392 1395 4444 eunt
1413 4386 1492 4444 idem
1509 4388 1618 4460 Aquila
1635 4392 1666 4444 et
1689 4387 1822 4462 Symma-

270 4481 373 4540 hoetes
391 4482 463 4540 violi
480 4481 657 4539 referuntur.
676 4479 761 4538 Unde
779 4478 866 4532 Isaiae
885 4493 958 4547 xxv,
973 4477 1022 4531 10:
1067 4473 1148 4545 chus,
1161 4477 1196 4528 ut
1206 4473 1285 4547 apud
1297 4474 1390 4530 Field.
1405 4492 1437 4546 ιι,
1449 4477 1510 4532 286.
1530 4475 1643 4545 Quibus
1658 4475 1822 4550 perpensis,

269 4568 470 4626 Triturabitur
481 4567 569 4625 Moab
582 4567 636 4623 snb
650 4583 685 4622 eo
698 4565 775 4621 sicut
787 4563 923 4620 feruntur
932 4563 1022 4636 palea
1066 4559 1205 4615 attendut
1216 4561 1316 4632 lector,
1330 4559 1356 4617 si
1374 4561 1467 4619 ardua
1479 4563 1622 4620 eorrectio
1640 4567 1743 4620 nostra
1754 4580 1819 4618 aco·

269 4658 300 4712 in
308 4659 445 4730 plaustro.
458 4655 489 4712 δ”
501 4656 568 4713 Duo
581 4653 759 4730 posteriores
771 4651 956 4724 interpretas,
970 4647 1021 4720 qui
1067 4665 1138 4721 pum
1150 4647 1293 4720 attigerit.
