3966 6108
836 472 1045 536 EUSEBIUS
1661 477 1724 540 485

217 631 249 675 v.
267 614 318 693 19,
331 613 383 675 20.
399 607 557 694 Γραφητω
574 611 654 695 αύιη
671 611 715 688 εἰς
731 610 844 697 γενεὰν
859 609 924 675 έτέ-
1011 632 1041 674 v.
1060 615 1109 690 19,
1133 614 1185 676 20.
1202 612 1373 678 Smtbutor
1390 615 1452 678 illo
1467 616 1503 678 io
1515 619 1722 698 ρεηοναίἰοωα

172 733 242 797 ραν,
257 716 312 778 καί
327 713 405 791 λαός
418 712 436 778 ὁ
459 711 642 799 κτιζύμενος
658 711 776 778 αἰνέσει
790 714 843 778 τδν
859 711 924 777 Κύ-
968 717 1086 796 utura,
1104 721 1135 782 et
1142 715 1286 798 populos
1303 705 1362 798 qui
1376 717 1549 808 creabitur,
1577 717 1726 785 ἰαιιιίαύίἰ

154 837 250 901 .ριον,
266 818 313 882 δτι
327 814 478 900 ἐξέκυψεν
493 815 527 894 ἐξ
542 816 641 900 ὕψους
656 814 749 902 ἁγίου
767 816 874 881 αὐτοῦ.
969 821 1152 901 Dominum,
1165 822 1244 902 quio
1252 820 1471 902 prosperitas
1481 824 1604 890 εεοείεο
1615 829 1724 891 sancto

968 940 1036 988 suo.

219 1025 320 1110 Αύιη,
337 1026 443 1111 φησὶν,
455 1022 478 1108 ἡ
491 1024 543 1089 διδι
557 1033 613 1089 τού
629 1023 757 1110 ψαλμού
773 1025 878 1112 ὥσπερ
889 1026 924 1092 ἐν
1012 1027 1093 1107 lito,
1112 1029 1234 1109 inquit,
1249 1031 1384 1110 sculpto
1396 1033 1494 1112 quasi
1508 1031 1543 1096 in
1555 1033 1725 1112 columns,

172 1128 275 1214 στήλη
298 1129 476 1215 πυπωθεῑσα
498 1133 662 1216 προσευχὴ
686 1128 777 1214 καὶὴ
800 1152 923 1217 προφη-
968 1131 1073 1213 hujus
1099 1134 1353 1214 psalmioratio
1380 1152 1419 1198 oo
1441 1137 1628 1218 prophetia,
1652 1139 1724 1200 sive

172 1233 251 1318 τεία,
274 1236 333 1320 ἤτε
355 1232 531 1321 ἐπαγγελία
554 1237 624 1320 περὶ
650 1243 712 1302 τῶν
734 1236 841 1319 ἐθνῶν,
869 1246 923 1302 νῦν
968 1237 1144 1316 promissio
1153 1237 1375 1318 degentibus,
1388 1257 1480 1303 nuno
1492 1241 1629 1321 quidem
1642 1241 1724 1304 dioi-

172 1339 229 1425 μὲν
244 1337 372 1424 λέγεται
387 1348 427 1424 τη
442 1339 587 1424 παρούσῃ
603 1347 708 1424 γενεᾷ,
724 1341 779 1405 ιιαί
794 1341 838 1418 εἰς
853 1339 923 1420 ete·
967 1343 1025 1403 tur
1040 1341 1170 1403 viventi
1193 1342 1419 1421 generationi,
1436 1349 1470 1406 et
1491 1344 1627 1408 canitur
1642 1348 1681 1406 ut
1703 1361 1724 1406 a

169 1465 305 1511 κουστον
327 1453 384 1509 τοῦ
405 1453 468 1509 τῶν
481 1443 643 1510 Ἰουδαίων
665 1443 773 1522 ἔθνους
796 1445 923 1530 ᾄδεται·
966 1443 1161 1509 Judaeorum
1174 1450 1277 1523 gente
1293 1446 1463 1509 audiatur.
1479 1449 1723 1511 Verumtamen

172 1551 257 1636 δμῶς
271 1551 299 1615 δ’
312 1551 367 1615 ούν
386 1557 495 1635 γραφῇ
518 1546 731 1633 παραδοθήτω
754 1549 798 1626 εἰς
817 1551 853 1613 τὸ
868 1569 924 1632 oo
966 1549 1144 1630 seripturae
1156 1549 1345 1628 mandetur,
1363 1554 1402 1612 ut
1417 1567 1457 1613 es
1472 1567 1548 1631 quae
1560 1552 1723 1617 vaticinio

169 1654 342 1721 λάττεσθαι
364 1654 406 1718 r&
427 1651 621 1718 δεσπιθέντα
642 1662 682 1739 τῇ
703 1651 796 1739 ἑτέρᾳ
817 1661 921 1739 γενεᾷ.
966 1653 1127 1733 praedioto
1141 1658 1231 1733 sunt,
1255 1652 1380 1717 iuturae
1407 1653 1596 1735 posteritati
1619 1672 1726 1720 reser-

168 1757 350 1845 Διαρρηδην
365 1759 400 1824 δὲ
415 1759 470 1822 καὶ
483 1759 516 1823 έν
530 1757 652 1836 τούτοις
665 1759 738 1836 τοὺς
753 1756 825 1822 καθ’
837 1755 922 1843 ἡμᾶς
966 1762 1100 1821 ventur.
1123 1759 1257 1822 Diserte
1273 1749 1390 1822 autern
1407 1759 1443 1822 in
1466 1757 1520 1821 his
1540 1759 1644 1822 etiarn
1667 1776 1725 1822 no-

169 1863 316 1951 αημαίνει
328 1863 471 1950 χρόνους.
481 1859 644 1946 Ἐπιλέγει
654 1871 750 1946 γοῦν·
765 1859 832 1925 Καὶ
843 1861 920 1938 λαὸς
964 1867 1035 1925 stre
1046 1865 1199 1942 temporo
1213 1859 1401 1940 significat.
1421 1860 1524 1924 Addit
1539 1861 1664 1939 igitur:
1680 1863 1727 1926 ut

168 1965 384 2052 ύκτιζύμενος
401 1963 518 2030 αἰνέσει
532 1968 587 2030 τδν
598 1963 726 2047 Κύριον,
742 1965 760 2028 δ
776 1965 831 2028 καί
842 1963 920 2029 αὐτὸ
957 1965 1170 2047 populusque·
1183 1964 1362 2045 creabitur,
1378 1963 1525 2030 laudabit
1535 1965 1721 2045 Dominum,

170 2068 365 2156 θαυμαστῶς
386 2065 745 2154 προαναπερανημένον,
761 2065 870 2146 τέλους
884 2069 921 2154 η·
966 2069 999 2132 id
1023 2086 1157 2153 quoque
1181 2071 1305 2150 ipsum,
1321 2067 1414 2131 houd
1432 2070 1507 2132 sine
1518 2074 1669 2151 stupore,
1688 2070 1724 2133 in

168 2172 275 2254 ξίωται
292 2174 372 2260 μετὰ
387 2176 446 2260 τὴν
468 2180 524 2238 τοῦ
540 2179 681 2258 σωτῆρος
699 2171 790 2258 ἡμῶν
808 2171 920 2257 έπιφά-
965 2179 1179 2238 antecessum
1193 2176 1456 2255 proclamatum,
1468 2172 1572 2238 finem
1587 2175 1724 2256 assequi

168 2298 264 2360 νιιαν,
280 2277 332 2343 διὰ
353 2286 410 2342 τού
431 2275 466 2356 ἐξ
489 2275 584 2343 ἰθνῶν
606 2276 687 2341 λαοῦ
708 2280 765 2343 καί
786 2285 846 2361 της
868 2286 921 2343 νῦν
965 2279 1123 2358 obtinuit,
1145 2282 1222 2359 post
1243 2279 1430 2362 salvatoris
1455 2279 1564 2342 nostri
1587 2277 1724 2360 epipho-

169 2379 414 2468 πολιτευομένης
429 2389 551 2466 γενεᾶς.
575 2378 843 2466 Συγκαταβαίνων
859 2380 922 2466 γὰρ
965 2383 1069 2462 nium,
1088 2383 1124 2446 in
1146 2382 1271 2463 populo
1293 2399 1336 2445 ex
1361 2381 1523 2460 gentibus
1554 2383 1723 2464 acquisito

168 2486 244 2572 ἡμῖν
265 2485 299 2551 ἐν
321 2494 367 2571 τῷ
389 2484 504 2551 δούλου
524 2486 650 2571 μορφὴν
672 2483 845 2570 εἰληφέναι,
865 2486 921 2550 καί
965 2491 1001 2550 et
1025 2488 1061 2551 in
1083 2487 1305 2566 generatione
1331 2502 1408 2566 quse
1432 2487 1481 2549 ito
1503 2503 1595 2552 nuno
1618 2487 1716 2550 vivit.

169 2589 263 2677 μέχρι
285 2589 428 2656 θανάτου
453 2590 608 2674 ἔφθασεν·
629 2586 781 2674 ἐξέκυψεν
802 2590 866 2674 γὰρ
887 2587 921 2667 ἐξ
964 2592 1232 2672 Delapsusenim
1255 2591 1297 2654 od
1316 2607 1377 2654 nos
1400 2595 1441 2653 ut
1463 2590 1606 2655 formum
1628 2592 1720 2655 servi

168 2696 266 2780 ύψους
281 2693 372 2780 ἁγίου
388 2695 494 2776 αὐτοῦ,
508 2694 582 2759 ούδέ
597 2703 653 2758 τοῦ
665 2694 764 2779 ἅγιος,
781 2692 921 2758 οὐδὲτοῦ
967 2695 1145 2776 occineret',
1157 2695 1260 2758 etiem
1275 2695 1438 2774 prooessit
1453 2711 1562 2775 usque
1579 2693 1621 2756 ad
1634 2710 1721 2758 mor·

168 2798 290 2887 ύψηλύς
304 2800 385 2866 εἰναι
399 2800 611 2887 παυσάμενος.
920 2783 924 2788 ’
968 2804 1037 2863 tem
1048 2823 1054 2863 :
1063 2800 1236 2880 μνοεροαίἰ
1245 2799 1332 2864 euim
1342 2798 1380 2863 de
1390 2798 1511 2864 οωοεῑιο
1525 2805 1635 2866 sancto
1649 2817 1717 2878 orto,

969 2904 1053 2984 quin
1071 2909 1186 2967 tomen
1209 2921 1320 2984 neque
1344 2919 1416 2966 esse
1439 2908 1587 2984 sanetus,
1611 2920 1721 2985 neque

968 3011 1059 3072 altus
1074 3007 1252 3072 desineret.

204 3248 232 3287 ν.
248 3232 289 3302 19,
300 3231 344 3286 20.
363 3229 437 3286 ibid.
457 3229 578 3286 Initium
597 3231 675 3303 apud
693 3230 865 3287 Gorderiom
882 3230 1048 3302 Apolinarii
1066 3231 1184 3286 nomine
1201 3230 1373 3302 praefigitur.

805 3518 975 3594 Psutmuo
1003 3514 1098 3593 (ΙΙΙ.

215 3881 246 3925 v.
266 3863 315 3926 li.
336 3859 374 3926 ‘O
396 3859 432 3924 δὲ
453 3858 542 3938 ἔλεος
562 3867 618 3923 τού
639 3854 759 3943 Κυρίου
781 3856 845 3922 ἀπὸ
860 3867 917 3921 τού
1007 3878 1039 3921 ν.
1055 3860 1104 3922 17.
1119 3859 1348 3924 Misericordia
1364 3866 1475 3926 autem
1491 3863 1624 3927 Domini
1637 3878 1724 3928 oso·

170 3966 281 4044 αἰύνος
302 3966 356 4030 καὶ
372 3966 431 4044 έως
446 3975 501 4030 τοῦ
517 3965 629 4041 αἰῶνος
651 3962 702 4028 ἐπὶ
716 3964 788 4040 τοὺς
804 3959 919 4047 φούου-
964 3962 1035 4028 crdo
1046 3979 1147 4045 usque
1157 3963 1196 4026 io
1204 3963 1359 4029 scutulum
1369 3979 1468 4046 stupor
1481 3965 1719 4045 tumescunt,

171 4067 282 4155 μένους
298 4070 402 4150 αὐτὸν,
426 4069 481 4133 καί
501 4066 524 4152 ἡ
547 4065 731 4150 δικαιοσύνη
755 4066 851 4130 αὐτοῦ
867 4064 921 4129 eo
964 4068 996 4129 et
1007 4066 1147 4147 justitio
1161 4066 1306 4134 oliveio
1313 4067 1412 4149 filios
1423 4068 1589 4151 filiorum.

166 4175 241 4250 τοὺς
255 4172 341 4249 υἰούς
355 4181 417 4237 τῶν
431 4171 515 4237 υἱῶν.
538 4174 636 4239 Votis.
654 4173 729 4251 689,
745 4172 776 4234 2.

210 4277 312 4343 Τοῦτο
325 4287 402 4364 γοῦν
418 4276 436 4342 ὁ
451 4275 548 4362 λύγος
563 4275 616 4340 διὰ
629 4271 788 4351 Μωυσέως
804 4271 919 4338 αἰπύν·
1008 4275 1046 4338 Id
1059 4276 1170 4356 ipsum
1184 4278 1236 4338 est
1250 4276 1341 4356 quod
1351 4293 1412 4357 per
1424 4277 1572 4358 Moysem
1589 4277 1719 4340 dietum

166 4380 221 4467 Μὴ
237 4381 328 4466 εἰπης
342 4381 394 4446 διὰ
408 4381 465 4458 τὰς
485 4379 685 4456 δικαιοσύνας
702 4398 761 4464 μου
776 4375 918 4456 ἐξελέξω·
963 4383 1030 4441 eet:
1051 4399 1067 4439 ι
1084 4379 1133 4443 Ne
1148 4379 1258 4442 dicos:
1281 4382 1423 4461 Propter
1444 4377 1597 4460 justitias
1624 4397 1718 4444 meos

165 4483 202 4550 τύ
219 4505 258 4571 με
279 4483 407 4570 Κύριος,
424 4485 477 4567 (σύ
491 4483 554 4568 γὰρ
571 4483 601 4556 εἰ
620 4481 698 4560 λαδς
721 4479 917 4566 σκληροτρύι·
961 4483 1069 4562 elegit
1083 4500 1137 4547 me
1153 4484 1328 4565 Dominus,
1351 4489 1390 4548 tu
1406 4486 1546 4549 enimes
1568 4487 1716 4568 populus

38 4631 43 4642 ·
165 4588 281 4674 Χηλος)
297 4587 382 4654 ἀλλὰ
404 4587 455 4652 διὰ
473 4589 510 4652 τδ
533 4586 660 4671 ἀγαπᾶν
683 4587 756 4663 τούς
779 4583 918 4670 πατέρας
962 4587 1056 4650 durae
1089 4588 1241 4668 cervicis,
1264 4587 1324 4652 sed
1354 4589 1437 4670 quio
1466 4589 1587 4652 dilexit
1605 4593 1719 4670 putres

165 4714 232 4759 σου.
248 4691 385 4779 Νοήσεις
401 4691 505 4757 δὲκαὶ
521 4691 626 4769 ἄλλως
642 4690 729 4769 υἱούς
742 4699 804 4755 τῶν
819 4689 918 4754 δικαί-
962 4698 1078 4757 tuos.»
1097 4693 1237 4756 Noveris
1253 4694 1356 4756 etiam
1372 4694 1407 4756 in
1427 4693 1494 4756 olio
1510 4711 1614 4756 sensu
1629 4691 1718 4756 filios

163 4818 206 4863 ων
222 4795 353 4882 ἀνδρῶν,
364 4797 482 4863 τούτων
498 4797 599 4882 ἔργων
614 4795 719 4863 αὐτῶν
734 4793 891 4880 ζηλωτάς.
957 4797 1138 4877 J'ustorum
1157 4796 1336 4860 hominum
1353 4814 1410 4861 eos
1434 4813 1517 4876 esse,
1540 4797 1600 4879 qui
1623 4814 1725 4879 opero

961 4903 1099 4965 illorum
1117 4900 1305 4963 imitantur.

199 5125 248 5180 Ps.
263 5139 314 5194 err,
332 5141 360 5180 ν.
378 5123 419 5179 17.
438 5123 532 5180 Vettio.
551 5123 593 5178 lo.
610 5121 647 5178 oi.
664 5123 785 5177 Denter.
801 5139 842 5193 rx,
858 5121 915 5176 4·6.
960 5121 1028 5190 tuit,
1045 5125 1080 5176 ut
1091 5135 1157 5192 quse
1170 5120 1280 5194 partim
1299 5127 1457 5176 occurrunt
1474 5121 1505 5177 in
1518 5121 1585 5177 odd.
1598 5125 1630 5178 et
1646 5122 1720 5178 inte-

166 5211 267 5268 Multo
286 5211 371 5284 plura
389 5209 617 5284 promittuntur,
635 5225 699 5280 quae
717 5208 814 5265 omitti
833 5225 916 5282 opor·
964 5225 1018 5280 gre
1028 5207 1156 5281 Didymo
1169 5207 1247 5281 apud
1259 5206 1431 5264 Gorderium
1441 5215 1471 5263 ot
1483 5208 1594 5267 Maium
1604 5207 1719 5264 dentur.
