4020 6098
768 451 811 512 IN
834 446 1021 512 PSALMOS
1618 447 1679 510 221

139 592 194 657 λιιι
214 591 428 677 γινώσκουσιν,
444 592 494 670 οιῐς
516 588 695 657 ἐντέλλεται
714 590 758 675 μή
775 584 889 674 βρέξαι
931 586 1048 666 nubes,
1065 587 1189 667 quibus
1212 590 1409 672 precipitur
1424 609 1466 654 ue
1489 593 1609 673 pluant
1623 610 1679 656 su-

140 699 193 763 ἐπῑ
207 700 280 775 τοὺς
294 697 502 783 ἁμαρτωλοὺς
516 694 616 761 ὑετόν.
931 707 991 771 per
1006 695 1208 772 peccatores.

184 821 216 866 v.
248 804 278 867 6.
308 797 465 887 Ὑψὼθητι
495 801 555 866 ὑπὸ
585 802 658 878 τοὺς
685 798 846 884 οὐρανοὺς,
870 796 887 861 δ
974 812 1007 856 ν.
1025 797 1054 857 6.
1069 796 1227 861 Eoeoltorc
1240 813 1338 880 super
1351 797 1451 879 colos,
1470 802 1566 866 Deru.

141 903 231 983 Θεός.

185 1003 296 1074 'Orat
317 1007 453 1091 Χριστὸς
468 1006 687 1092 τίρηνοποίησε
706 1006 757 1072 διὰ
771 1015 826 1072 τοῦ
843 1007 889 1070 οἵ·
976 1007 1242 1089 Quandonempe
1251 1009 1416 1090 christus,
1425 1011 1595 1090 sanguine
1607 1031 1682 1077 cru-

142 1133 240 1200 ματος
254 1121 309 1178 τοῦ
332 1121 470 1196 σταυροῦ
485 1112 592 1194 αὐτοῦ,
612 1113 675 1177 εἴτε
697 1112 738 1175 τὰ
752 1109 803 1173 ἐπὶ
816 1118 887 1194 γῆς,
932 1111 980 1174 cis
996 1128 1076 1190 suae,
1094 1111 1129 1174 iu
1144 1129 1226 1193 pace
1249 1115 1438 1195 composuit
1452 1133 1493 1178 ea
1508 1134 1584 1197 quae
1599 1124 1680 1183 sunt

142 1219 204 1283 εἴτε
218 1219 260 1282 τὰ
274 1218 308 1284 ἐν
324 1224 389 1293 τοῖς
404 1218 557 1301 ουροινοῐς,
573 1218 628 1280 καὶ
642 1216 694 1280 ἐπὶ
709 1224 814 1280 πᾶσαν
829 1216 888 1300 τήν
932 1213 968 1277 in
984 1217 1084 1294 terra,
1101 1221 1136 1278 et
1150 1233 1190 1279 ea
1205 1234 1281 1297 qua
1293 1217 1328 1280 in
1343 1211 1447 1298 coelis‘,
1460 1237 1500 1282 ac
1515 1237 1618 1301 super
1631 1225 1681 1286 to-

141 1332 203 1408 γῆν
217 1320 373 1407 ἐπέραινεν
387 1322 502 1399 ἐντοῖς
517 1317 732 1406 ἐκνλησίοιιςή
745 1318 821 1399 δόξα
831 1328 887 1385 τοῦ
931 1316 1128 1381 tumorbem
1141 1320 1352 1401 resplenduit
1362 1322 1557 1388 inecclesiis
1570 1327 1682 1404 gloria

144 1413 238 1510 Θεοῦ,
266 1425 376 1511 ὑψώθη
403 1427 454 1492 ἐπὶ
476 1426 549 1502 τοὺς
576 1426 735 1509 ουρανοὺς,
762 1425 817 1490 καὶ
838 1424 890 1490 ἐπὶ
933 1422 1005 1502 Dei,
1032 1423 1180 1485 exaltata
1201 1429 1252 1487 est
1274 1442 1376 1505 super
1397 1428 1499 1492 coelos
1522 1433 1556 1493 et
1577 1448 1680 1511 super

142 1540 249 1597 πᾶσαν
263 1531 323 1616 τήν
336 1527 433 1616 γήνὴ
450 1529 526 1610 δόξα
539 1527 668 1614 Κυρίου.
932 1529 1057 1589 terram
1074 1526 1187 1604 gloria
1202 1527 1348 1590 Domini.

188 1655 222 1699 v.
235 1639 265 1699 8.
279 1632 317 1699 Ὁ
329 1633 411 1712 Θεὸς
422 1629 580 1718 ἐλάλησεν
591 1635 625 1699 ἐν
636 1641 680 1719 τῷ
692 1632 770 1720 ἁγίῳ
782 1633 888 1698 αυτοῦ.
975 1646 1007 1692 ν.
1023 1629 1053 1693 8.
1069 1631 1158 1694 Deua
1172 1628 1298 1696 locatus
1311 1636 1362 1698 art
1374 1633 1412 1698 ιἰι
1425 1639 1534 1702 abacto
1548 1653 1616 1701 auo.

184 1737 223 1804 ‘0
239 1740 328 1824 ἅγιος
342 1747 397 1804 τοῦ
413 1737 496 1805 Θεοῦ
510 1736 604 1804 ἐστίν.
976 1732 1037 1795 Dei
1053 1749 1107 1798 res
1122 1737 1173 1796 est
1189 1738 1337 1799 sauctus.

184 1863 216 1907 v.
236 1844 286 1906 10.
301 1839 401 1907 Meet
416 1839 513 1927 λέὅης
527 1851 583 1928 τῆς
602 1840 728 1920 ἐλπίδος
744 1863 813 1928 μου,
837 1841 888 1906 ἐπὶ
974 1854 1007 1898 v.
1026 1837 1075 1898 10.
1087 1837 1180 1900 Moab
1194 1835 1340 1918 olluspct'
1350 1855 1437 1921 mea·
1450 1843 1488 1906 io
1502 1841 1676 1910 Idumam

140 1947 199 2030 τήν
219 1943 400 2030 Ἰδουμαίαν
421 1943 560 2011 tentato
582 1949 617 2011 τὸ
644 1945 794 2033 ὑπόδηρά
816 1966 887 2033 μου,
924 1940 1102 2020 projiciam
1116 1941 1361 2009 calcaneorum
1374 1961 1489 2027 meum,
1507 1948 1591 2014 miti
1603 1949 1682 2015 alie·

142 2048 213 2134 ἐμοὶ
228 2047 400 2134 ἀλλόφυλοι
415 2048 629 2135 ὑπετάγησαν.
932 2043 1218 2124 atuujectisoat
1667 2126 1668 2130 Ἰ

187 2152 243 2230 Εἰς
258 2153 423 2237 πρδουτιον
439 2153 488 2238 εἴη
505 2163 561 2217 τοῦ
581 2154 739 2239 Σωτῆρος,
754 2153 772 2221 δ
786 2165 887 2220 ταῦτα
978 2150 1161 2212 salvatoris
1173 2151 1210 2214 in
1221 2168 1364 2233 persona
1378 2155 1423 2218 sit
1438 2156 1497 2236 qui
1512 2157 1561 2220 ita
1574 2159 1683 2238 loqui·
1715 2141 1717 2147 ¹

142 2255 260 2342 λέγων·
281 2257 349 2322 ἐπεὶ
371 2256 645 2344 paxamidium
661 2257 824 2346 Ἰδουμαία
845 2262 890 2338 εἰς
932 2256 1000 2332 tur,
1009 2251 1088 2316 data
1099 2255 1246 2320 Idumam
1257 2257 1534 2339 interpretatione
1545 2279 1621 2344 quae
1633 2268 1684 2326 est

142 2364 184 2427 τὰ
197 2360 302 2448 γήϊνα,
317 2362 385 2447 ἐρεῖ
395 2362 446 2426 ἐπὶ
460 2365 520 2448 τήν
530 2372 591 2448 γῆν
603 2365 657 2428 καὶ
672 2367 712 2429 τὰ
723 2363 818 2450 γήινα
831 2367 889 2450 τήν
935 2360 1074 2438 terrena,
1100 2361 1307 2424 asseverabit
1326 2367 1570 2444 superterram
1592 2366 1686 2430 futu-

142 2464 272 2550 πορείαν
293 2465 495 2551 ποιήσεσθαι·
522 2459 678 2554 σύμῦολον
704 2470 766 2554 γὰρ
793 2489 889 2534 κεκα-
937 2479 1013 2526 111111
1029 2480 1102 2527 esse
1118 2482 1218 2527 suum
1235 2466 1308 2529 iter.
1325 2467 1470 2546 Signum
1486 2471 1685 2535 131111ηᾶ1011-
1787 2525 1792 2532 .

140 2567 297 2656 λυρρένον
319 2569 445 2656 πορείαις
467 2573 502 2636 τὸ
525 2572 683 2658 ὑπόδημα.
707 2573 809 2640 Πάλιν
833 2575 891 2660 μὲν
934 2584 1018 2630 num
1048 2567 1289 2633 ambulationis
1323 2574 1375 2634 est
1403 2572 1682 2640 calceamentum.

142 2676 206 2760 γὰρ
219 2683 321 2760 γυμνή
344 2685 383 2760 τῇ
398 2673 510 2762 aspele
531 2678 658 2762 ἔχρητο,
678 2676 802 2760 κτίζων,
818 2699 892 2764 προ
934 2677 1063 2738 Rursus
1082 2673 1173 2736 nudo
1195 2690 1317 2751 gressu
1339 2678 1512 2758 processit,
1535 2679 1680 2743 creando

142 2778 327 2864 νοούμενος·
341 2789 396 2844 νῦν
411 2779 445 2843 δὲ
462 2782 542 2865 μετὰ
557 2783 723 2865 οορκδςής
739 2783 890 2867 πιιράκει-
935 2780 969 2840 et
998 2776 1218 2858 providend03
1247 2796 1338 2842 nunc
1366 2797 1447 2844 vero
1474 2799 1552 2846 cnm
1580 2801 1682 2847 carue

145 2902 208 2963 ται,
223 2885 279 2948 καὶ
297 2882 446 2968 ὑπόδημα
468 2885 564 2948 atreo
581 2885 738 2969 τυγχάνει.
755 2885 852 2951 —El
874 2887 891 2952 ὁ
936 2896 1004 2962 quo
1019 2881 1222 2960 aecingitur,
1240 2883 1344 2946 etiarn
1356 2884 1407 2947 illi
1419 2886 1687 2950 calceamentum

146 2987 254 3072 ἄρχων
268 2997 324 3052 τοῦ
336 2987 456 3073 κόσμου
468 2987 579 3052 τούτου
592 2986 751 3074 ἐξήδλήθη
764 2990 826 3054 ἀπὸ
838 2999 893 3056 τοῦ
937 2987 1076 3051 accedit.
1099 3023 1138 3034 -
1162 2989 1196 3052 si
1219 2988 1375 3070 princeps
1398 2989 1501 3078 hujus
1524 2991 1643 3056 mundi
1667 3012 1688 3056 a

146 3091 295 3176 Σωτῆρος
318 3091 386 3173 ἔξω,
410 3091 498 3176 adep
526 3091 646 3178 μᾶλλον
672 3094 701 3158 οἱ
723 3094 894 3182 ἀρχόμενοι
936 3092 1108 3154 salvatore
1121 3087 1420 3173 forasejactus'est,
1433 3099 1685 3176 quantomagis

14 3185 16 3202 '
145 3194 291 3281 δαίμονες
308 3195 360 3261 ὑπ’
373 3197 478 3260 αυτοῦ.
936 3194 1110 3258 abeodem
1128 3192 1307 3274 ejicientur
1329 3195 1489 3260 inferiora
1511 3197 1687 3265 damonia.

189 3320 222 3365 v.
242 3303 291 3365 13.
308 3301 367 3378 Δὸς
380 3300 457 3386 ήμῖν
474 3298 621 3387 βοήθειαν
632 3299 670 3365 ἐκ
681 3299 823 3386 θλίρευς,
839 3304 895 3368 καὶ
980 3316 1013 3362 v.
1032 3300 1084 3362 13.
1100 3301 1152 3363 Do
1166 3297 1249 3362 milti
1260 3300 1424 3364 amulium
1434 3318 1456 3366 ο
1467 3301 1685 3385 tribulatione,

147 3403 266 3494 ροιταία
281 3402 422 3488 σωτηρία
438 3402 617 3488 ἀνθρώπων.
696 3479 701 3490 ,
937 3407 969 3468 et
982 3419 1067 3467 uorsa
1081 3403 1174 3467 aulus
1188 3403 1361 3468 domiuum.

190 3508 231 3574 ‘H
246 3506 386 3594 aucupia
399 3517 456 3594 τής
471 3507 602 3595 λογικῆς
618 3509 740 3594 φύσεως
755 3531 892 3597 πνευρα-
982 3508 1080 3571 Salus
1096 3487 1235 3569 naturae'
1249 3508 1448 3588 spiritualis,
1463 3511 1607 3574 scientia
1628 3517 1688 3592 est,

145 3616 218 3700 τική
234 3612 346 3700 γνῶσίς
367 3613 443 3695 ἐστι,
459 3612 507 3677 διδ
529 3612 635 3690 καλῶς
656 3613 833 3699 γέγραπται
847 3615 895 3679 δτι
940 3612 1030 3677 unde
1045 3611 1266 3692 benedicitur,
1284 3614 1444 3693 quoniam
1462 3615 1530 3678 «ab
1546 3616 1690 3681 bomini·

145 3719 234 3802 παρὰ
248 3715 419 3803 ἀνθρώπων
434 3714 574 3802 σωτηρία
590 3716 709 3803 ματαία
723 3715 817 3784 ἐστίν.
939 3720 1004 3784 bus
1020 3716 1112 3778 salus
1127 3732 1218 3778 vana
1235 3717 1337 3778 esti»

180 4045 209 4086 ν.
227 4027 254 4083 6.
267 4029 334 4085 Vat·
352 4025 443 4098 dubi
455 4025 629 4084 scholiolum
646 4027 773 4100 additur,
787 4030 899 4086 editam
940 4029 1013 4083 “cat
1025 4025 1151 4100 mystice
1168 4024 1246 4081 enim
1258 4023 1382 4094 dicabat,
1400 4042 1454 4098 per
1469 4029 1622 4100 proposita
1639 4029 1689 4086 de·

145 4114 225 4189 apud
242 4113 459 4170 Theodoretum
476 4115 531 4170 col.
549 4115 628 4170 1379.
646 4115 748 4186 Neque
765 4117 855 4172 velim
867 4133 897 4171 ο-
940 4117 955 4148 “
966 4111 1072 4168 clarari
1089 4110 1309 4183 generationem
1321 4111 1432 4168 Christi
1451 4113 1609 4172 secundum
1627 4135 1689 4173 car·

145 4202 257 4271 mittas,
266 4201 329 4274 jam
340 4201 496 4256 memorari
514 4201 551 4256 ab
565 4200 702 4272 Origene,
714 4202 759 4257 uti
777 4219 855 4276 saepe
868 4221 898 4258 a·
941 4205 956 4236 “
966 4218 1041 4269 nem,
1056 4217 1093 4255 ex
1110 4215 1217 4270 genera
1236 4197 1323 4254 Moab
1336 4205 1517 4272 assumptam
1534 4219 1588 4274 por
1605 4204 1689 4260 Ruth

143 4289 207 4358 libi,
220 4285 472 4343 ecclesiasintoto
483 4286 553 4343 orbe
563 4305 688 4360 sparsas.
700 4286 737 4343 cf.
748 4287 809 4344 (iol.
820 4290 898 4359 1,2o.
941 4285 1166 4356 “Moabitidem
1180 4302 1217 4341 ex
1229 4303 1287 4358 qua
1304 4285 1393 4341 stiam
1415 4287 1513 4344 David
1535 4306 1588 4345 rex
1609 4291 1691 4361 geni·

183 4393 211 4432 v.
224 4375 251 4430 8.
265 4375 333 4430 Vat.
344 4373 372 4428 ’5.
941 4378 957 4410 ‘²
967 4381 1016 4431 tus
1034 4379 1092 4430 est:
1112 4390 1149 4428 ex
1164 4373 1251 4450 cujus
1269 4372 1379 4429 semine
1398 4373 1556 4431 secundum
1574 4393 1692 4434 carnem

179 4480 208 4521 v.
223 4463 264 4516 10.
277 4460 345 4518 vat.
358 4460 384 4531 4,
397 4459 422 4515 5.
437 4459 586 4516 Scholium
598 4460 730 4534 respexit
741 4460 895 4534 Didymus,
942 4465 957 4496 “
968 4461 1108 4518 oriundus
1121 4467 1167 4516 est
1179 4459 1314 4516 Christus
1326 4459 1417 4529 Dei„
1431 4459 1468 4516 cf.
1481 4461 1567 4517 Joan.
1581 4481 1637 4534 ιιι,
1647 4463 1691 4519 33.

144 4549 270 4621 aliisque
276 4545 375 4604 verbis
382 4545 538 4618 expressit.
544 4545 631 4602 Prior
636 4546 729 4603 codex
735 4549 829 4603 multo
835 4549 899 4621 plu·
940 4547 1031 4604 Aliud
1041 4547 1184 4604 succurrit
1194 4563 1232 4602 ex
1244 4547 1353 4602 nostris
1366 4547 1517 4617 Analectia,
1528 4566 1587 4605 nou
1605 4551 1692 4608 silau-

144 4653 179 4692 ra
192 4633 307 4702 obtulit,
318 4650 383 4704 quse
395 4639 502 4703 tamen,
512 4633 557 4688 uti
566 4633 629 4704 jem
639 4631 718 4706 apud
728 4633 899 4690 cordarium
942 4633 1019 4690 dum.
1037 4634 1074 4689 In
1092 4634 1175 4691 cleve
1197 4632 1389 4688 Melitonisna
1407 4633 1433 4689 si
1451 4633 1522 4706 quid
1543 4637 1693 4694 nonnullis

145 4739 192 4792 111,
204 4721 265 4790 210,
284 4719 354 4776 data
371 4719 508 4793 Didymo,
526 4719 597 4791 quin
615 4719 704 4776 immo
722 4721 850 4777 Eusebio
869 4726 901 4777 et
940 4735 1080 4790 rugosam
1091 4735 1214 4773 sannam
1226 4717 1291 4786 ciat,
1304 4719 1361 4772 erit
1373 4717 1500 4774 fortasse
1512 4720 1617 4777 ultime
1629 4740 1692 4798 cap.

145 4807 264 4865 Pseudo
293 4805 503 4879 chrysostomo
528 4805 606 4879 apud
630 4805 898 4880 Montefalconium,
942 4821 965 4860 11
977 4803 1112 4873 formula,
1131 4819 1196 4874 quae
1215 4801 1368 4874 adjectitia
1379 4802 1466 4861 facile
1479 4806 1645 4878 haberetur,
1664 4829 1693 4884 p.

145 4901 210 4952 tam
233 4909 312 4964 aegre
337 4893 488 4966 expunxi,
510 4897 544 4948 ut
569 4897 733 4966 temperare
757 4911 900 4965 nequeam
943 4893 984 4960 la,
994 4908 1022 4945 n.
1032 4891 1076 4946 31:
1092 4891 1282 4947 θοίοἰουιινιια
1294 4891 1415 4959 Domini,
1427 4893 1587 4964 mysterium
1599 4896 1693 4953 incor-

146 4981 219 5053 quin
231 4979 371 5035 nonnulla
388 4979 480 5034 latina
493 4978 668 5034 subdantur:
683 4979 773 5035 “Scio
790 4997 837 5036 me
850 4998 900 5036 au·
942 4977 1072 5032 νιαίίοοίι.
1091 4976 1125 5030 Ia
1144 4976 1301 5045 ουοιιρορίοι
1327 4976 1410 5046 Oujue
1427 4993 1482 5033 aon
1500 4995 1561 5035 eum
1587 4980 1692 5052 dipsas

147 5073 163 5104 ‘⁴
174 5067 285 5124 divium
298 5083 462 5122 sermonem
473 5065 506 5122 in
523 5083 630 5122 moeno
643 5065 786 5126 traditum
805 5067 898 5139 (λόγον
942 5069 996 5120 etc.
1006 5063 1081 5118 Ecce
1094 5062 1168 5118 illud
1180 5068 1408 5119 consentaneum
1420 5080 1485 5120 essa
1496 5065 1694 5126 Hebraeorum

149 5159 164 5190 “
175 5159 204 5209 tv
216 5153 371 5224 ἀπορρήτῳ)
389 5150 547 5224 aquodam
563 5151 707 5222 Hebraeo,
721 5151 759 5208 ad
776 5151 840 5210 haec
858 5155 900 5209 lo·
941 5152 1067 5220 ἀρρήτοις
1085 5147 1301 5220 traditionibus,
1314 5167 1391 5206 nunc
1404 5149 1576 5208 declaratur.
