4006 6090
778 485 780 490 ·
833 467 877 532 ui
899 465 1087 534 summos
1675 467 1738 532 333

192 629 244 674 νον
260 606 311 673 ἐπὶ
333 603 479 692 πώγωνα,
496 606 550 672 τὸν
572 603 709 690 πώγωνα
731 613 786 670 τοῦ
802 601 940 691 Ἀαρὼν,
985 605 1144 674 maeotim
1159 606 1196 681 io
1210 603 1349 686 tertam,
1368 604 1499 672 tartum
1516 605 1635 687 Aurora,
1653 605 1738 691 quot

191 715 227 777 τὸ
242 709 434 776 καταδαῖνον
456 712 508 776 ἐπὶ
527 709 593 774 ῶαν
614 718 671 774 τοῦ
692 708 865 797 ἐνδύματος
888 711 942 775 αὖ·
985 711 1147 778 &aceedit
1159 712 1197 776 io
1211 728 1301 776 orum
1314 712 1499 778 vestimenti
1512 712 1593 793 ejas.

194 825 261 881 τοῦ.

236 919 276 986 m
289 924 327 985 τδ
342 919 459 1004 ἔνδυμα
481 927 543 983 τῶν
556 915 665 1002 ἱιρέυν
686 917 868 1003 δικαιοσύνη
891 917 942 983 ἐσ-
1031 920 1065 983 Si
1083 919 1321 982 indumentum
1337 920 1549 984 sacerdotum
1566 927 1617 984 est
1634 921 1736 1002 justi-

196 1027 244 1091 τὶν
258 1023 302 1108 (οἱ
315 1023 407 1108 ἱερεῖς
422 1044 480 1087 σου
494 1023 567 1107 γάρ,
583 1023 688 1106 ιρήοῑν,
704 1022 885 1088 ἐνδάσονται
899 1022 941 1086 δι-
985 1025 1035 1088 tia
1064 1023 1154 1108 (uam
1183 1024 1407 1088 «Sacerdotes
1436 1026 1499 1104 tui,
1531 1027 1654 1107 inquit,
1685 1027 1735 1089 iu-

192 1127 389 1213 καιοσύνην),
404 1127 504 1211 ἱερεὺς
519 1127 554 1192 δὲ
568 1127 639 1211 ήνδ
654 1125 791 1212 Ἀαρὼν,
802 1129 840 1192 τδ
855 1126 940 1191 ἔνδυ-
984 1129 1091 1192 duent
1107 1127 1301 1210 justitiam),
1316 1149 1333 1188 ν
1358 1131 1470 1193 Aaron
1485 1147 1565 1192 vero
1581 1131 1736 1194 sacerdos

194 1255 240 1322 μα
254 1236 352 1300 αὐτοῦ
372 1235 414 1318 ήν
429 1235 492 1318 άρα
514 1232 707 1317 δικαιοσύνη.
722 1231 795 1298 Ἐπὶ
810 1233 864 1298 οῦν
886 1235 940 1298 τδν
984 1237 1066 1311 erat,
1089 1249 1172 1310 ergo
1194 1233 1436 1296 vestimentum
1453 1230 1526 1312 ejus
1542 1240 1616 1296 erat
1633 1233 1736 1314 justi-

194 1349 334 1406 τοιοῦτον
348 1338 487 1424 πώγωνα
502 1339 556 1402 καὶ
572 1339 607 1402 τδ
623 1337 741 1422 ἔνδυμα
755 1339 792 1402 τδ
803 1347 944 1403 τοιοῦτον
987 1339 1046 1400 tia.
1058 1339 1166 1417 Super
1176 1328 1303 1400 λουοοό
1316 1336 1425 1414 igitur
1436 1337 1575 1402 barbam
1588 1345 1622 1402 et
1633 1357 1739 1420 super

196 1446 326 1529 ἔρχεται
340 1443 375 1506 τδ
391 1442 536 1526 οὐράνιον
552 1441 658 1527 μύρον,
672 1441 785 1506 iterra
798 1439 942 1527 γνῶσιςή
986 1441 1099 1505 simile
1127 1441 1369 1504 vestimentum
1399 1440 1573 1506 descendit
1598 1445 1737 1507 coeleste

193 1557 250 1612 τοῦ
265 1545 360 1613 Θεοῦ.
375 1543 483 1628 Μύρον
498 1544 681 1626 δκκενυθέν,
702 1545 801 1631 δνομά
817 1566 884 1611 σου.
901 1582 942 1594 -
989 1547 1217 1623 unguentum,
1234 1544 1323 1624 quod
1339 1549 1390 1608 est
1409 1547 1470 1609 Dei
1486 1548 1614 1624 gnosiu.
1642 1551 1740 1612 «Un-

195 1652 315 1718 Τοῦτον
329 1651 383 1715 τδν
397 1649 535 1734 πώγυνα
549 1647 637 1735 φέρει
652 1649 669 1714 δ
684 1648 889 1734 καταντήσας
900 1649 944 1727 εἰς
988 1654 1158 1729 guantum
1175 1647 1320 1712 effusum
1337 1667 1459 1714 nomen
1474 1655 1615 1730 tuum»
1641 1654 1737 1715 Hanc

194 1757 296 1840 ἄνδρα
310 1753 440 1838 τέλειον,
456 1754 501 1831 εἰς
524 1751 637 1840 μέτρον
650 1749 778 1839 ήλικίας
792 1763 849 1819 τοῦ
863 1752 945 1838 πλη·
989 1754 1129 1817 barbam
1143 1754 1200 1816 ille
1217 1751 1291 1831 fert,
1310 1755 1393 1834 «qui
1410 1757 1558 1819 occurrit
1572 1758 1607 1820 in
1624 1758 1737 1820 virum

195 1858 337 1946 ρώματος
352 1868 408 1924 τοῦ
423 1858 573 1945 Χριστοῦ.
742 1925 743 1928 ,
989 1857 1188 1940 perfectum,
1206 1856 1241 1919 iu
1256 1875 1451 1922 mensuram
1467 1861 1576 1924 aetatis
1592 1861 1738 1942 plenitu-

887 1985 890 1996 ’
990 1961 1079 2024 dinis
1096 1960 1262 2025 Christi.»

749 2155 920 2235 Potuimus
945 2145 1188 2233 CXXXIII.

239 2382 270 2428 ν.
298 2364 329 2428 4.
351 2357 537 2448 Εὐλογήσαι
558 2381 594 2427 σε
617 2358 733 2446 Κύριος
752 2361 793 2427 tx
811 2359 904 2442 Σιὼν,
928 2359 945 2426 δ
1033 2380 1065 2424 ν.
1082 2363 1112 2424 3.
1127 2356 1512 2428 BenedicotteDominos
1526 2363 1665 2445 eoSioo,
1680 2364 1740 2448 qai

194 2466 330 2550 ποιήσας
346 2468 400 2532 τδν
416 2467 548 2551 οδρανδν
562 2467 616 2530 καὶ
631 2467 691 2551 τήν
706 2474 781 2551 γῆν.
979 2464 1069 2548 fecit
1083 2464 1195 2529 colom
1210 2470 1242 2531 et
1251 2469 1384 2530 ἰανναικ.

240 2569 300 2636 Ἐκ
314 2570 396 2636 Σιὼν
411 2570 456 2654 δὲ,
473 2571 577 2655 φησὶν,
600 2569 708 2655 ἐπειδή
731 2570 787 2634 καὶ
808 2569 946 2655 τοῦνομα
1033 2567 1085 2633 Ee
1099 2570 1189 2647 Sion,
1208 2569 1331 2651 inquit,
1347 2568 1445 2650 cujus
1461 2588 1584 2636 nomen
1600 2574 1669 2638 illis
1684 2573 1741 2639 de·

195 2676 339 2742 ποθεινὸν
368 2675 510 2760 ὑπήρχεν
540 2674 663 2756 αὐτοῖς,
686 2674 762 2739 ἔνθα
783 2673 890 2758 πάσης
912 2671 946 2738 ά·
989 2674 1169 2738 siderabile
1185 2672 1260 2754 fuit,
1277 2674 1367 2740 unde
1387 2676 1492 2739 totius
1507 2678 1742 2741 sanctimoniae

193 2777 331 2867 γιστείας
345 2778 490 2856 ὑπόθεσις
511 2778 570 2863 ήν·
586 2780 656 2842 εἶτα
670 2777 812 2844 διδάσκει
828 2797 947 2843 παντα-
967 2865 971 2870 Ι
990 2782 1234 2856 argumentum
1262 2783 1344 2842 erat.
1369 2781 1455 2844 Tum
1479 2779 1575 2844 docet
1598 2786 1638 2844 ut
1659 2799 1742 2864 quo-

195 2881 290 2969 χάθεν
305 2881 426 2964 καλεῖν,
441 2880 561 2968 λέγων·
576 2879 614 2947 Ὀ
635 2879 770 2966 ποιήσας
785 2882 839 2946 τδν
853 2881 947 2968 οὐρα·
991 2899 1138 2964 eumque
1154 2899 1196 2945 ex
1218 2883 1291 2946 loeo
1314 2882 1501 2965 invocetur,
1524 2888 1564 2948 ut
1578 2886 1637 2967 qui
1652 2885 1744 2968 feeit

193 2987 476 3072 νδνκαὶτήνγήν.
993 2986 1104 3052 παλαια
1118 2989 1151 3051 et
1164 2990 1296 3050 terrent.

229 3207 279 3266 Ρε.
293 3223 425 3270 cxxxiii.
438 3225 467 3266 ν.
484 3208 511 3264 5.
524 3206 591 3266 Vnt
610 3207 636 3263 5.
648 3205 720 3265 (iod.
737 3205 877 3264 mendose
895 3206 946 3264 ha·
990 3207 1043 3264 bet
1054 3209 1216 3278 ἀγχιστείας.

751 3369 921 3449 Peolmua
947 3364 1133 3450 CXXXI
1135 3369 1179 3448 V.
1221 3353 1232 3371 ’
1283 3369 1286 3376 ’

242 3584 273 3630 ν.
287 3566 317 3649 5,
331 3567 361 3632 6.
373 3559 445 3632 Ὅτι
460 3563 523 3652 ἐγὼ
539 3567 665 3651 ἔγνωκα
680 3567 726 3630 δτι
742 3563 840 3651 μέγας
852 3563 869 3629 δ
881 3563 946 3630 Κύ-
1033 3583 1065 3628 ν.
1081 3567 1112 3645 5,
1130 3567 1159 3629 δ.
1180 3565 1263 3642 Quia
1277 3581 1331 3650 ορο
1354 3569 1484 3652 coaetant
1497 3567 1582 3652 quoti
1601 3587 1741 3656 meatus

196 3689 271 3755 ρισς,
287 3667 381 3735 Καὶδ
398 3668 515 3755 Κύριος
529 3670 619 3756 ήμῶν
634 3671 721 3755 παρὰ
736 3669 857 3748 πάντας
872 3671 944 3747 τοὺς
988 3673 1037 3736 est
1051 3669 1219 3750 Dominus,
1238 3675 1270 3737 et
1285 3674 1373 3738 Docto
1387 3678 1496 3739 noster
1510 3693 1582 3756 pre
1597 3677 1743 3744 omniuo

194 3773 299 3844 aaut.
309 3771 420 3838 Πάντα
431 3775 491 3838 δσα
503 3771 825 3859 ήθέλήσενδΚάριος,
838 3769 945 3858 ettota-
989 3775 1065 3840 dt'ia.
1091 3776 1206 3839 Omnia
1226 3791 1425 3858 quecumque
1442 3779 1547 3842 uoluit
1567 3780 1735 3860 Dominio,

197 3897 252 3942 σεν
266 3878 300 3942 έν
315 3886 359 3964 τῷ
374 3877 497 3963 οὐρανῷ
512 3879 567 3942 καὶ
581 3887 621 3963 ἰή
636 3887 689 3963 γῇ,
702 3877 735 3943 έν
747 3887 812 3955 τοῖς
822 3876 962 3944 eante.
979 3876 1119 3960 stettin
1133 3879 1208 3944 eolo
1222 3883 1254 3944 et
1274 3879 1311 3944 iet
1326 3883 1425 3958 ίσννα,
1443 3881 1481 3944 iu
1494 3882 1640 3947 ammitte
1658 3889 1691 3952 et
1703 3887 1741 3950 iu

198 4001 269 4059 σαις
284 3981 386 4046 καὶέν
401 3981 518 4060 πάσαις
533 3991 601 4059 ταῖς
618 3981 774 4059 άδύσσοις.
989 3981 1133 4046 musmo
1146 3981 1283 4064 aborsu
1316 3971 1322 3977 ’

241 4084 390 4163 Γνὼσευς
401 4083 502 4172 χρεία,
516 4089 593 4171 πρὸς
605 4090 641 4152 τδ
652 4085 816 4174 δευρήσαι
826 4087 885 4172 τήν
894 4106 946 4172 με·
1034 4086 1183 4150 scientia
1205 4103 1289 4169 opus
1306 4091 1357 4152 est
1379 4088 1422 4152 ad
1445 4092 1738 4172 contemplandam

196 4187 388 4275 γαλειάτήτα
409 4197 465 4254 τοῦ
488 4187 617 4276 Κυρίου.
635 4230 675 4239 -
692 4189 870 4277 Συμμετρεῖ
893 4193 947 4256 τδν
990 4191 1053 4255 Dei
1069 4189 1370 4269 magnificentiam.
1390 4227 1429 4239 -
1446 4195 1658 4276 Attemperat
1672 4215 1740 4262 ser-

197 4292 294 4379 λόγον
307 4297 385 4378 πρὸς
407 4297 466 4380 τήν
480 4305 542 4361 τῶν
565 4293 743 4360 άκουάντιυν
766 4293 947 4361 ἀσθένειαν·
990 4311 1126 4359 monem
1152 4293 1195 4358 ad
1216 4296 1429 4361 audientium
1453 4298 1740 4383 imbecillitatem

200 4396 366 4483 ἀγαπητὸν
381 4399 444 4484 γάρ
456 4399 561 4476 αὐτοῖς
575 4407 692 4484 γνῶναι
702 4397 794 4482 Θεὸν,
810 4397 948 4484 τέωςδτι
992 4398 1117 4480 quibus
1133 4398 1424 4480 euimjucuudum
1436 4408 1510 4465 erat
1520 4420 1618 4467 nosse
1631 4405 1739 4468 Deum

197 4501 324 4568 πάντων
343 4501 513 4584 άνώτατος,
530 4501 813 4580 κατασκευάζοντα
835 4504 876 4567 τά
894 4499 947 4588 μέ·
992 4521 1065 4568 esse
1089 4521 1159 4586 prae
1175 4505 1332 4568 omnibus
1355 4506 1571 4586 altissimum,
1593 4513 1746 4573 constru-

198 4625 292 4692 γιστα
307 4601 454 4690 δείκνυσι,
469 4604 582 4692 λέγων·
597 4605 709 4670 Πάντα
724 4607 785 4670 ὅσα
799 4603 948 4690 ἐποίησεν
992 4613 1105 4670 entem
1122 4623 1200 4670 eum
1217 4609 1372 4686 iugentia
1388 4610 1544 4688 ostendit,
1561 4609 1686 4677 dicens:
1707 4613 1745 4678 O-

200 4709 217 4772 δ
239 4708 366 4794 Κύριος,
381 4708 468 4775 καλά
487 4707 580 4791 ἐστιν,
604 4709 659 4775 άτε
681 4708 842 4795 θελήματι
864 4709 947 4777 Θεοῦ
990 4712 1080 4775 mnia
1094 4727 1295 4793 quecumque
1303 4710 1391 4793 feeit
1406 4713 1581 4794 Dominus,
1599 4717 1744 4796 pulchra

199 4812 407 4900 γεγενημένα.
421 4851 461 4863 —
478 4813 544 4879 Καὶ
555 4813 589 4879 έν
604 4821 672 4890 ταῖς
687 4810 834 4890 άδύσσοις
849 4813 948 4900 άλλη·
991 4819 1083 4894 sunt,
1112 4819 1151 4878 ut
1172 4832 1249 4896 quae
1276 4815 1365 4880 iacta
1387 4818 1562 4881 voluntate
1584 4820 1646 4883 Dei
1674 4820 1744 4886 iue-

234 5003 284 5058 Ps.
298 5019 425 5062 oxxxrv.
435 5021 464 5061 ν.
478 5001 503 5074 5,
514 5005 540 5059 6.
551 5003 618 5060 Vnt
631 5003 657 5059 5.
666 5002 772 5059 Metth.
782 5019 845 5076 uu,
857 5005 901 5060 31.
913 5004 950 5062 In
993 5019 1050 5075 quo
1068 5006 1242 5074 eramento
1254 5019 1321 5060 euru
1332 5003 1436 5061 nexui
1448 5009 1479 5061 et
1495 5006 1596 5078 urgeri
1605 5006 1668 5080 jem
1680 5025 1747 5082 rep·

200 5087 258 5145 fine
276 5087 421 5160 Origenes
439 5094 492 5145 eut
510 5088 664 5162 scripsisse
681 5093 734 5144 aut
751 5090 950 5148 reservavisse
993 5090 1130 5166 parimus,
1144 5090 1176 5147 iu
1187 5106 1246 5162 quo
1262 5089 1338 5146 libro
1356 5090 1489 5150 curiosus
1501 5091 1589 5152 homo
1602 5094 1696 5154 otiam
1709 5095 1747 5154 de

200 5173 257 5231 sibi
270 5173 457 5234 scribendum
474 5171 592 5240 videtur
610 5172 711 5234 tibrum
723 5175 756 5233 de
768 5175 899 5247 Iudiciis,
913 5176 950 5237 de
995 5176 1133 5238 universo
1145 5195 1244 5238 rerum
1256 5177 1326 5236 orbe
1338 5177 1530 5253 dispumant.
