4006 6090
294 393 360 459 282
965 391 1174 456 ORIGENES

295 535 331 598 τὸ
347 533 436 617 ἅγιον
459 529 599 618 Πνεῦμα,
615 529 644 596 οἱ
658 529 744 616 ζωῆς
766 530 961 615 παρεκτικοὶ,
977 530 1042 595 οίκ-
1089 532 1210 596 cordiae
1221 531 1282 596 Dei
1291 535 1397 598 nostri
1406 537 1475 600 sint
1487 537 1692 616 Unigenitus
1700 540 1735 601 et
1743 554 1838 600 sacer

294 637 396 722 τιρμοί
411 635 504 718 Θεοῦ,
527 638 582 701 καί
596 637 702 721 πατὴρ
725 636 857 720 εἴρηται,
877 635 963 700 κατὰ
983 635 1043 719 τὴν
1090 635 1245 716 Spiritus,
1258 637 1337 700 vitae
1349 640 1539 721 largitores,
1553 646 1586 704 et
1598 643 1656 723 qui
1669 647 1764 723 pater
1775 641 1838 704 mi·

296 752 351 806 τοῦ
374 740 552 806 ἀποστόλου
575 739 759 824 θεοσοφίαν,
782 748 843 804 τῶν
865 740 1043 823 οἰκτιρμῶν.
1088 739 1347 805 sericordiarum
1382 749 1600 827 nuncupatus
1631 749 1691 824 est,
1720 763 1839 809 secuu-

294 843 426 929 Πᾶσαη
443 843 621 929 ἀνθρωπίνη
638 844 728 929 φύσις
744 844 843 909 δεῖται
854 853 914 909 τῶν
930 843 1043 926 οίκτιρ-
1089 843 1169 907 dum
1185 844 1392 924 theologiam
1407 850 1567 930 Apostoli.
1587 881 1625 892 -
1643 850 1760 912 Omnis
1776 848 1837 912 hu·

295 957 360 1035 μιῑιν
375 959 431 1013 τοῦ
446 947 540 1015 Θεοῦ.
555 946 633 1013 Ἐὰν
654 949 717 1032 γὰρ
732 949 818 1012 οῦτοι
834 949 877 1032 μη
901 944 1043 1028 ἔλθωσιν,
1088 965 1189 1010 mana
1215 953 1337 1013 natura
1359 955 1439 1030 eget
1469 954 1743 1017 miserationibus
1766 954 1836 1016 Dei.

294 1053 391 1139 ζησαι
404 1055 463 1139 την
479 1051 631 1137 ἀληθινὴν
647 1051 732 1137 ζωην
748 1052 785 1116 οὐ
800 1049 969 1136 δυνάμεθα,
985 1051 1045 1136 τὴν
1088 1051 1160 1114 Nisi
1173 1053 1262 1114 euim
1272 1056 1437 1134 venerint,
1449 1056 1564 1119 vivere
1577 1072 1644 1120 non
1657 1071 1837 1136 possumus

294 1157 515 1245 κεκρυμμένην
530 1159 586 1222 σὺν
601 1165 645 1242 τῷ
660 1157 788 1242 Χριστῷ
803 1156 837 1222 ἐν
852 1163 896 1240 τῷ
911 1153 992 1240 Θεῷ.
1088 1156 1194 1218 vitam
1209 1173 1335 1238 veram,
1350 1157 1581 1222 absconditam
1601 1175 1680 1221 oum
1702 1158 1834 1222 Christo

1090 1259 1126 1322 in
1142 1261 1221 1323 Deo.

341 1389 374 1434 ν.
399 1369 450 1432 78.
473 1364 743 1452 Αίσχυνθήτυσαν
766 1362 971 1449 ὑπερήφανοι,
999 1364 1047 1428 ὅτι
1133 1376 1165 1426 ν.
1178 1365 1230 1428 78.
1249 1363 1496 1448 consacratur
1517 1365 1662 1448 superbi,
1687 1366 1767 1448 μνία
1787 1366 1839 1430 ia-

298 1469 413 1548 ἀδίκυις
427 1470 594 1557 ηνθμησαν
607 1471 651 1547 είς
662 1471 728 1556 ἐμὲ,
745 1469 808 1555 ἐγὼ
824 1469 858 1533 δὲ
870 1467 1047 1556 ἀδολεσχη-
1082 1467 1343 1552 jurejarando
1362 1473 1400 1535 ίκ
1420 1489 1482 1550 τινα,
1511 1489 1565 1554 τρο
1587 1475 1694 1536 ouum
1718 1488 1840 1537 curce·

298 1597 343 1641 συι
359 1577 392 1641 ἐν
407 1585 475 1654 ταῖς
487 1575 628 1653 ἐντολαῖς
643 1595 710 1640 σου.
1091 1571 1145 1636 bor
1166 1576 1204 1638 ιἰι
1223 1575 1388 1640 mordetis
1410 1578 1486 1642 tois.

342 1680 481 1766 Εὔχεται
510 1677 624 1766 μηκέτι
647 1680 761 1755 αὐτοὺς
787 1677 985 1762 ἀναισθητεῖν
1006 1677 1047 1761 ἧς
1137 1681 1216 1743 Orat
1230 1696 1272 1743 ne
1289 1684 1443 1761 expertes
1461 1680 1546 1744 fiant
1560 1681 1729 1745 sentiendi
1745 1681 1842 1744 mali·

298 1786 409 1871 ἔχουσι
429 1783 561 1861 κακίας·
584 1781 870 1869 ἐπαισχυνομένους
900 1782 935 1846 δὲ
967 1780 1046 1846 παύ-
1092 1785 1176 1846 tiam
1192 1801 1260 1864 qua
1269 1789 1438 1866 tenentur,
1451 1785 1510 1848 sed
1521 1785 1609 1850 faxit
1620 1791 1659 1850 ut
1670 1785 1843 1868 pudefacti

297 1890 421 1955 σασθαι.
444 1886 629 1974 Γεννηθητω
659 1888 763 1954 πάντα
790 1889 832 1952 τα
860 1885 1048 1972 ἁμαρτημα-
1093 1891 1235 1952 cessent.
1259 1891 1335 1952 Sint
1357 1890 1471 1952 omnis
1493 1896 1631 1970 peecata
1645 1890 1843 1954 confusione

297 2015 340 2061 τα
361 1993 516 2079 αἰσχύνης
547 1991 630 2071 ἀξια.
654 1985 740 2069 Ἕως
763 1991 819 2077 μὲν
841 1993 896 2056 οὖν
919 1986 959 2073 [ἡ
990 1990 1048 2074 ψυ-
1091 1993 1207 2072 digna.
1221 1994 1388 2070 Quamdiu
1403 1994 1540 2074 quidem
1557 1996 1671 2058 anima
1686 1993 1840 2076 imperfe-

298 2099 356 2185 χή]
385 2097 501 2181 ἀτελὴς
523 2096 683 2181 τυγχάνει,
713 2094 817 2181 πολλὴ
845 2095 977 2179 φροντίς,
1003 2090 1046 2178 μή
1091 2103 1146 2163 ota
1161 2103 1284 2178 manet,
1300 2100 1410 2162 multo
1427 2099 1621 2162 sollicitudo
1644 2104 1696 2162 est
1718 2115 1760 2162 ne
1782 2097 1844 2162 fiat

297 2225 343 2288 πη
367 2204 430 2287 ἄρα
452 2199 612 2286 ἀσθενηση
634 2201 691 2265 καί
714 2197 841 2286 χειρίων
863 2199 978 2284 ἑαυτῆς
996 2197 1048 2283 χέ-
1091 2208 1229 2282 aegrote,
1243 2207 1304 2266 aut
1317 2202 1466 2266 deterior
1478 2205 1551 2284 ipsa
1563 2202 1692 2266 evadat.
1705 2201 1845 2278 Quando

299 2325 414 2389 νηται·
437 2305 490 2368 ὅτε
513 2305 548 2368 δὲ
570 2305 614 2382 εἰς
638 2305 735 2390 ἄκρον
758 2304 871 2388 φθάσει
892 2303 1049 2387 τελειότη-
1091 2314 1205 2372 autem
1228 2309 1343 2370 anima
1357 2309 1553 2388 pervenerit
1567 2307 1610 2370 ad
1625 2309 1754 2388 apicem
1772 2323 1845 2387 per·

298 2431 362 2491 τος,
378 2409 411 2474 ἐν
427 2408 488 2487 ἕξει
504 2409 620 2494 ἀρετῆς
635 2406 1048 2493 καταστᾶσα,ἐξιυχενησε-
1091 2412 1255 2492 lectionis,
1278 2413 1314 2474 in
1337 2413 1474 2476 virtutis
1497 2412 1623 2475 habitu
1649 2411 1844 2504 constitute,

299 2536 352 2580 ται
376 2517 492 2592 παντὸς
524 2499 644 2598 phono,
672 2512 776 2578 οὐκέτι
806 2511 1048 2598 oppressiones
1091 2517 1184 2581 omni
1199 2517 1263 2579 erit
1278 2519 1371 2579 metu
1386 2533 1503 2596 vacua,
1525 2533 1592 2578 non
1605 2517 1784 2593 ambigens
1796 2533 1839 2578 ne

300 2618 422 2706 μήποτε
445 2621 500 2683 καί
522 2616 747 2702 καταισχυνθῇ.
772 2615 926 2702 Ἀμυμος
949 2616 1004 2681 οὖν
1025 2614 1047 2700 ἡ
1092 2639 1244 2702 unquam
1256 2619 1491 2684 confundatur.
1509 2621 1768 2682 immaculatum
1781 2619 1847 2698 igi-

299 2721 414 2809 καρδία
429 2723 462 2788 ἐν
478 2732 543 2800 τοῖς
566 2719 755 2805 δικαιώμασι
770 2731 825 2785 του
848 2715 940 2804 ἁγίου
955 2719 1048 2800 ἐστίν,
1093 2731 1150 2789 tur
1165 2727 1202 2788 in
1213 2723 1519 2804 justificationibus
1530 2723 1682 2804 oorjusti
1702 2725 1775 2802 erit,
1792 2741 1847 2786 ea·

298 2825 503 2914 ἀκριθήσασα
525 2827 585 2912 την
611 2825 681 2908 περὶ
704 2825 807 2888 οιθτῶν
830 2820 991 2906 ἀλήθειαν.
1007 2860 1048 2870 -
1093 2846 1237 2910 rumque
1253 2829 1434 2891 veritatem
1454 2827 1637 2905 diligenter
1663 2831 1846 2891 serutatur.

299 2931 369 2997 Οὐκ
382 2931 538 3015 ἐπαρᾶται
552 2937 616 3006 τοῖς
638 2927 771 3013 ἔκθροίς,
788 2926 859 2990 ἀλλ’
876 2926 1051 3011 τυχετατυ·
1096 2971 1134 2981 -—
1159 2938 1233 2998 Non
1257 2933 1427 2998 maledicit
1453 2933 1612 3010 inimicia,
1630 2931 1690 2996 sed
1711 2948 1771 3012 pro
1794 2931 1845 2994 eis

299 3039 360 3122 πὲρ
376 3035 512 3100 τούτων·
527 3034 549 3120 ἡ
562 3035 623 3118 χίιρ
636 3033 770 3118 αἰσχύνη
784 3030 941 3116 σωτηρίαν
952 3051 1051 3115 πραγ·
1094 3044 1181 3104 orat:
1198 3039 1350 3104 confusio
1367 3038 1461 3100 enim
1477 3038 1622 3100 salutem
1638 3035 1757 3115 efficit;
1776 3052 1846 3116 qua

302 3140 487 3227 ραττυττατ·
512 3140 552 3223 τίς
574 3135 675 3202 τοίνυν
700 3134 879 3200 οἰττὲίίαυυτν
903 3133 1050 3219 ἰατρείας,
1094 3162 1174 3208 vero
1189 3143 1319 3207 medela
1341 3141 1409 3204 frui
1427 3142 1582 3218 contigit,
1606 3139 1758 3202 eamdem
1774 3139 1845 3202 illis

300 3241 457 3321 ναατίνοτς
473 3251 580 3328 τυκοίν
596 3241 687 3320 ἅξτοί·
702 3236 748 3304 Ἢ
766 3242 873 3320 οὗτος,
886 3240 916 3303 τί
926 3239 1052 3324 τύκοτρτ
1094 3251 1301 3330 deprecatur.
1317 3247 1379 3309 Vel
1390 3246 1455 3308 sic:
1469 3245 1498 3308 si
1511 3245 1600 3325 apud
1614 3248 1646 3307 te
1659 3245 1774 3324 eliqua
1788 3248 1843 3307 tu·

302 3359 360 3434 τῆς
374 3350 463 3432 ml&
474 3357 531 3411 σου
548 3344 706 3432 βοηθείας,
719 3343 789 3408 τίττ
801 3343 829 3407 τί
841 3344 972 3427 πονηροί
984 3339 1051 3406 δαί·
1094 3356 1163 3418 tela
1175 3354 1277 3432 fruar,
1290 3356 1373 3414 tunc
1385 3350 1523 3430 pessimi
1540 3348 1708 3412 daemones
1720 3349 1774 3411 vel
1786 3347 1846 3410 ho-

302 3474 394 3539 ρονες
408 3454 430 3537 θ
446 3451 500 3516 ναί
516 3449 671 3532 ἄνθρυττοτ
694 3456 751 3532 τῆς
766 3443 917 3530 ίοίαίίίοίας
932 3444 1050 3531 ἐχθροί,
1094 3460 1203 3522 mines
1217 3457 1353 3520 veritati
1372 3453 1495 3517 iulensi
1525 3453 1734 3516 erubescent.
1766 3453 1841 3530 Ego

305 3553 588 3643 αἰσχυνθήσονταν·
603 3553 666 3638 ἐγὼ
689 3553 724 3616 δὲ
746 3553 805 3616 οὖν
821 3548 1050 3636 ἔταρθθυορας
1094 3580 1175 3626 vero
1190 3578 1258 3625 non
1273 3560 1425 3638 extollar,
1441 3557 1500 3622 sed
1519 3556 1682 3622 ecerceoor
1703 3558 1740 3620 ia
1754 3572 1845 3620 τινοιν·

304 3659 375 3724 ἀλλ’
387 3659 420 3724 ἑν
435 3666 504 3735 ταῖς
520 3657 661 3734 ἐντολαῖς
677 3677 733 3721 σου
750 3653 969 3739 austrapius.
1095 3667 1183 3733 datis
1199 3667 1277 3731 tuis.
1681 3705 1685 3722 .

344 3786 376 3829 v·
393 3766 446 3828 81·
462 3760 623 3829 ’suetas
644 3762 688 3839 τίς
709 3761 746 3826 τὁ
769 3758 922 3844 ουτνλρτον
945 3779 1002 3823 οου
1024 3754 1047 3842 ἢ
1136 3792 1167 3836 v.
1183 3774 1235 3836 81.
1250 3768 1379 3853 Defecit
1400 3769 1438 3832 ιἰι
1458 3768 1605 3833 ablactare
1625 3766 1847 3833 tesmonium

299 3867 391 3955 ψυχή
409 3889 478 3954 μου,
495 3869 540 3945 τίς
555 3869 608 3931 τὸν
623 3864 718 3950 λίνον
735 3886 791 3929 οου
808 3863 977 3953 ἐττθλτυυα·
1092 3893 1180 3954 mem
1195 3876 1233 3938 εἰι
1246 3873 1375 3937 verbm
1390 3877 1482 3936 tuom
1497 3872 1733 3952 supersperavi.

347 3972 535 4058 Ἐπείοερὸ
566 3973 620 4048 σοι
642 3969 736 4056 λόγος
757 3965 915 4053 lapaces
939 3989 990 4054 pa
1017 3970 1052 4032 τὸ
1142 3982 1255 4055 Quum
1272 3978 1422 4041 verbum
1450 3983 1548 4041 tuum
1574 3977 1660 4042 mihi
1689 3973 1848 4058 pradica-

349 4169 540 4230 llussosrus
572 4167 611 4229 ιἰι
638 4183 668 4228 ο.
696 4165 749 4229 78.
772 4165 861 4228 Num
885 4163 967 4245 quid
982 4180 1053 4225 ma·
1096 4176 1140 4222 ne
1155 4156 1287 4220 diutius
1303 4154 1438 4236 pudeat,
1455 4155 1607 4219 deserere
1624 4170 1711 4235 quae
1729 4149 1847 4215 erube·

304 4256 422 4320 ledicit
443 4257 486 4318 iis
516 4257 575 4335 qui
602 4255 721 4335 iniqua
749 4253 953 4332 gesserunt?
979 4254 1052 4314 Non
1097 4246 1221 4311 soende
1236 4250 1327 4324 sunt,
1344 4244 1574 4308 admonemur.

306 4347 458 4426 utique...
472 4343 566 4406 Unde
579 4344 724 4406 arbitror
741 4343 821 4423 quia
836 4341 934 4423 quasi
949 4339 1054 4404 medi·
1141 4337 1305 4398 Hunorus
1321 4334 1358 4396 io
1368 4352 1398 4396 ο.
1411 4333 1464 4396 81.
1481 4333 1542 4396 Est
1555 4337 1669 4395 autem
1686 4330 1847 4394 salutaris

306 4453 367 4497 eus
383 4434 466 4496 velit
481 4449 537 4495 eos
554 4433 643 4512 ipsos
659 4449 778 4495 sanare
791 4433 851 4512 qui
871 4431 1052 4493 laeserint...
1099 4425 1172 4504 ipso
1189 4423 1247 4485 illo
1263 4423 1410 4500 nomine,
1438 4421 1526 4502 quod
1550 4422 1571 4484 J
1574 4437 1651 4485 esus
1672 4435 1848 4498 nuncupa-

306 4522 418 4586 Pudor
433 4523 523 4584 enim
537 4522 736 4602 plerumque
752 4520 914 4582 correctio
927 4521 1055 4580 estno-
1098 4518 1165 4577 tur.
1187 4513 1296 4574 Causa
1311 4512 1426 4590 itaque
1442 4509 1638 4574 defectionis
1654 4514 1705 4572 est
1720 4506 1848 4571 deside-

301 4615 383 4691 stra,
392 4616 426 4675 et
433 4610 513 4673 dum
530 4611 653 4690 incipit
664 4608 858 4692 nospudere
872 4607 1053 4685 commissi,
1098 4603 1188 4666 rium
1204 4600 1377 4663 saluteris.
1390 4599 1553 4663 Salutaris
1565 4599 1656 4662 enim
1668 4601 1781 4660 noster
1791 4597 1813 4658 J
1816 4613 1848 4657 e·

339 4803 367 4842 ν.
390 4784 433 4839 78.
454 4783 522 4839 Vat.
535 4781 562 4852 4,
584 4783 609 4837 5.
623 4780 764 4849 Quosdam
784 4781 817 4837 in
837 4780 934 4838 medio
955 4776 1054 4854 posits
1098 4773 1199 4843 traxit,
1212 4789 1230 4828 ε
1242 4771 1348 4843 ηιθυταυ
1360 4771 1488 4828 Arianos
1500 4771 1550 4827 ille
1562 4768 1747 4826 abhorrebat.
1760 4767 1849 4840 Legit

303 4870 462 4927 (lardarius
481 4867 643 4939 Theodoro,
659 4867 907 4924 Montefnlconius
924 4863 1054 4922 Eusebio
1097 4859 1215 4916 Gorder.
1223 4862 1287 4926 ὅλος
1295 4853 1848 4932 γινόμενος,ρει·νστεεοοίιίίίεοοτεοθα.

305 4956 467 5013 transtulit.
1097 4945 1182 5004 Adde
1200 4945 1279 5018 quod
1299 4945 1331 5002 iu
1348 4946 1406 5002 fine
1424 4945 1529 5001 scholii
1548 4943 1706 5016 sequentis,
1724 4939 1848 5013 hujusce

339 5061 367 5103 v.
380 5044 424 5098 81.
445 5043 513 5099 Vct.
526 5042 553 5112 4,
574 5043 599 5113 6,
612 5044 637 5114 9,
660 5041 703 5098 16.
724 5039 844 5096 Βοεθειι
867 5055 913 5098 111.
926 5039 970 5096 59.
983 5039 1056 5107 Quas
1100 5033 1178 5106 quod
1190 5039 1332 5106 tenemus,
1345 5033 1428 5105 origo
1440 5031 1570 5105 genuina
1585 5030 1623 5089 eb
1635 5029 1764 5102 Origene
1774 5027 1850 5085 deri·

306 5135 443 5203 corrupte
456 5127 537 5184 edita
559 5129 639 5185 solus
657 5127 814 5185 Corderius
840 5126 879 5184 ad
896 5123 1057 5184 Eusebium
1100 5125 1170 5182 vate
1182 5125 1272 5196 patet
1520 5137 1522 5142 ’
