<?xml version="1.0" encoding="UTF-8"?>
<!DOCTYPE html PUBLIC "-//W3C//DTD XHTML 1.0 Transitional//EN"
    "http://www.w3.org/TR/xhtml1/DTD/xhtml1-transitional.dtd">
<html xmlns="http://www.w3.org/1999/xhtml" xml:lang="en" lang="en">
 <head>
  <title>
</title>
<meta http-equiv="Content-Type" content="text/html;charset=utf-8" />
  <meta name='ocr-system' content='tesseract 3.04.00' />
  <meta name='ocr-capabilities' content='ocr_page ocr_carea ocr_par ocr_line ocrx_word'/>
</head>
<body>
  <div class='ocr_page' id='page_1' title='image "./analectasacrasp00pitrgoog_0510.png"; bbox 0 0 3966 6108; ppageno 0'>
   <div class='ocr_carea' id='block_1_1' title="bbox 196 498 1722 729">
    <p class='ocr_par' dir='ltr' id='par_1_1' title="bbox 196 498 1722 729">
     <span class='ocr_line' id='line_1_1' title="bbox 829 498 1722 568; baseline 0.007 -6"><span class='ocrx_word' id='word_1_1' title='bbox 829 498 1036 562; x_wconf 84' lang='lat' dir='ltr'>EUSEBIUS</span> <span class='ocrx_word' id='word_1_2' title='bbox 1658 505 1722 568; x_wconf 84' lang='grc'><strong>499</strong></span> 
     </span>
     <span class='ocr_line' id='line_1_2' title="bbox 196 619 1717 729; baseline 0.002 -22"><span class='ocrx_word' id='word_1_3' title='bbox 196 619 526 726; x_wconf 79' lang='grc' dir='ltr'>Ἓταράχθησανκαί</span> <span class='ocrx_word' id='word_1_4' title='bbox 538 637 566 704; x_wconf 86' lang='grc' dir='ltr'><strong>οἱ</strong></span> <span class='ocrx_word' id='word_1_5' title='bbox 577 638 749 704; x_wconf 93' lang='grc' dir='ltr'>ἀπόστολοι</span> <span class='ocrx_word' id='word_1_6' title='bbox 760 637 794 705; x_wconf 91' lang='grc' dir='ltr'><strong>ἐν</strong></span> <span class='ocrx_word' id='word_1_7' title='bbox 805 647 843 724; x_wconf 78' lang='grc' dir='ltr'><strong>τῇ</strong></span> <span class='ocrx_word' id='word_1_8' title='bbox 860 638 921 702; x_wconf 76' lang='grc' dir='ltr'>θα</span> <span class='ocrx_word' id='word_1_9' title='bbox 1008 641 1146 707; x_wconf 72' lang='lat' dir='ltr'><strong>Pcctcti</strong></span> <span class='ocrx_word' id='word_1_10' title='bbox 1161 643 1263 706; x_wconf 90' lang='lat' dir='ltr'><strong>etiam</strong></span> <span class='ocrx_word' id='word_1_11' title='bbox 1279 648 1356 709; x_wconf 78' lang='lat' dir='ltr'><strong>secti</strong></span> <span class='ocrx_word' id='word_1_12' title='bbox 1371 647 1514 726; x_wconf 90' lang='lat' dir='ltr'><strong>apostoli</strong></span> <span class='ocrx_word' id='word_1_13' title='bbox 1531 648 1567 711; x_wconf 94' lang='lat' dir='ltr'><strong>in</strong></span> <span class='ocrx_word' id='word_1_14' title='bbox 1583 648 1717 729; x_wconf 80' lang='lat' dir='ltr'>pelago,</span> 
     </span>
    </p>
   </div>
   <div class='ocr_carea' id='block_1_2' title="bbox 165 742 1806 4790">
    <p class='ocr_par' dir='ltr' id='par_1_2' title="bbox 168 742 1722 1880">
     <span class='ocr_line' id='line_1_3' title="bbox 170 742 1721 832; baseline 0.001 -20"><span class='ocrx_word' id='word_1_15' title='bbox 170 747 287 832; x_wconf 86' lang='grc' dir='ltr'>λύσση,</span> <span class='ocrx_word' id='word_1_16' title='bbox 310 749 366 810; x_wconf 84' lang='grc' dir='ltr'>καί</span> <span class='ocrx_word' id='word_1_17' title='bbox 388 743 564 830; x_wconf 85' lang='grc' dir='ltr'>ἐκέκραξαν</span> <span class='ocrx_word' id='word_1_18' title='bbox 586 745 663 827; x_wconf 86' lang='grc' dir='ltr'>πρὸς</span> <span class='ocrx_word' id='word_1_19' title='bbox 686 742 803 829; x_wconf 81' lang='grc' dir='ltr'>Κύρων</span> <span class='ocrx_word' id='word_1_20' title='bbox 823 745 856 809; x_wconf 94' lang='grc' dir='ltr'><strong>ἐν</strong></span> <span class='ocrx_word' id='word_1_21' title='bbox 878 751 922 828; x_wconf 81' lang='grc' dir='ltr'><strong>τῷ</strong></span> <span class='ocrx_word' id='word_1_22' title='bbox 965 749 999 808; x_wconf 88' lang='lat' dir='ltr'><strong>et</strong></span> <span class='ocrx_word' id='word_1_23' title='bbox 1014 747 1250 810; x_wconf 89' lang='lat' dir='ltr'><strong>clamaverunt</strong></span> <span class='ocrx_word' id='word_1_24' title='bbox 1262 748 1304 812; x_wconf 89' lang='lat' dir='ltr'><strong>ad</strong></span> <span class='ocrx_word' id='word_1_25' title='bbox 1317 749 1511 831; x_wconf 90' lang='lat' dir='ltr'><strong>Dominum,</strong></span> <span class='ocrx_word' id='word_1_26' title='bbox 1524 769 1603 813; x_wconf 93' lang='lat' dir='ltr'><strong>cum</strong></span> <span class='ocrx_word' id='word_1_27' title='bbox 1614 752 1721 815; x_wconf 90' lang='lat' dir='ltr'><strong>tribu·</strong></span> 
     </span>
     <span class='ocr_line' id='line_1_4' title="bbox 168 847 1722 936; baseline 0.003 -20"><span class='ocrx_word' id='word_1_28' title='bbox 168 847 335 917; x_wconf 77' lang='grc' dir='ltr'>θλίύεοθαι</span> <span class='ocrx_word' id='word_1_29' title='bbox 349 849 480 925; x_wconf 86' lang='grc' dir='ltr'>αύτούς·</span> <span class='ocrx_word' id='word_1_30' title='bbox 498 847 570 913; x_wconf 83' lang='grc' dir='ltr'>ἀλλ’</span> <span class='ocrx_word' id='word_1_31' title='bbox 581 847 621 912; x_wconf 87' lang='grc' dir='ltr'><strong>ἐκ</strong></span> <span class='ocrx_word' id='word_1_32' title='bbox 631 857 692 913; x_wconf 92' lang='grc' dir='ltr'><strong>τῶν</strong></span> <span class='ocrx_word' id='word_1_33' title='bbox 709 848 857 934; x_wconf 78' lang='grc' dir='ltr'>ἀναγκῶν</span> <span class='ocrx_word' id='word_1_34' title='bbox 868 847 923 911; x_wconf 83' lang='grc' dir='ltr'>αὐ-</span> <span class='ocrx_word' id='word_1_35' title='bbox 965 850 1128 930; x_wconf 89' lang='lat' dir='ltr'><strong>larentur,</strong></span> <span class='ocrx_word' id='word_1_36' title='bbox 1144 856 1178 914; x_wconf 89' lang='lat' dir='ltr'><strong>et</strong></span> <span class='ocrx_word' id='word_1_37' title='bbox 1188 867 1209 914; x_wconf 92' lang='lat' dir='ltr'><strong>c</strong></span> <span class='ocrx_word' id='word_1_38' title='bbox 1221 848 1466 918; x_wconf 70' lang='lat' dir='ltr'><strong>cccccccccc</strong></span> <span class='ocrx_word' id='word_1_39' title='bbox 1477 871 1586 919; x_wconf 76' lang='lat' dir='ltr'><strong>ccccm</strong></span> <span class='ocrx_word' id='word_1_40' title='bbox 1597 856 1722 936; x_wconf 78' lang='lat' dir='ltr'><strong>cripuit</strong></span> 
     </span>
     <span class='ocr_line' id='line_1_5' title="bbox 169 946 1715 1040; baseline 0.001 -18"><span class='ocrx_word' id='word_1_41' title='bbox 169 963 232 1024; x_wconf 89' lang='grc' dir='ltr'><strong>τῶν</strong></span> <span class='ocrx_word' id='word_1_42' title='bbox 247 952 403 1040; x_wconf 76' lang='grc' dir='ltr'>ἐξήγαγεν</span> <span class='ocrx_word' id='word_1_43' title='bbox 420 954 543 1036; x_wconf 82' lang='grc' dir='ltr'>αύτούς,</span> <span class='ocrx_word' id='word_1_44' title='bbox 567 951 755 1038; x_wconf 76' lang='grc' dir='ltr'>ἐπιτιμήσας</span> <span class='ocrx_word' id='word_1_45' title='bbox 769 960 835 1028; x_wconf 81' lang='grc' dir='ltr'>τοῖς</span> <span class='ocrx_word' id='word_1_46' title='bbox 851 946 921 1016; x_wconf 89' lang='grc' dir='ltr'>ἀνέ-</span> <span class='ocrx_word' id='word_1_47' title='bbox 963 953 1051 1032; x_wconf 82' lang='lat' dir='ltr'><strong>ilice,</strong></span> <span class='ocrx_word' id='word_1_48' title='bbox 1072 954 1153 1018; x_wconf 91' lang='lat' dir='ltr'><strong>dum</strong></span> <span class='ocrx_word' id='word_1_49' title='bbox 1164 956 1346 1037; x_wconf 73' lang='lat' dir='ltr'><em>increpavit</em></span> <span class='ocrx_word' id='word_1_50' title='bbox 1356 958 1467 1021; x_wconf 88' lang='lat' dir='ltr'><strong>ventis</strong></span> <span class='ocrx_word' id='word_1_51' title='bbox 1480 963 1514 1021; x_wconf 88' lang='lat' dir='ltr'><strong>et</strong></span> <span class='ocrx_word' id='word_1_52' title='bbox 1521 960 1715 1040; x_wconf 77' lang='lat' dir='ltr'><strong>tempestati,</strong></span> 
     </span>
     <span class='ocr_line' id='line_1_6' title="bbox 172 1055 1721 1147; baseline 0.003 -23"><span class='ocrx_word' id='word_1_53' title='bbox 172 1081 242 1147; x_wconf 91' lang='grc' dir='ltr'>μοις</span> <span class='ocrx_word' id='word_1_54' title='bbox 256 1060 312 1123; x_wconf 82' lang='grc' dir='ltr'>καί</span> <span class='ocrx_word' id='word_1_55' title='bbox 334 1065 378 1144; x_wconf 83' lang='grc' dir='ltr'><strong>τῷ</strong></span> <span class='ocrx_word' id='word_1_56' title='bbox 393 1055 539 1140; x_wconf 87' lang='grc' dir='ltr'>κλύδωνι,</span> <span class='ocrx_word' id='word_1_57' title='bbox 563 1057 616 1122; x_wconf 87' lang='grc' dir='ltr'>ότε</span> <span class='ocrx_word' id='word_1_58' title='bbox 631 1057 686 1120; x_wconf 88' lang='grc' dir='ltr'>καί</span> <span class='ocrx_word' id='word_1_59' title='bbox 708 1055 860 1142; x_wconf 78' lang='grc' dir='ltr'>ἐσίγησαν</span> <span class='ocrx_word' id='word_1_60' title='bbox 881 1056 923 1119; x_wconf 82' lang='grc' dir='ltr'><strong>τὰ</strong></span> <span class='ocrx_word' id='word_1_61' title='bbox 965 1063 999 1120; x_wconf 90' lang='lat' dir='ltr'><strong>et</strong></span> <span class='ocrx_word' id='word_1_62' title='bbox 1014 1058 1148 1138; x_wconf 87' lang='lat' dir='ltr'><strong>quando</strong></span> <span class='ocrx_word' id='word_1_63' title='bbox 1160 1060 1331 1124; x_wconf 87' lang='lat' dir='ltr'><strong>siluerunt</strong></span> <span class='ocrx_word' id='word_1_64' title='bbox 1343 1063 1499 1142; x_wconf 82' lang='lat' dir='ltr'><strong>procella</strong></span> <span class='ocrx_word' id='word_1_65' title='bbox 1516 1059 1649 1128; x_wconf 86' lang='lat' dir='ltr'><strong>fluctus.</strong></span> <span class='ocrx_word' id='word_1_66' title='bbox 1664 1066 1721 1128; x_wconf 90' lang='lat' dir='ltr'><strong>llli</strong></span> 
     </span>
     <span class='ocr_line' id='line_1_7' title="bbox 168 1156 1721 1249; baseline 0.004 -23"><span class='ocrx_word' id='word_1_67' title='bbox 168 1161 297 1249; x_wconf 89' lang='grc' dir='ltr'>κύματα</span> <span class='ocrx_word' id='word_1_68' title='bbox 312 1159 420 1245; x_wconf 77' lang='grc' dir='ltr'>αὐτῆς.</span> <span class='ocrx_word' id='word_1_69' title='bbox 440 1158 479 1226; x_wconf 82' lang='lat' dir='ltr'><strong>Oi</strong></span> <span class='ocrx_word' id='word_1_70' title='bbox 494 1160 530 1225; x_wconf 90' lang='grc' dir='ltr'><strong>δέ</strong></span> <span class='ocrx_word' id='word_1_71' title='bbox 546 1157 767 1244; x_wconf 81' lang='grc' dir='ltr'>εύφρίινθησαν</span> <span class='ocrx_word' id='word_1_72' title='bbox 781 1161 837 1242; x_wconf 85' lang='grc' dir='ltr'>καί</span> <span class='ocrx_word' id='word_1_73' title='bbox 846 1156 923 1243; x_wconf 87' lang='grc' dir='ltr'>ήού-</span> <span class='ocrx_word' id='word_1_74' title='bbox 964 1167 1079 1225; x_wconf 86' lang='lat' dir='ltr'><strong>autem</strong></span> <span class='ocrx_word' id='word_1_75' title='bbox 1095 1161 1199 1229; x_wconf 86' lang='lat' dir='ltr'><strong>tctcti</strong></span> <span class='ocrx_word' id='word_1_76' title='bbox 1212 1169 1292 1229; x_wconf 80' lang='lat' dir='ltr'><strong>scat</strong></span> <span class='ocrx_word' id='word_1_77' title='bbox 1304 1169 1336 1230; x_wconf 85' lang='lat' dir='ltr'><strong>et</strong></span> <span class='ocrx_word' id='word_1_78' title='bbox 1349 1167 1550 1248; x_wconf 84' lang='lat' dir='ltr'><strong>qcieccrcct,</strong></span> <span class='ocrx_word' id='word_1_79' title='bbox 1577 1167 1721 1234; x_wconf 83' lang='lat' dir='ltr'><strong>trcdcctc&#39;</strong></span> 
     </span>
     <span class='ocr_line' id='line_1_8' title="bbox 170 1264 1719 1355; baseline 0.003 -23"><span class='ocrx_word' id='word_1_80' title='bbox 170 1289 288 1355; x_wconf 86' lang='grc' dir='ltr'>χασαν,</span> <span class='ocrx_word' id='word_1_81' title='bbox 304 1264 515 1352; x_wconf 86' lang='grc' dir='ltr'>δδηγηθέντες</span> <span class='ocrx_word' id='word_1_82' title='bbox 538 1265 588 1330; x_wconf 78' lang='grc' dir='ltr'>ἐπὶ</span> <span class='ocrx_word' id='word_1_83' title='bbox 603 1264 715 1352; x_wconf 80' lang='grc' dir='ltr'>λιμένα</span> <span class='ocrx_word' id='word_1_84' title='bbox 739 1264 923 1351; x_wconf 73' lang='grc' dir='ltr'>θελήματος</span> <span class='ocrx_word' id='word_1_85' title='bbox 964 1264 1147 1347; x_wconf 78' lang='grc' dir='ltr'>σύροιῖιιοι</span> <span class='ocrx_word' id='word_1_86' title='bbox 1160 1267 1339 1334; x_wconf 80' lang='lat' dir='ltr'><strong>cclcctctis</strong></span> <span class='ocrx_word' id='word_1_87' title='bbox 1353 1269 1446 1349; x_wconf 83' lang='lat' dir='ltr'><strong>ejcs;</strong></span> <span class='ocrx_word' id='word_1_88' title='bbox 1458 1271 1500 1334; x_wconf 88' lang='lat' dir='ltr'><strong>ad</strong></span> <span class='ocrx_word' id='word_1_89' title='bbox 1516 1287 1592 1352; x_wconf 79' lang='lat' dir='ltr'><strong>quae</strong></span> <span class='ocrx_word' id='word_1_90' title='bbox 1605 1289 1719 1336; x_wconf 88' lang='lat' dir='ltr'><strong>neees-</strong></span> 
     </span>
     <span class='ocr_line' id='line_1_9' title="bbox 169 1369 1720 1458; baseline 0.003 -22"><span class='ocrx_word' id='word_1_91' title='bbox 169 1371 277 1454; x_wconf 85' lang='grc' dir='ltr'>αὐτοῶ,</span> <span class='ocrx_word' id='word_1_92' title='bbox 293 1370 343 1457; x_wconf 87' lang='grc' dir='ltr'><strong>ἐρ’</strong></span> <span class='ocrx_word' id='word_1_93' title='bbox 357 1371 437 1448; x_wconf 85' lang='grc' dir='ltr'><strong>οίςὸ</strong></span> <span class='ocrx_word' id='word_1_94' title='bbox 460 1369 554 1456; x_wconf 82' lang='grc' dir='ltr'>λόγος</span> <span class='ocrx_word' id='word_1_95' title='bbox 571 1370 746 1457; x_wconf 86' lang='grc' dir='ltr'>ἀναγκαῖος</span> <span class='ocrx_word' id='word_1_96' title='bbox 768 1369 923 1454; x_wconf 84' lang='grc' dir='ltr'>προστάτ-</span> <span class='ocrx_word' id='word_1_97' title='bbox 964 1388 1000 1434; x_wconf 88' lang='lat' dir='ltr'><strong>se</strong></span> <span class='ocrx_word' id='word_1_98' title='bbox 1023 1375 1096 1433; x_wconf 90' lang='lat' dir='ltr'><strong>erat</strong></span> <span class='ocrx_word' id='word_1_99' title='bbox 1118 1377 1239 1452; x_wconf 88' lang='lat' dir='ltr'><strong>quarto</strong></span> <span class='ocrx_word' id='word_1_100' title='bbox 1255 1374 1328 1436; x_wconf 92' lang='lat' dir='ltr'><strong>loco</strong></span> <span class='ocrx_word' id='word_1_101' title='bbox 1355 1375 1538 1455; x_wconf 73' lang='lat' dir='ltr'><strong>praecipere</strong></span> <span class='ocrx_word' id='word_1_102' title='bbox 1560 1380 1599 1437; x_wconf 91' lang='lat' dir='ltr'><strong>ut</strong></span> <span class='ocrx_word' id='word_1_103' title='bbox 1626 1375 1720 1458; x_wconf 69' lang='lat' dir='ltr'><strong>cccvi-</strong></span> 
     </span>
     <span class='ocr_line' id='line_1_10' title="bbox 168 1472 1720 1560; baseline 0.001 -20"><span class='ocrx_word' id='word_1_104' title='bbox 168 1495 216 1540; x_wconf 86' lang='grc' dir='ltr'>τει</span> <span class='ocrx_word' id='word_1_105' title='bbox 230 1473 381 1559; x_wconf 89' lang='grc' dir='ltr'>τέταρτόν</span> <span class='ocrx_word' id='word_1_106' title='bbox 395 1495 457 1538; x_wconf 90' lang='grc' dir='ltr'>που</span> <span class='ocrx_word' id='word_1_107' title='bbox 472 1475 507 1538; x_wconf 88' lang='grc' dir='ltr'><strong>τό</strong></span> <span class='ocrx_word' id='word_1_108' title='bbox 523 1473 780 1560; x_wconf 79' lang='grc' dir='ltr'>ἐξομολογεῖσθαι</span> <span class='ocrx_word' id='word_1_109' title='bbox 796 1483 840 1559; x_wconf 82' lang='grc' dir='ltr'><strong>τῷ</strong></span> <span class='ocrx_word' id='word_1_110' title='bbox 855 1472 920 1538; x_wconf 90' lang='grc' dir='ltr'><strong>Κυ-</strong></span> <span class='ocrx_word' id='word_1_111' title='bbox 965 1477 1094 1539; x_wconf 83' lang='lat' dir='ltr'><strong>tccntcr</strong></span> <span class='ocrx_word' id='word_1_112' title='bbox 1108 1473 1245 1539; x_wconf 86' lang='lat' dir='ltr'><strong>Domicc</strong></span> <span class='ocrx_word' id='word_1_113' title='bbox 1263 1475 1493 1542; x_wconf 76' lang='lat' dir='ltr'><strong>misericordie</strong></span> <span class='ocrx_word' id='word_1_114' title='bbox 1507 1477 1589 1557; x_wconf 74' lang='lat' dir='ltr'><strong>eice,</strong></span> <span class='ocrx_word' id='word_1_115' title='bbox 1610 1482 1645 1540; x_wconf 90' lang='lat' dir='ltr'><strong>et</strong></span> <span class='ocrx_word' id='word_1_116' title='bbox 1659 1496 1720 1559; x_wconf 89' lang='lat' dir='ltr'><strong>per</strong></span> 
     </span>
     <span class='ocr_line' id='line_1_11' title="bbox 168 1577 1721 1667; baseline 0.001 -22"><span class='ocrx_word' id='word_1_117' title='bbox 168 1579 234 1666; x_wconf 89' lang='grc' dir='ltr'>ρίιμ,</span> <span class='ocrx_word' id='word_1_118' title='bbox 246 1581 302 1646; x_wconf 87' lang='grc' dir='ltr'>καί</span> <span class='ocrx_word' id='word_1_119' title='bbox 312 1581 354 1646; x_wconf 86' lang='grc' dir='ltr'>τά</span> <span class='ocrx_word' id='word_1_120' title='bbox 369 1579 444 1665; x_wconf 89' lang='grc' dir='ltr'>ἐλέη</span> <span class='ocrx_word' id='word_1_121' title='bbox 457 1582 554 1648; x_wconf 77' lang='lat' dir='ltr'><strong>ccccc</strong></span> <span class='ocrx_word' id='word_1_122' title='bbox 569 1580 620 1646; x_wconf 86' lang='grc' dir='ltr'><strong>διά</strong></span> <span class='ocrx_word' id='word_1_123' title='bbox 631 1589 687 1646; x_wconf 88' lang='grc' dir='ltr'><strong>τού</strong></span> <span class='ocrx_word' id='word_1_124' title='bbox 699 1579 855 1667; x_wconf 90' lang='grc' dir='ltr'>στόματος</span> <span class='ocrx_word' id='word_1_125' title='bbox 867 1579 921 1666; x_wconf 82' lang='grc' dir='ltr'><strong>φέ-</strong></span> <span class='ocrx_word' id='word_1_126' title='bbox 964 1594 1024 1640; x_wconf 87' lang='lat' dir='ltr'><strong>ora</strong></span> <span class='ocrx_word' id='word_1_127' title='bbox 1035 1577 1326 1659; x_wconf 80' lang='lat' dir='ltr'><strong>circumferantur,</strong></span> <span class='ocrx_word' id='word_1_128' title='bbox 1346 1585 1448 1660; x_wconf 89' lang='lat' dir='ltr'><strong>atque</strong></span> <span class='ocrx_word' id='word_1_129' title='bbox 1460 1580 1619 1644; x_wconf 90' lang='lat' dir='ltr'><strong>omnibus</strong></span> <span class='ocrx_word' id='word_1_130' title='bbox 1626 1581 1721 1664; x_wconf 77' lang='lat' dir='ltr'><strong>filiis·</strong></span> 
     </span>
     <span class='ocr_line' id='line_1_12' title="bbox 171 1681 1654 1772; baseline -0.003 -21"><span class='ocrx_word' id='word_1_131' title='bbox 171 1707 246 1772; x_wconf 88' lang='grc' dir='ltr'>ρειν,</span> <span class='ocrx_word' id='word_1_132' title='bbox 262 1681 358 1751; x_wconf 80' lang='grc' dir='ltr'>πᾶσίν</span> <span class='ocrx_word' id='word_1_133' title='bbox 380 1706 415 1749; x_wconf 91' lang='grc' dir='ltr'>τε</span> <span class='ocrx_word' id='word_1_134' title='bbox 430 1692 495 1763; x_wconf 85' lang='grc' dir='ltr'>τοῖς</span> <span class='ocrx_word' id='word_1_135' title='bbox 518 1683 595 1762; x_wconf 88' lang='grc' dir='ltr'>υίοῖς</span> <span class='ocrx_word' id='word_1_136' title='bbox 616 1692 677 1748; x_wconf 89' lang='grc' dir='ltr'><strong>τῶν</strong></span> <span class='ocrx_word' id='word_1_137' title='bbox 700 1683 871 1772; x_wconf 82' lang='grc' dir='ltr'>ἀνθρώπων</span> <span class='ocrx_word' id='word_1_138' title='bbox 888 1684 923 1749; x_wconf 86' lang='grc' dir='ltr'><strong>ἀ·</strong></span> <span class='ocrx_word' id='word_1_139' title='bbox 964 1681 1376 1748; x_wconf 78' lang='grc' dir='ltr'>Ιιοναίααωάααααίίσαόυν</span> <span class='ocrx_word' id='word_1_140' title='bbox 1389 1683 1559 1749; x_wconf 81' lang='lat' dir='ltr'><strong>mircbitic</strong></span> <span class='ocrx_word' id='word_1_141' title='bbox 1573 1685 1654 1766; x_wconf 80' lang='lat' dir='ltr'><strong>cjcc.</strong></span> 
     </span>
     <span class='ocr_line' id='line_1_13' title="bbox 173 1787 1579 1880; baseline -0.005 -26"><span class='ocrx_word' id='word_1_142' title='bbox 173 1787 366 1880; x_wconf 87' lang='grc' dir='ltr'>παγγέλλειν</span> <span class='ocrx_word' id='word_1_143' title='bbox 380 1789 421 1853; x_wconf 89' lang='grc' dir='ltr'>τά</span> <span class='ocrx_word' id='word_1_144' title='bbox 434 1787 602 1874; x_wconf 83' lang='grc' dir='ltr'>θαυμάσια</span> <span class='ocrx_word' id='word_1_145' title='bbox 617 1787 724 1853; x_wconf 72' lang='lat' dir='ltr'><strong>cicccc.</strong></span> <span class='ocrx_word' id='word_1_146' title='bbox 1573 1851 1579 1856; x_wconf 62' lang='grc'>,</span> 
     </span>
    </p>

    <p class='ocr_par' dir='ltr' id='par_1_3' title="bbox 170 1889 1713 2169">
     <span class='ocr_line' id='line_1_14' title="bbox 217 1889 1713 1980; baseline -0.001 -21"><span class='ocrx_word' id='word_1_147' title='bbox 217 1914 250 1961; x_wconf 83' lang='grc' dir='ltr'><strong>ν.</strong></span> <span class='ocrx_word' id='word_1_148' title='bbox 263 1897 314 1960; x_wconf 81' lang='grc'>32.</span> <span class='ocrx_word' id='word_1_149' title='bbox 330 1891 565 1980; x_wconf 76' lang='grc' dir='ltr'>’Υψωσίιτωσαν</span> <span class='ocrx_word' id='word_1_150' title='bbox 592 1891 687 1956; x_wconf 84' lang='grc' dir='ltr'>αὐτόν</span> <span class='ocrx_word' id='word_1_151' title='bbox 710 1889 743 1955; x_wconf 90' lang='grc' dir='ltr'><strong>ἐν</strong></span> <span class='ocrx_word' id='word_1_152' title='bbox 766 1889 924 1978; x_wconf 81' lang='grc' dir='ltr'>ἐκκλησίᾳ</span> <span class='ocrx_word' id='word_1_153' title='bbox 1008 1909 1040 1953; x_wconf 90' lang='lat' dir='ltr'><strong>v.</strong></span> <span class='ocrx_word' id='word_1_154' title='bbox 1049 1891 1101 1954; x_wconf 79' lang='lat'><strong>32.</strong></span> <span class='ocrx_word' id='word_1_155' title='bbox 1109 1893 1155 1955; x_wconf 79' lang='lat' dir='ltr'><strong>Et</strong></span> <span class='ocrx_word' id='word_1_156' title='bbox 1168 1891 1310 1956; x_wconf 72' lang='lat' dir='ltr'><strong>exaltent</strong></span> <span class='ocrx_word' id='word_1_157' title='bbox 1320 1909 1392 1955; x_wconf 82' lang='lat' dir='ltr'><strong>cccc</strong></span> <span class='ocrx_word' id='word_1_158' title='bbox 1405 1892 1443 1955; x_wconf 85' lang='lat' dir='ltr'><strong>in</strong></span> <span class='ocrx_word' id='word_1_159' title='bbox 1453 1891 1713 1974; x_wconf 69' lang='lat' dir='ltr'><strong>ecclesiacticis,</strong></span> 
     </span>
     <span class='ocr_line' id='line_1_15' title="bbox 170 1993 1630 2083; baseline -0.004 -19"><span class='ocrx_word' id='word_1_160' title='bbox 170 1999 261 2083; x_wconf 85' lang='grc' dir='ltr'>λαοό,</span> <span class='ocrx_word' id='word_1_161' title='bbox 276 1999 332 2063; x_wconf 88' lang='grc' dir='ltr'>καί</span> <span class='ocrx_word' id='word_1_162' title='bbox 354 1999 388 2063; x_wconf 90' lang='grc' dir='ltr'><strong>ἐν</strong></span> <span class='ocrx_word' id='word_1_163' title='bbox 405 1995 545 2082; x_wconf 85' lang='grc' dir='ltr'>καθέδρᾳ</span> <span class='ocrx_word' id='word_1_164' title='bbox 566 1994 784 2081; x_wconf 86' lang='grc' dir='ltr'>πρεσύυτέρων</span> <span class='ocrx_word' id='word_1_165' title='bbox 800 1997 923 2063; x_wconf 88' lang='grc' dir='ltr'>αίνεσύι-</span> <span class='ocrx_word' id='word_1_166' title='bbox 965 1999 997 2058; x_wconf 89' lang='lat' dir='ltr'><strong>ct</strong></span> <span class='ocrx_word' id='word_1_167' title='bbox 1011 1995 1046 2059; x_wconf 86' lang='lat' dir='ltr'><strong>in</strong></span> <span class='ocrx_word' id='word_1_168' title='bbox 1060 1993 1210 2061; x_wconf 71' lang='lat' dir='ltr'><strong>ccccc</strong></span> <span class='ocrx_word' id='word_1_169' title='bbox 1226 1996 1390 2060; x_wconf 78' lang='lat' dir='ltr'><strong>seciorem</strong></span> <span class='ocrx_word' id='word_1_170' title='bbox 1405 1995 1539 2062; x_wconf 72' lang='grc' dir='ltr'>ίαιιιίσιιί</span> <span class='ocrx_word' id='word_1_171' title='bbox 1549 2012 1630 2060; x_wconf 87' lang='lat' dir='ltr'><strong>ccm.</strong></span> 
     </span>
     <span class='ocr_line' id='line_1_16' title="bbox 171 2100 618 2169; baseline 0.004 -2"><span class='ocrx_word' id='word_1_172' title='bbox 171 2123 276 2168; x_wconf 91' lang='grc' dir='ltr'>τωσαν</span> <span class='ocrx_word' id='word_1_173' title='bbox 291 2100 396 2169; x_wconf 78' lang='grc' dir='ltr'>αὐτόν.</span> <span class='ocrx_word' id='word_1_174' title='bbox 611 2101 618 2108; x_wconf 74' lang='grc'><em>“</em></span> 
     </span>
    </p>

    <p class='ocr_par' dir='ltr' id='par_1_4' title="bbox 166 2202 1721 3227">
     <span class='ocr_line' id='line_1_17' title="bbox 212 2202 1718 2290; baseline 0 -20"><span class='ocrx_word' id='word_1_175' title='bbox 212 2205 304 2271; x_wconf 77' lang='lat' dir='ltr'><strong>Mer&amp;</strong></span> <span class='ocrx_word' id='word_1_176' title='bbox 318 2207 359 2271; x_wconf 90' lang='grc' dir='ltr'>τά</span> <span class='ocrx_word' id='word_1_177' title='bbox 381 2203 533 2290; x_wconf 81' lang='grc' dir='ltr'>εἰρημένα</span> <span class='ocrx_word' id='word_1_178' title='bbox 555 2206 625 2289; x_wconf 84' lang='grc' dir='ltr'>π’έρί</span> <span class='ocrx_word' id='word_1_179' title='bbox 640 2211 702 2269; x_wconf 90' lang='grc' dir='ltr'><strong>τῶν</strong></span> <span class='ocrx_word' id='word_1_180' title='bbox 726 2202 921 2286; x_wconf 80' lang='grc' dir='ltr'>ἀποστόλων,</span> <span class='ocrx_word' id='word_1_181' title='bbox 1010 2207 1188 2282; x_wconf 82' lang='lat' dir='ltr'><strong>Quacum</strong></span> <span class='ocrx_word' id='word_1_182' title='bbox 1220 2205 1312 2269; x_wconf 90' lang='lat' dir='ltr'><strong>dicta</strong></span> <span class='ocrx_word' id='word_1_183' title='bbox 1335 2205 1463 2269; x_wconf 86' lang='lat' dir='ltr'><strong>fuerint</strong></span> <span class='ocrx_word' id='word_1_184' title='bbox 1485 2207 1526 2270; x_wconf 88' lang='lat' dir='ltr'><strong>de</strong></span> <span class='ocrx_word' id='word_1_185' title='bbox 1548 2207 1718 2288; x_wconf 86' lang='lat' dir='ltr'><strong>apostolis,</strong></span> 
     </span>
     <span class='ocr_line' id='line_1_18' title="bbox 169 2307 1719 2395; baseline -0.002 -19"><span class='ocrx_word' id='word_1_186' title='bbox 169 2310 225 2376; x_wconf 86' lang='grc' dir='ltr'>καί</span> <span class='ocrx_word' id='word_1_187' title='bbox 239 2317 297 2395; x_wconf 80' lang='grc' dir='ltr'>της</span> <span class='ocrx_word' id='word_1_188' title='bbox 320 2307 498 2395; x_wconf 75' lang='grc' dir='ltr'>ἐκκλησίας</span> <span class='ocrx_word' id='word_1_189' title='bbox 521 2317 630 2393; x_wconf 81' lang='grc' dir='ltr'>σαφῶς</span> <span class='ocrx_word' id='word_1_190' title='bbox 654 2309 851 2395; x_wconf 81' lang='grc' dir='ltr'>μνημονεύει,</span> <span class='ocrx_word' id='word_1_191' title='bbox 867 2311 921 2373; x_wconf 89' lang='grc' dir='ltr'>καί</span> <span class='ocrx_word' id='word_1_192' title='bbox 966 2309 1069 2372; x_wconf 89' lang='lat' dir='ltr'><strong>etiam</strong></span> <span class='ocrx_word' id='word_1_193' title='bbox 1085 2307 1125 2372; x_wconf 88' lang='lat' dir='ltr'><strong>de</strong></span> <span class='ocrx_word' id='word_1_194' title='bbox 1141 2309 1293 2373; x_wconf 80' lang='lat' dir='ltr'>Ecclesia</span> <span class='ocrx_word' id='word_1_195' title='bbox 1311 2311 1423 2391; x_wconf 90' lang='lat' dir='ltr'><strong>palam</strong></span> <span class='ocrx_word' id='word_1_196' title='bbox 1440 2311 1719 2390; x_wconf 80' lang='lat' dir='ltr'><strong>comminiscitur,</strong></span> 
     </span>
     <span class='ocr_line' id='line_1_19' title="bbox 170 2401 1720 2499; baseline -0.001 -21"><span class='ocrx_word' id='word_1_197' title='bbox 170 2422 227 2478; x_wconf 83' lang='grc' dir='ltr'><strong>τοῦ</strong></span> <span class='ocrx_word' id='word_1_198' title='bbox 248 2411 407 2498; x_wconf 81' lang='grc' dir='ltr'>τιθεμένου</span> <span class='ocrx_word' id='word_1_199' title='bbox 428 2413 461 2478; x_wconf 87' lang='grc' dir='ltr'><strong>ἐν</strong></span> <span class='ocrx_word' id='word_1_200' title='bbox 477 2413 556 2498; x_wconf 81' lang='grc' dir='ltr'>αύτη</span> <span class='ocrx_word' id='word_1_201' title='bbox 572 2401 756 2496; x_wconf 87' lang='grc' dir='ltr'>πρεσύείου·</span> <span class='ocrx_word' id='word_1_202' title='bbox 780 2413 844 2478; x_wconf 83' lang='grc' dir='ltr'>ἔδει</span> <span class='ocrx_word' id='word_1_203' title='bbox 859 2416 921 2499; x_wconf 89' lang='grc' dir='ltr'>γδιρ</span> <span class='ocrx_word' id='word_1_204' title='bbox 966 2415 1000 2475; x_wconf 89' lang='lat' dir='ltr'><strong>ct</strong></span> <span class='ocrx_word' id='word_1_205' title='bbox 1014 2411 1055 2475; x_wconf 93' lang='lat' dir='ltr'><strong>de</strong></span> <span class='ocrx_word' id='word_1_206' title='bbox 1082 2417 1204 2476; x_wconf 89' lang='lat' dir='ltr'><strong>senatu</strong></span> <span class='ocrx_word' id='word_1_207' title='bbox 1226 2413 1262 2476; x_wconf 92' lang='lat' dir='ltr'><strong>in</strong></span> <span class='ocrx_word' id='word_1_208' title='bbox 1289 2430 1330 2475; x_wconf 88' lang='lat' dir='ltr'><strong>ea</strong></span> <span class='ocrx_word' id='word_1_209' title='bbox 1351 2413 1558 2479; x_wconf 72' lang='lat' dir='ltr'><strong>constituto.v</strong></span> <span class='ocrx_word' id='word_1_210' title='bbox 1572 2413 1720 2478; x_wconf 85' lang='lat' dir='ltr'><strong>Docebat</strong></span> 
     </span>
     <span class='ocr_line' id='line_1_20' title="bbox 171 2514 1718 2603; baseline -0.001 -21"><span class='ocrx_word' id='word_1_211' title='bbox 171 2515 214 2596; x_wconf 83' lang='grc' dir='ltr'>ὡς</span> <span class='ocrx_word' id='word_1_212' title='bbox 229 2517 262 2584; x_wconf 96' lang='grc' dir='ltr'><strong>ἐν</strong></span> <span class='ocrx_word' id='word_1_213' title='bbox 287 2516 415 2603; x_wconf 81' lang='grc' dir='ltr'>ἀγαθῶν</span> <span class='ocrx_word' id='word_1_214' title='bbox 437 2514 631 2602; x_wconf 79' lang='grc' dir='ltr'>εὐαγγελίοις</span> <span class='ocrx_word' id='word_1_215' title='bbox 653 2516 842 2583; x_wconf 81' lang='grc' dir='ltr'>καὶτούτων</span> <span class='ocrx_word' id='word_1_216' title='bbox 864 2520 922 2603; x_wconf 85' lang='grc' dir='ltr'><strong>τήν</strong></span> <span class='ocrx_word' id='word_1_217' title='bbox 966 2515 1290 2580; x_wconf 87' lang='lat' dir='ltr'><strong>eniminterfaustos</strong></span> <span class='ocrx_word' id='word_1_218' title='bbox 1301 2518 1450 2596; x_wconf 88' lang='lat' dir='ltr'><strong>nuntios,</strong></span> <span class='ocrx_word' id='word_1_219' title='bbox 1464 2519 1567 2580; x_wconf 89' lang='lat' dir='ltr'><strong>etiam</strong></span> <span class='ocrx_word' id='word_1_220' title='bbox 1581 2518 1718 2582; x_wconf 90' lang='lat' dir='ltr'><strong>illorum</strong></span> 
     </span>
     <span class='ocr_line' id='line_1_21' title="bbox 171 2619 1720 2707; baseline -0.001 -21"><span class='ocrx_word' id='word_1_221' title='bbox 171 2619 298 2707; x_wconf 92' lang='grc' dir='ltr'>μνήμην</span> <span class='ocrx_word' id='word_1_222' title='bbox 312 2619 922 2706; x_wconf 74' lang='grc' dir='ltr'>παραληφθῆναι.Προστάττσνταιδέοἱ</span> <span class='ocrx_word' id='word_1_223' title='bbox 965 2621 1112 2683; x_wconf 88' lang='lat' dir='ltr'><strong>recolere</strong></span> <span class='ocrx_word' id='word_1_224' title='bbox 1149 2621 1357 2684; x_wconf 87' lang='lat' dir='ltr'><strong>memoriam.</strong></span> <span class='ocrx_word' id='word_1_225' title='bbox 1396 2620 1568 2684; x_wconf 90' lang='lat' dir='ltr'><strong>Jubentur</strong></span> <span class='ocrx_word' id='word_1_226' title='bbox 1604 2626 1720 2685; x_wconf 88' lang='lat' dir='ltr'><strong>autem</strong></span> 
     </span>
     <span class='ocr_line' id='line_1_22' title="bbox 169 2723 1719 2812; baseline -0.002 -22"><span class='ocrx_word' id='word_1_227' title='bbox 169 2724 362 2811; x_wconf 88' lang='grc' dir='ltr'>δηλωθέντες</span> <span class='ocrx_word' id='word_1_228' title='bbox 378 2725 477 2812; x_wconf 80' lang='grc' dir='ltr'>ὑψοῦν</span> <span class='ocrx_word' id='word_1_229' title='bbox 492 2728 546 2791; x_wconf 86' lang='grc' dir='ltr'><strong>τόν</strong></span> <span class='ocrx_word' id='word_1_230' title='bbox 561 2723 681 2790; x_wconf 82' lang='grc' dir='ltr'>ἑαυτῶν</span> <span class='ocrx_word' id='word_1_231' title='bbox 693 2724 810 2811; x_wconf 85' lang='grc' dir='ltr'>Κύριον</span> <span class='ocrx_word' id='word_1_232' title='bbox 825 2727 858 2791; x_wconf 91' lang='grc' dir='ltr'><strong>ἐν</strong></span> <span class='ocrx_word' id='word_1_233' title='bbox 869 2726 922 2790; x_wconf 86' lang='grc' dir='ltr'><strong>ἐκ·</strong></span> <span class='ocrx_word' id='word_1_234' title='bbox 965 2725 1218 2787; x_wconf 89' lang='lat' dir='ltr'><strong>commemorati</strong></span> <span class='ocrx_word' id='word_1_235' title='bbox 1242 2726 1392 2788; x_wconf 86' lang='lat' dir='ltr'><strong>exaltare</strong></span> <span class='ocrx_word' id='word_1_236' title='bbox 1407 2743 1510 2788; x_wconf 86' lang='lat' dir='ltr'><strong>suum</strong></span> <span class='ocrx_word' id='word_1_237' title='bbox 1534 2726 1719 2788; x_wconf 90' lang='lat' dir='ltr'><strong>Dominum</strong></span> 
     </span>
     <span class='ocr_line' id='line_1_23' title="bbox 169 2827 1718 2916; baseline -0.004 -20"><span class='ocrx_word' id='word_1_238' title='bbox 169 2829 317 2916; x_wconf 87' lang='grc' dir='ltr'>κλησίαις</span> <span class='ocrx_word' id='word_1_239' title='bbox 331 2828 422 2911; x_wconf 85' lang='grc' dir='ltr'>λαού,</span> <span class='ocrx_word' id='word_1_240' title='bbox 439 2830 495 2893; x_wconf 82' lang='grc' dir='ltr'>καί</span> <span class='ocrx_word' id='word_1_241' title='bbox 509 2827 542 2892; x_wconf 92' lang='grc' dir='ltr'><strong>ἐν</strong></span> <span class='ocrx_word' id='word_1_242' title='bbox 564 2828 732 2913; x_wconf 85' lang='grc' dir='ltr'>καθέδραις</span> <span class='ocrx_word' id='word_1_243' title='bbox 750 2827 920 2914; x_wconf 82' lang='grc' dir='ltr'>πρεσόυτέ-</span> <span class='ocrx_word' id='word_1_244' title='bbox 964 2828 1001 2892; x_wconf 91' lang='lat' dir='ltr'><strong>in</strong></span> <span class='ocrx_word' id='word_1_245' title='bbox 1025 2829 1176 2892; x_wconf 86' lang='lat' dir='ltr'><strong>ecclesiis</strong></span> <span class='ocrx_word' id='word_1_246' title='bbox 1199 2829 1325 2910; x_wconf 89' lang='lat' dir='ltr'><strong>populi,</strong></span> <span class='ocrx_word' id='word_1_247' title='bbox 1349 2832 1384 2891; x_wconf 92' lang='lat' dir='ltr'><strong>et</strong></span> <span class='ocrx_word' id='word_1_248' title='bbox 1408 2832 1545 2892; x_wconf 81' lang='lat' dir='ltr'><strong>cantare</strong></span> <span class='ocrx_word' id='word_1_249' title='bbox 1566 2828 1718 2892; x_wconf 89' lang='lat' dir='ltr'><strong>illumin</strong></span> 
     </span>
     <span class='ocr_line' id='line_1_24' title="bbox 167 2931 1719 3020; baseline -0.002 -20"><span class='ocrx_word' id='word_1_250' title='bbox 167 2954 230 3020; x_wconf 93' lang='grc' dir='ltr'><strong>ρων</strong></span> <span class='ocrx_word' id='word_1_251' title='bbox 245 2934 342 2999; x_wconf 81' lang='grc' dir='ltr'>αἰνεῖν</span> <span class='ocrx_word' id='word_1_252' title='bbox 365 2934 470 3016; x_wconf 76' lang='grc' dir='ltr'>αὐτόν,</span> <span class='ocrx_word' id='word_1_253' title='bbox 487 2931 657 3019; x_wconf 81' lang='grc' dir='ltr'>ἐπειδήπερ</span> <span class='ocrx_word' id='word_1_254' title='bbox 679 2931 845 3018; x_wconf 85' lang='grc' dir='ltr'>παράδοξα</span> <span class='ocrx_word' id='word_1_255' title='bbox 865 2935 921 2998; x_wconf 83' lang='grc' dir='ltr'>καί</span> <span class='ocrx_word' id='word_1_256' title='bbox 964 2933 1132 2998; x_wconf 73' lang='lat' dir='ltr'><strong>cathedris</strong></span> <span class='ocrx_word' id='word_1_257' title='bbox 1145 2935 1328 3014; x_wconf 87' lang='lat' dir='ltr'><strong>seniorum,</strong></span> <span class='ocrx_word' id='word_1_258' title='bbox 1338 2951 1376 2998; x_wconf 92' lang='lat' dir='ltr'><strong>eo</strong></span> <span class='ocrx_word' id='word_1_259' title='bbox 1389 2935 1502 3012; x_wconf 76' lang='lat' dir='ltr'><strong>magis</strong></span> <span class='ocrx_word' id='word_1_260' title='bbox 1515 2933 1606 3016; x_wconf 92' lang='lat' dir='ltr'><strong>quod</strong></span> <span class='ocrx_word' id='word_1_261' title='bbox 1617 2951 1719 3016; x_wconf 89' lang='lat' dir='ltr'><strong>opera</strong></span> 
     </span>
     <span class='ocr_line' id='line_1_25' title="bbox 166 3034 1721 3125; baseline 0 -23"><span class='ocrx_word' id='word_1_262' title='bbox 166 3037 341 3124; x_wconf 71' lang='lat' dir='ltr'><strong>decacorde</strong></span> <span class='ocrx_word' id='word_1_263' title='bbox 355 3039 502 3123; x_wconf 88' lang='grc' dir='ltr'>ἐνεργῶν,</span> <span class='ocrx_word' id='word_1_264' title='bbox 519 3035 553 3115; x_wconf 83' lang='grc' dir='ltr'><strong>ἐξ</strong></span> <span class='ocrx_word' id='word_1_265' title='bbox 575 3034 723 3103; x_wconf 81' lang='grc' dir='ltr'>ἐναντίων</span> <span class='ocrx_word' id='word_1_266' title='bbox 739 3035 921 3125; x_wconf 61' lang='grc' dir='ltr'>τάζέναντία</span> <span class='ocrx_word' id='word_1_267' title='bbox 963 3039 1131 3122; x_wconf 90' lang='lat' dir='ltr'><strong>stupenda</strong></span> <span class='ocrx_word' id='word_1_268' title='bbox 1145 3043 1179 3104; x_wconf 89' lang='lat' dir='ltr'><strong>et</strong></span> <span class='ocrx_word' id='word_1_269' title='bbox 1194 3040 1365 3104; x_wconf 83' lang='lat' dir='ltr'><strong>mirabilia</strong></span> <span class='ocrx_word' id='word_1_270' title='bbox 1379 3039 1572 3122; x_wconf 90' lang='lat' dir='ltr'><strong>conficiens,</strong></span> <span class='ocrx_word' id='word_1_271' title='bbox 1588 3057 1631 3103; x_wconf 82' lang='lat' dir='ltr'><strong>cx</strong></span> <span class='ocrx_word' id='word_1_272' title='bbox 1642 3057 1721 3104; x_wconf 90' lang='lat' dir='ltr'><strong>con·</strong></span> 
     </span>
     <span class='ocr_line' id='line_1_26' title="bbox 171 3139 1508 3227; baseline 0.001 -21"><span class='ocrx_word' id='word_1_273' title='bbox 171 3139 354 3227; x_wconf 76' lang='grc' dir='ltr'>εἰργάσατο.</span> <span class='ocrx_word' id='word_1_274' title='bbox 963 3146 1076 3209; x_wconf 87' lang='lat' dir='ltr'><strong>trariis</strong></span> <span class='ocrx_word' id='word_1_275' title='bbox 1091 3147 1259 3208; x_wconf 87' lang='lat' dir='ltr'><strong>contraria</strong></span> <span class='ocrx_word' id='word_1_276' title='bbox 1273 3151 1431 3227; x_wconf 86' lang='lat' dir='ltr'><strong>operatus</strong></span> <span class='ocrx_word' id='word_1_277' title='bbox 1448 3149 1508 3208; x_wconf 87' lang='lat' dir='ltr'><strong>est.</strong></span> 
     </span>
    </p>

    <p class='ocr_par' dir='ltr' id='par_1_5' title="bbox 166 3243 1806 3846">
     <span class='ocr_line' id='line_1_27' title="bbox 211 3243 1806 3333; baseline 0.002 -25"><span class='ocrx_word' id='word_1_278' title='bbox 211 3264 243 3308; x_wconf 87' lang='lat' dir='ltr'><strong>v.</strong></span> <span class='ocrx_word' id='word_1_279' title='bbox 262 3247 315 3327; x_wconf 94' lang='grc'><strong>33,</strong></span> <span class='ocrx_word' id='word_1_280' title='bbox 332 3243 385 3308; x_wconf 87' lang='grc'>34.</span> <span class='ocrx_word' id='word_1_281' title='bbox 405 3243 522 3311; x_wconf 76' lang='lat' dir='ltr'><strong>&#39;Edere</strong></span> <span class='ocrx_word' id='word_1_282' title='bbox 544 3248 707 3332; x_wconf 90' lang='grc' dir='ltr'>ποταμοὺς</span> <span class='ocrx_word' id='word_1_283' title='bbox 728 3245 773 3322; x_wconf 88' lang='grc' dir='ltr'><strong>είς</strong></span> <span class='ocrx_word' id='word_1_284' title='bbox 790 3246 918 3330; x_wconf 89' lang='grc' dir='ltr'>ἐρημον,</span> <span class='ocrx_word' id='word_1_285' title='bbox 1008 3265 1040 3312; x_wconf 86' lang='grc' dir='ltr'><strong>ν.</strong></span> <span class='ocrx_word' id='word_1_286' title='bbox 1057 3250 1109 3329; x_wconf 88' lang='grc'><strong>33,</strong></span> <span class='ocrx_word' id='word_1_287' title='bbox 1133 3250 1185 3312; x_wconf 87' lang='grc'>34.</span> <span class='ocrx_word' id='word_1_288' title='bbox 1203 3249 1320 3314; x_wconf 84' lang='lat' dir='ltr'><strong>Poscit</strong></span> <span class='ocrx_word' id='word_1_289' title='bbox 1330 3249 1478 3333; x_wconf 80' lang='lat' dir='ltr'><strong>flumicc</strong></span> <span class='ocrx_word' id='word_1_290' title='bbox 1492 3249 1530 3313; x_wconf 87' lang='lat' dir='ltr'><strong>ic</strong></span> <span class='ocrx_word' id='word_1_291' title='bbox 1544 3247 1715 3328; x_wconf 59' lang='lat' dir='ltr'><strong>&amp;ccciccc</strong></span> <span class='ocrx_word' id='word_1_292' title='bbox 1804 3246 1806 3254; x_wconf 87' lang='lat'>&#39;</span> 
     </span>
     <span class='ocr_line' id='line_1_28' title="bbox 169 3345 1719 3434; baseline 0.003 -22"><span class='ocrx_word' id='word_1_293' title='bbox 169 3349 224 3412; x_wconf 83' lang='grc' dir='ltr'>καί</span> <span class='ocrx_word' id='word_1_294' title='bbox 246 3345 402 3427; x_wconf 84' lang='grc' dir='ltr'>διεξόδους</span> <span class='ocrx_word' id='word_1_295' title='bbox 426 3347 549 3415; x_wconf 84' lang='grc' dir='ltr'>ύδάτων</span> <span class='ocrx_word' id='word_1_296' title='bbox 572 3349 617 3427; x_wconf 82' lang='grc' dir='ltr'><strong>εἰς</strong></span> <span class='ocrx_word' id='word_1_297' title='bbox 641 3347 746 3433; x_wconf 88' lang='grc' dir='ltr'>δίψαν,</span> <span class='ocrx_word' id='word_1_298' title='bbox 761 3357 822 3433; x_wconf 82' lang='grc' dir='ltr'><strong>γην</strong></span> <span class='ocrx_word' id='word_1_299' title='bbox 842 3369 920 3432; x_wconf 83' lang='grc' dir='ltr'>καρ-</span> <span class='ocrx_word' id='word_1_300' title='bbox 963 3355 995 3417; x_wconf 89' lang='lat' dir='ltr'><strong>ct</strong></span> <span class='ocrx_word' id='word_1_301' title='bbox 1015 3353 1124 3416; x_wconf 80' lang='lat' dir='ltr'><strong>ccitccr</strong></span> <span class='ocrx_word' id='word_1_302' title='bbox 1145 3368 1307 3432; x_wconf 78' lang='lat' dir='ltr'><strong>cqcccccc</strong></span> <span class='ocrx_word' id='word_1_303' title='bbox 1322 3353 1360 3416; x_wconf 89' lang='lat' dir='ltr'><strong>ic</strong></span> <span class='ocrx_word' id='word_1_304' title='bbox 1380 3353 1482 3432; x_wconf 77' lang='lat' dir='ltr'><strong>sitim,</strong></span> <span class='ocrx_word' id='word_1_305' title='bbox 1502 3357 1624 3417; x_wconf 85' lang='lat' dir='ltr'><strong>terccm</strong></span> <span class='ocrx_word' id='word_1_306' title='bbox 1636 3351 1719 3434; x_wconf 80' lang='lat' dir='ltr'><strong>sec·</strong></span> 
     </span>
     <span class='ocr_line' id='line_1_29' title="bbox 168 3451 1720 3542; baseline 0 -24"><span class='ocrx_word' id='word_1_307' title='bbox 168 3453 308 3538; x_wconf 75' lang='lat' dir='ltr'><strong>ccciccc</strong></span> <span class='ocrx_word' id='word_1_308' title='bbox 331 3453 375 3530; x_wconf 87' lang='grc' dir='ltr'><strong>εἰς</strong></span> <span class='ocrx_word' id='word_1_309' title='bbox 398 3453 507 3542; x_wconf 82' lang='grc' dir='ltr'>ἅλμην</span> <span class='ocrx_word' id='word_1_310' title='bbox 528 3453 592 3518; x_wconf 83' lang='grc' dir='ltr'>ἀπὸ</span> <span class='ocrx_word' id='word_1_311' title='bbox 611 3451 726 3531; x_wconf 89' lang='grc' dir='ltr'>κακίας</span> <span class='ocrx_word' id='word_1_312' title='bbox 742 3462 803 3521; x_wconf 91' lang='grc' dir='ltr'><strong>τῶν</strong></span> <span class='ocrx_word' id='word_1_313' title='bbox 817 3473 922 3518; x_wconf 88' lang='grc' dir='ltr'>κατοι-</span> <span class='ocrx_word' id='word_1_314' title='bbox 963 3453 1116 3536; x_wconf 84' lang='lat' dir='ltr'><strong>ctiscrcct</strong></span> <span class='ocrx_word' id='word_1_315' title='bbox 1132 3456 1170 3518; x_wconf 89' lang='lat' dir='ltr'><strong>ic</strong></span> <span class='ocrx_word' id='word_1_316' title='bbox 1191 3456 1391 3537; x_wconf 75' lang='lat' dir='ltr'><strong>octscciccm</strong></span> <span class='ocrx_word' id='word_1_317' title='bbox 1405 3473 1427 3521; x_wconf 94' lang='lat' dir='ltr'><strong>c</strong></span> <span class='ocrx_word' id='word_1_318' title='bbox 1441 3457 1575 3522; x_wconf 80' lang='lat' dir='ltr'><strong>cccl&#39;tic</strong></span> <span class='ocrx_word' id='word_1_319' title='bbox 1594 3455 1720 3519; x_wconf 76' lang='lat' dir='ltr'><strong>inicii</strong></span> 
     </span>
     <span class='ocr_line' id='line_1_30' title="bbox 167 3555 1716 3644; baseline 0 -22"><span class='ocrx_word' id='word_1_320' title='bbox 167 3555 307 3622; x_wconf 89' lang='grc' dir='ltr'>κούντων</span> <span class='ocrx_word' id='word_1_321' title='bbox 322 3556 357 3623; x_wconf 89' lang='grc' dir='ltr'><strong>ἐν</strong></span> <span class='ocrx_word' id='word_1_322' title='bbox 372 3557 464 3644; x_wconf 73' lang='grc' dir='ltr'>αὐτῇ.</span> <span class='ocrx_word' id='word_1_323' title='bbox 487 3556 553 3622; x_wconf 88' lang='grc' dir='ltr'>Καὶ</span> <span class='ocrx_word' id='word_1_324' title='bbox 575 3556 752 3644; x_wconf 84' lang='grc' dir='ltr'>κατῴκισεν</span> <span class='ocrx_word' id='word_1_325' title='bbox 773 3557 843 3623; x_wconf 86' lang='grc' dir='ltr'>ἐκεῖ</span> <span class='ocrx_word' id='word_1_326' title='bbox 854 3578 920 3622; x_wconf 87' lang='grc' dir='ltr'>πιι-</span> <span class='ocrx_word' id='word_1_327' title='bbox 964 3559 1105 3623; x_wconf 84' lang='lat' dir='ltr'><strong>tccticct</strong></span> <span class='ocrx_word' id='word_1_328' title='bbox 1118 3559 1155 3622; x_wconf 89' lang='lat' dir='ltr'><strong>ic</strong></span> <span class='ocrx_word' id='word_1_329' title='bbox 1170 3561 1217 3623; x_wconf 83' lang='lat' dir='ltr'><strong>ec.</strong></span> <span class='ocrx_word' id='word_1_330' title='bbox 1238 3559 1465 3626; x_wconf 80' lang='lat' dir='ltr'><strong>cccccccccc</strong></span> <span class='ocrx_word' id='word_1_331' title='bbox 1485 3559 1559 3625; x_wconf 84' lang='lat' dir='ltr'><strong>illic</strong></span> <span class='ocrx_word' id='word_1_332' title='bbox 1573 3560 1716 3623; x_wconf 64' lang='lat' dir='ltr'><strong>ccccm</strong></span> 
     </span>
     <span class='ocr_line' id='line_1_31' title="bbox 166 3661 1717 3748; baseline -0.001 -20"><span class='ocrx_word' id='word_1_333' title='bbox 166 3669 295 3745; x_wconf 76' lang='grc' dir='ltr'>νῶντας,</span> <span class='ocrx_word' id='word_1_334' title='bbox 319 3664 374 3727; x_wconf 86' lang='grc' dir='ltr'>καί</span> <span class='ocrx_word' id='word_1_335' title='bbox 398 3661 632 3748; x_wconf 90' lang='grc' dir='ltr'>συνεστήσαντο</span> <span class='ocrx_word' id='word_1_336' title='bbox 655 3661 756 3740; x_wconf 86' lang='grc' dir='ltr'>πύλας</span> <span class='ocrx_word' id='word_1_337' title='bbox 777 3683 920 3727; x_wconf 86' lang='grc' dir='ltr'>κατοικε-</span> <span class='ocrx_word' id='word_1_338' title='bbox 963 3668 1021 3742; x_wconf 80' lang='lat' dir='ltr'><strong>tce,</strong></span> <span class='ocrx_word' id='word_1_339' title='bbox 1047 3665 1078 3727; x_wconf 89' lang='lat' dir='ltr'><strong>ct</strong></span> <span class='ocrx_word' id='word_1_340' title='bbox 1098 3664 1335 3728; x_wconf 79' lang='lat' dir='ltr'><strong>cccstitccrrcct</strong></span> <span class='ocrx_word' id='word_1_341' title='bbox 1356 3664 1519 3729; x_wconf 73' lang='lat' dir='ltr'><strong>aetutem</strong></span> <span class='ocrx_word' id='word_1_342' title='bbox 1544 3661 1717 3728; x_wconf 80' lang='lat' dir='ltr'><strong>tctitctic·</strong></span> 
     </span>
     <span class='ocr_line' id='line_1_32' title="bbox 167 3766 1030 3846; baseline -0.005 -12"><span class='ocrx_word' id='word_1_343' title='bbox 167 3766 247 3846; x_wconf 86' lang='grc' dir='ltr'>σίας.</span> <span class='ocrx_word' id='word_1_344' title='bbox 542 3811 544 3816; x_wconf 82' lang='lat'><em>.</em></span> <span class='ocrx_word' id='word_1_345' title='bbox 967 3766 1030 3831; x_wconf 83' lang='lat' dir='ltr'><strong>cis.</strong></span> 
     </span>
    </p>

    <p class='ocr_par' dir='ltr' id='par_1_6' title="bbox 165 3860 1718 4790">
     <span class='ocr_line' id='line_1_33' title="bbox 210 3860 1717 3958; baseline 0 -20"><span class='ocrx_word' id='word_1_346' title='bbox 210 3870 319 3938; x_wconf 81' lang='grc' dir='ltr'>Πάλαι</span> <span class='ocrx_word' id='word_1_347' title='bbox 348 3860 485 3958; x_wconf 77' lang='grc' dir='ltr'>καρπῶν</span> <span class='ocrx_word' id='word_1_348' title='bbox 515 3869 643 3957; x_wconf 89' lang='grc' dir='ltr'>ἀγαθῶν</span> <span class='ocrx_word' id='word_1_349' title='bbox 672 3868 801 3957; x_wconf 79' lang='grc' dir='ltr'>εὐτύχει</span> <span class='ocrx_word' id='word_1_350' title='bbox 828 3868 920 3957; x_wconf 81' lang='grc' dir='ltr'>χώρα</span> <span class='ocrx_word' id='word_1_351' title='bbox 1008 3871 1096 3934; x_wconf 89' lang='lat' dir='ltr'><strong>Olim</strong></span> <span class='ocrx_word' id='word_1_352' title='bbox 1116 3868 1283 3934; x_wconf 84' lang='lat' dir='ltr'><strong>fructibus</strong></span> <span class='ocrx_word' id='word_1_353' title='bbox 1302 3870 1498 3934; x_wconf 82' lang='lat' dir='ltr'>abundabat</span> <span class='ocrx_word' id='word_1_354' title='bbox 1513 3874 1610 3951; x_wconf 80' lang='lat' dir='ltr'><strong>regio</strong></span> <span class='ocrx_word' id='word_1_355' title='bbox 1633 3891 1717 3953; x_wconf 81' lang='lat' dir='ltr'><strong>gen·</strong></span> 
     </span>
     <span class='ocr_line' id='line_1_34' title="bbox 166 3971 1718 4060; baseline 0.001 -20"><span class='ocrx_word' id='word_1_356' title='bbox 166 3985 223 4041; x_wconf 86' lang='grc' dir='ltr'><strong>τοῶ</strong></span> <span class='ocrx_word' id='word_1_357' title='bbox 238 3974 398 4041; x_wconf 80' lang='grc' dir='ltr'>Ἰουδαίων</span> <span class='ocrx_word' id='word_1_358' title='bbox 420 3976 546 4052; x_wconf 88' lang='grc' dir='ltr'>ἐθνους·</span> <span class='ocrx_word' id='word_1_359' title='bbox 569 3976 624 4040; x_wconf 90' lang='grc' dir='ltr'>καί</span> <span class='ocrx_word' id='word_1_360' title='bbox 650 3977 732 4059; x_wconf 84' lang='grc' dir='ltr'>αὕτη</span> <span class='ocrx_word' id='word_1_361' title='bbox 750 3996 788 4060; x_wconf 88' lang='grc' dir='ltr'>γε</span> <span class='ocrx_word' id='word_1_362' title='bbox 803 3971 918 4059; x_wconf 87' lang='grc' dir='ltr'>Ἱερου-</span> <span class='ocrx_word' id='word_1_363' title='bbox 962 3975 1007 4038; x_wconf 90' lang='lat' dir='ltr'><strong>tis</strong></span> <span class='ocrx_word' id='word_1_364' title='bbox 1023 3977 1045 4038; x_wconf 89' lang='lat' dir='ltr'>J</span> <span class='ocrx_word' id='word_1_365' title='bbox 1047 3973 1232 4057; x_wconf 83' lang='lat' dir='ltr'><strong>udaeorum,</strong></span> <span class='ocrx_word' id='word_1_366' title='bbox 1245 3979 1279 4038; x_wconf 90' lang='lat' dir='ltr'><strong>et</strong></span> <span class='ocrx_word' id='word_1_367' title='bbox 1292 3975 1366 4056; x_wconf 90' lang='lat' dir='ltr'><strong>ipsa</strong></span> <span class='ocrx_word' id='word_1_368' title='bbox 1381 3976 1595 4040; x_wconf 86' lang='lat' dir='ltr'><strong>Hierusalem</strong></span> <span class='ocrx_word' id='word_1_369' title='bbox 1608 3978 1644 4040; x_wconf 92' lang='lat' dir='ltr'><strong>in</strong></span> <span class='ocrx_word' id='word_1_370' title='bbox 1660 3997 1718 4042; x_wconf 85' lang='lat' dir='ltr'><strong>ex·</strong></span> 
     </span>
     <span class='ocr_line' id='line_1_35' title="bbox 168 4076 1716 4166; baseline 0.001 -22"><span class='ocrx_word' id='word_1_371' title='bbox 168 4079 277 4165; x_wconf 85' lang='grc' dir='ltr'>σαλήμ</span> <span class='ocrx_word' id='word_1_372' title='bbox 298 4080 342 4157; x_wconf 90' lang='grc' dir='ltr'><strong>είς</strong></span> <span class='ocrx_word' id='word_1_373' title='bbox 364 4079 508 4166; x_wconf 85' lang='grc' dir='ltr'>ἐσχάτην</span> <span class='ocrx_word' id='word_1_374' title='bbox 528 4076 660 4164; x_wconf 89' lang='grc' dir='ltr'>ἐρημίαν</span> <span class='ocrx_word' id='word_1_375' title='bbox 681 4080 736 4164; x_wconf 79' lang='grc' dir='ltr'>κομί</span> <span class='ocrx_word' id='word_1_376' title='bbox 759 4078 919 4165; x_wconf 89' lang='grc' dir='ltr'>ἀκαρπίαν</span> <span class='ocrx_word' id='word_1_377' title='bbox 962 4083 1105 4142; x_wconf 80' lang='lat' dir='ltr'><strong>tremum</strong></span> <span class='ocrx_word' id='word_1_378' title='bbox 1122 4080 1340 4143; x_wconf 81' lang='lat' dir='ltr'><strong>solitudinem</strong></span> <span class='ocrx_word' id='word_1_379' title='bbox 1357 4083 1391 4142; x_wconf 88' lang='lat' dir='ltr'><strong>et</strong></span> <span class='ocrx_word' id='word_1_380' title='bbox 1405 4081 1621 4145; x_wconf 76' lang='lat' dir='ltr'><strong>sterilitatem</strong></span> <span class='ocrx_word' id='word_1_381' title='bbox 1644 4101 1716 4164; x_wconf 89' lang='lat' dir='ltr'><strong>per-</strong></span> 
     </span>
     <span class='ocr_line' id='line_1_36' title="bbox 167 4181 1716 4272; baseline 0.001 -24"><span class='ocrx_word' id='word_1_382' title='bbox 167 4181 401 4269; x_wconf 84' lang='grc' dir='ltr'>περιελήλυθεν,</span> <span class='ocrx_word' id='word_1_383' title='bbox 425 4185 485 4248; x_wconf 80' lang='grc' dir='ltr'><strong>οὐκ</strong></span> <span class='ocrx_word' id='word_1_384' title='bbox 499 4182 534 4262; x_wconf 83' lang='grc' dir='ltr'><strong>ἐξ</strong></span> <span class='ocrx_word' id='word_1_385' title='bbox 548 4183 649 4269; x_wconf 83' lang='grc' dir='ltr'>ἀλλης</span> <span class='ocrx_word' id='word_1_386' title='bbox 668 4187 750 4261; x_wconf 89' lang='grc' dir='ltr'>τινδς</span> <span class='ocrx_word' id='word_1_387' title='bbox 767 4184 879 4268; x_wconf 88' lang='grc' dir='ltr'>αίτίας,</span> <span class='ocrx_word' id='word_1_388' title='bbox 896 4187 918 4272; x_wconf 78' lang='grc' dir='ltr'>η</span> <span class='ocrx_word' id='word_1_389' title='bbox 962 4183 1067 4263; x_wconf 87' lang='lat' dir='ltr'><strong>venit,</strong></span> <span class='ocrx_word' id='word_1_390' title='bbox 1084 4188 1118 4246; x_wconf 92' lang='lat' dir='ltr'><strong>et</strong></span> <span class='ocrx_word' id='word_1_391' title='bbox 1132 4201 1200 4246; x_wconf 92' lang='lat' dir='ltr'><strong>non</strong></span> <span class='ocrx_word' id='word_1_392' title='bbox 1216 4201 1259 4247; x_wconf 79' lang='lat' dir='ltr'><strong>ex</strong></span> <span class='ocrx_word' id='word_1_393' title='bbox 1282 4185 1348 4247; x_wconf 90' lang='lat' dir='ltr'><strong>alio</strong></span> <span class='ocrx_word' id='word_1_394' title='bbox 1364 4185 1479 4266; x_wconf 88' lang='lat' dir='ltr'><strong>aliquo</strong></span> <span class='ocrx_word' id='word_1_395' title='bbox 1502 4186 1624 4267; x_wconf 86' lang='lat' dir='ltr'><strong>capite,</strong></span> <span class='ocrx_word' id='word_1_396' title='bbox 1640 4187 1716 4265; x_wconf 92' lang='lat' dir='ltr'><strong>nisi,</strong></span> 
     </span>
     <span class='ocr_line' id='line_1_37' title="bbox 168 4286 1718 4374; baseline 0.001 -21"><span class='ocrx_word' id='word_1_397' title='bbox 168 4288 242 4368; x_wconf 86' lang='grc' dir='ltr'>ὡςδ</span> <span class='ocrx_word' id='word_1_398' title='bbox 264 4287 359 4374; x_wconf 88' lang='grc' dir='ltr'>λόγος</span> <span class='ocrx_word' id='word_1_399' title='bbox 381 4288 530 4371; x_wconf 82' lang='grc' dir='ltr'>ἐδίδαξεν,</span> <span class='ocrx_word' id='word_1_400' title='bbox 556 4288 620 4353; x_wconf 85' lang='grc' dir='ltr'>ἀπὸ</span> <span class='ocrx_word' id='word_1_401' title='bbox 641 4286 758 4365; x_wconf 90' lang='grc' dir='ltr'>κακίας</span> <span class='ocrx_word' id='word_1_402' title='bbox 781 4297 842 4354; x_wconf 88' lang='grc' dir='ltr'><strong>τῶν</strong></span> <span class='ocrx_word' id='word_1_403' title='bbox 862 4311 919 4354; x_wconf 92' lang='grc' dir='ltr'>κα-</span> <span class='ocrx_word' id='word_1_404' title='bbox 963 4293 1003 4352; x_wconf 90' lang='lat' dir='ltr'><strong>ut</strong></span> <span class='ocrx_word' id='word_1_405' title='bbox 1017 4291 1168 4370; x_wconf 91' lang='lat' dir='ltr'><strong>psalmus</strong></span> <span class='ocrx_word' id='word_1_406' title='bbox 1183 4288 1329 4370; x_wconf 88' lang='lat' dir='ltr'><strong>edocuit,</strong></span> <span class='ocrx_word' id='word_1_407' title='bbox 1345 4306 1366 4354; x_wconf 94' lang='lat' dir='ltr'><strong>c</strong></span> <span class='ocrx_word' id='word_1_408' title='bbox 1383 4289 1515 4354; x_wconf 76' lang='lat' dir='ltr'><strong>tractitia</strong></span> <span class='ocrx_word' id='word_1_409' title='bbox 1535 4289 1718 4356; x_wconf 80' lang='lat' dir='ltr'><strong>intctitcc·</strong></span> 
     </span>
     <span class='ocr_line' id='line_1_38' title="bbox 166 4391 1718 4478; baseline -0.001 -20"><span class='ocrx_word' id='word_1_410' title='bbox 166 4392 354 4459; x_wconf 70' lang='lat' dir='ltr'><strong>cccccccccc</strong></span> <span class='ocrx_word' id='word_1_411' title='bbox 367 4393 402 4462; x_wconf 92' lang='grc' dir='ltr'><strong>ἐν</strong></span> <span class='ocrx_word' id='word_1_412' title='bbox 414 4393 506 4478; x_wconf 79' lang='grc' dir='ltr'>αὐτη·</span> <span class='ocrx_word' id='word_1_413' title='bbox 520 4395 576 4457; x_wconf 80' lang='grc' dir='ltr'>καὶ</span> <span class='ocrx_word' id='word_1_414' title='bbox 586 4401 649 4458; x_wconf 84' lang='grc' dir='ltr'>πᾶν</span> <span class='ocrx_word' id='word_1_415' title='bbox 665 4392 699 4456; x_wconf 88' lang='grc' dir='ltr'><strong>δὲ</strong></span> <span class='ocrx_word' id='word_1_416' title='bbox 711 4394 746 4456; x_wconf 84' lang='grc' dir='ltr'><strong>τό</strong></span> <span class='ocrx_word' id='word_1_417' title='bbox 761 4391 848 4470; x_wconf 85' lang='grc' dir='ltr'>ἔθνος</span> <span class='ocrx_word' id='word_1_418' title='bbox 864 4394 918 4458; x_wconf 78' lang='lat' dir='ltr'><strong>cc</strong></span> <span class='ocrx_word' id='word_1_419' title='bbox 962 4395 1046 4460; x_wconf 71' lang='lat' dir='ltr'><strong>titum</strong></span> <span class='ocrx_word' id='word_1_420' title='bbox 1060 4393 1098 4458; x_wconf 89' lang='lat' dir='ltr'><strong>ic</strong></span> <span class='ocrx_word' id='word_1_421' title='bbox 1109 4410 1155 4458; x_wconf 90' lang='lat' dir='ltr'><strong>cc.</strong></span> <span class='ocrx_word' id='word_1_422' title='bbox 1168 4396 1212 4458; x_wconf 88' lang='lat' dir='ltr'><strong>Et</strong></span> <span class='ocrx_word' id='word_1_423' title='bbox 1223 4397 1295 4458; x_wconf 87' lang='lat' dir='ltr'><strong>tota</strong></span> <span class='ocrx_word' id='word_1_424' title='bbox 1310 4411 1396 4472; x_wconf 82' lang='lat' dir='ltr'><strong>gens</strong></span> <span class='ocrx_word' id='word_1_425' title='bbox 1410 4411 1527 4458; x_wconf 89' lang='lat' dir='ltr'><strong>eorum</strong></span> <span class='ocrx_word' id='word_1_426' title='bbox 1538 4394 1636 4459; x_wconf 90' lang='lat' dir='ltr'><strong>bonis</strong></span> <span class='ocrx_word' id='word_1_427' title='bbox 1649 4412 1718 4458; x_wconf 93' lang='lat' dir='ltr'><strong>om-</strong></span> 
     </span>
     <span class='ocr_line' id='line_1_39' title="bbox 166 4495 1715 4582; baseline -0.001 -20"><span class='ocrx_word' id='word_1_428' title='bbox 166 4505 228 4563; x_wconf 92' lang='grc' dir='ltr'><strong>τῶν</strong></span> <span class='ocrx_word' id='word_1_429' title='bbox 248 4495 376 4563; x_wconf 77' lang='grc' dir='ltr'>πάντων</span> <span class='ocrx_word' id='word_1_430' title='bbox 397 4495 565 4582; x_wconf 84' lang='grc' dir='ltr'>ἐστέρηται</span> <span class='ocrx_word' id='word_1_431' title='bbox 585 4504 647 4561; x_wconf 91' lang='grc' dir='ltr'><strong>τῶν</strong></span> <span class='ocrx_word' id='word_1_432' title='bbox 667 4498 704 4560; x_wconf 89' lang='grc' dir='ltr'><strong>τό</strong></span> <span class='ocrx_word' id='word_1_433' title='bbox 725 4495 860 4561; x_wconf 85' lang='grc' dir='ltr'>παλαιόν</span> <span class='ocrx_word' id='word_1_434' title='bbox 883 4497 916 4562; x_wconf 81' lang='lat' dir='ltr'><strong>d·</strong></span> <span class='ocrx_word' id='word_1_435' title='bbox 964 4497 1075 4577; x_wconf 85' lang='lat' dir='ltr'><strong>uibus,</strong></span> <span class='ocrx_word' id='word_1_436' title='bbox 1092 4515 1168 4580; x_wconf 85' lang='lat' dir='ltr'><strong>quae</strong></span> <span class='ocrx_word' id='word_1_437' title='bbox 1183 4499 1265 4562; x_wconf 90' lang='lat' dir='ltr'><strong>olim</strong></span> <span class='ocrx_word' id='word_1_438' title='bbox 1277 4498 1479 4579; x_wconf 89' lang='lat' dir='ltr'><strong>possidebat,</strong></span> <span class='ocrx_word' id='word_1_439' title='bbox 1491 4501 1626 4581; x_wconf 84' lang='lat' dir='ltr'><strong>privata</strong></span> <span class='ocrx_word' id='word_1_440' title='bbox 1636 4499 1715 4578; x_wconf 88' lang='lat' dir='ltr'><strong>fuit,</strong></span> 
     </span>
     <span class='ocr_line' id='line_1_40' title="bbox 165 4596 1715 4686; baseline -0.001 -21"><span class='ocrx_word' id='word_1_441' title='bbox 165 4599 352 4686; x_wconf 86' lang='grc' dir='ltr'>παρχόντων</span> <span class='ocrx_word' id='word_1_442' title='bbox 374 4599 480 4678; x_wconf 83' lang='grc' dir='ltr'>αὐτοῖς</span> <span class='ocrx_word' id='word_1_443' title='bbox 495 4599 632 4685; x_wconf 89' lang='grc' dir='ltr'>ἀγαθῶν,</span> <span class='ocrx_word' id='word_1_444' title='bbox 654 4596 696 4676; x_wconf 83' lang='grc' dir='ltr'>ὡς</span> <span class='ocrx_word' id='word_1_445' title='bbox 712 4597 825 4684; x_wconf 86' lang='grc' dir='ltr'>μηκέτι</span> <span class='ocrx_word' id='word_1_446' title='bbox 839 4621 914 4684; x_wconf 85' lang='grc' dir='ltr'>προ·</span> <span class='ocrx_word' id='word_1_447' title='bbox 963 4602 1079 4683; x_wconf 88' lang='lat' dir='ltr'><strong>itaque</strong></span> <span class='ocrx_word' id='word_1_448' title='bbox 1094 4617 1162 4664; x_wconf 91' lang='lat' dir='ltr'><strong>non</strong></span> <span class='ocrx_word' id='word_1_449' title='bbox 1175 4603 1321 4682; x_wconf 90' lang='lat' dir='ltr'><strong>amplius</strong></span> <span class='ocrx_word' id='word_1_450' title='bbox 1338 4602 1523 4665; x_wconf 88' lang='lat' dir='ltr'><strong>honoratur</strong></span> <span class='ocrx_word' id='word_1_451' title='bbox 1538 4602 1715 4685; x_wconf 89' lang='lat' dir='ltr'><strong>propheta-</strong></span> 
     </span>
     <span class='ocr_line' id='line_1_41' title="bbox 166 4701 1713 4790; baseline 0.002 -22"><span class='ocrx_word' id='word_1_452' title='bbox 166 4711 276 4790; x_wconf 83' lang='grc' dir='ltr'>ρητῶν</span> <span class='ocrx_word' id='word_1_453' title='bbox 286 4702 457 4787; x_wconf 84' lang='grc' dir='ltr'>ἀξιοῦσθαι,</span> <span class='ocrx_word' id='word_1_454' title='bbox 470 4701 550 4789; x_wconf 89' lang='grc' dir='ltr'>μήτε</span> <span class='ocrx_word' id='word_1_455' title='bbox 562 4701 705 4789; x_wconf 87' lang='grc' dir='ltr'>ἀγγέλων</span> <span class='ocrx_word' id='word_1_456' title='bbox 713 4702 917 4789; x_wconf 82' lang='grc' dir='ltr'>ἐπιφανείαις,</span> <span class='ocrx_word' id='word_1_457' title='bbox 963 4724 1040 4769; x_wconf 90' lang='lat' dir='ltr'><strong>rum</strong></span> <span class='ocrx_word' id='word_1_458' title='bbox 1048 4707 1318 4784; x_wconf 80' lang='lat' dir='ltr'><strong>autangclorum</strong></span> <span class='ocrx_word' id='word_1_459' title='bbox 1326 4706 1604 4787; x_wconf 88' lang='lat' dir='ltr'><strong>apparitionibus,</strong></span> <span class='ocrx_word' id='word_1_460' title='bbox 1613 4707 1672 4770; x_wconf 92' lang='lat' dir='ltr'><strong>sed</strong></span> <span class='ocrx_word' id='word_1_461' title='bbox 1680 4712 1713 4771; x_wconf 88' lang='lat' dir='ltr'><strong>et</strong></span> 
     </span>
    </p>
   </div>
   <div class='ocr_carea' id='block_1_3' title="bbox 164 4877 1718 5298">
    <p class='ocr_par' dir='ltr' id='par_1_7' title="bbox 164 4877 1718 5214">
     <span class='ocr_line' id='line_1_42' title="bbox 198 4877 1718 4951; baseline 0 -16"><span class='ocrx_word' id='word_1_462' title='bbox 198 4895 228 4936; x_wconf 83' lang='lat' dir='ltr'><strong>v.</strong></span> <span class='ocrx_word' id='word_1_463' title='bbox 241 4879 284 4936; x_wconf 80' lang='lat'><strong>82.</strong></span> <span class='ocrx_word' id='word_1_464' title='bbox 296 4878 344 4934; x_wconf 77' lang='lat' dir='ltr'><strong>Ex</strong></span> <span class='ocrx_word' id='word_1_465' title='bbox 357 4877 420 4934; x_wconf 87' lang='lat' dir='ltr'><strong>sod.</strong></span> <span class='ocrx_word' id='word_1_466' title='bbox 434 4877 529 4934; x_wconf 86' lang='lat' dir='ltr'><strong>Vatio.</strong></span> <span class='ocrx_word' id='word_1_467' title='bbox 542 4895 609 4934; x_wconf 87' lang='lat' dir='ltr'><strong>cum</strong></span> <span class='ocrx_word' id='word_1_468' title='bbox 620 4881 723 4951; x_wconf 85' lang='lat' dir='ltr'><strong>aperta</strong></span> <span class='ocrx_word' id='word_1_469' title='bbox 735 4883 766 4933; x_wconf 89' lang='lat' dir='ltr'><strong>et</strong></span> <span class='ocrx_word' id='word_1_470' title='bbox 778 4878 918 4934; x_wconf 86' lang='lat' dir='ltr'><strong>continua</strong></span> <span class='ocrx_word' id='word_1_471' title='bbox 962 4877 1069 4951; x_wconf 80' lang='lat' dir='ltr'><strong>pergit,</strong></span> <span class='ocrx_word' id='word_1_472' title='bbox 1081 4883 1116 4933; x_wconf 86' lang='lat' dir='ltr'><strong>ut</strong></span> <span class='ocrx_word' id='word_1_473' title='bbox 1127 4877 1248 4934; x_wconf 87' lang='lat' dir='ltr'><strong>tolerari</strong></span> <span class='ocrx_word' id='word_1_474' title='bbox 1257 4883 1376 4949; x_wconf 68' lang='lat' dir='ltr'><strong>nequet</strong></span> <span class='ocrx_word' id='word_1_475' title='bbox 1388 4877 1491 4933; x_wconf 85' lang='lat' dir='ltr'><strong>eadem</strong></span> <span class='ocrx_word' id='word_1_476' title='bbox 1504 4895 1522 4932; x_wconf 87' lang='lat' dir='ltr'>a</span> <span class='ocrx_word' id='word_1_477' title='bbox 1534 4877 1674 4934; x_wconf 77' lang='lat' dir='ltr'><strong>Corderio</strong></span> <span class='ocrx_word' id='word_1_478' title='bbox 1686 4879 1718 4935; x_wconf 91' lang='lat' dir='ltr'><strong>in</strong></span> 
     </span>
     <span class='ocr_line' id='line_1_43' title="bbox 165 4963 1717 5042; baseline 0.003 -23"><span class='ocrx_word' id='word_1_479' title='bbox 165 4963 250 5021; x_wconf 81' lang='lat' dir='ltr'><strong>seria</strong></span> <span class='ocrx_word' id='word_1_480' title='bbox 268 4965 388 5034; x_wconf 87' lang='grc' dir='ltr'>Ἀγαθῶν</span> <span class='ocrx_word' id='word_1_481' title='bbox 412 4967 557 5034; x_wconf 72' lang='grc' dir='ltr'>εὐαγγέλια</span> <span class='ocrx_word' id='word_1_482' title='bbox 580 4968 760 5020; x_wconf 83' lang='lat' dir='ltr'><strong>vetustatem</strong></span> <span class='ocrx_word' id='word_1_483' title='bbox 784 4963 852 5034; x_wconf 90' lang='lat' dir='ltr'><strong>olct,</strong></span> <span class='ocrx_word' id='word_1_484' title='bbox 875 4965 919 5042; x_wconf 82' lang='lat' dir='ltr'><strong>uti</strong></span> <span class='ocrx_word' id='word_1_485' title='bbox 962 4963 1160 5021; x_wconf 82' lang='lat' dir='ltr'><strong>treslaeinias</strong></span> <span class='ocrx_word' id='word_1_486' title='bbox 1178 4970 1298 5021; x_wconf 74' lang='lat' dir='ltr'><strong>uunoas</strong></span> <span class='ocrx_word' id='word_1_487' title='bbox 1310 4963 1446 5037; x_wconf 87' lang='lat' dir='ltr'><strong>discerpi,</strong></span> <span class='ocrx_word' id='word_1_488' title='bbox 1458 4981 1652 5036; x_wconf 86' lang='lat' dir='ltr'><strong>quarumcna</strong></span> <span class='ocrx_word' id='word_1_489' title='bbox 1670 4973 1717 5023; x_wconf 86' lang='lat' dir='ltr'><strong>est</strong></span> 
     </span>
     <span class='ocr_line' id='line_1_44' title="bbox 164 5050 1715 5126; baseline 0.003 -20"><span class='ocrx_word' id='word_1_490' title='bbox 164 5050 244 5106; x_wconf 87' lang='lat' dir='ltr'><strong>infra</strong></span> <span class='ocrx_word' id='word_1_491' title='bbox 251 5052 413 5122; x_wconf 80' lang='grc' dir='ltr'>τύαγγολική</span> <span class='ocrx_word' id='word_1_492' title='bbox 423 5053 581 5106; x_wconf 85' lang='grc' dir='ltr'>διδασκαλία</span> <span class='ocrx_word' id='word_1_493' title='bbox 593 5054 623 5106; x_wconf 83' lang='lat' dir='ltr'><strong>et</strong></span> <span class='ocrx_word' id='word_1_494' title='bbox 635 5054 726 5116; x_wconf 83' lang='grc' dir='ltr'>ἐνθεος</span> <span class='ocrx_word' id='word_1_495' title='bbox 736 5053 856 5106; x_wconf 84' lang='grc' dir='ltr'>πολιτεία</span> <span class='ocrx_word' id='word_1_496' title='bbox 865 5069 918 5126; x_wconf 86' lang='lat' dir='ltr'><strong>pro</strong></span> <span class='ocrx_word' id='word_1_497' title='bbox 962 5055 1154 5121; x_wconf 81' lang='grc' dir='ltr'>ἀνεπίγραφος,</span> <span class='ocrx_word' id='word_1_498' title='bbox 1163 5057 1279 5109; x_wconf 74' lang='lat' dir='ltr'><strong>catara</strong></span> <span class='ocrx_word' id='word_1_499' title='bbox 1292 5052 1358 5108; x_wconf 80' lang='lat' dir='ltr'><strong>dura</strong></span> <span class='ocrx_word' id='word_1_500' title='bbox 1368 5050 1496 5126; x_wconf 83' lang='lat' dir='ltr'><strong>Didymo</strong></span> <span class='ocrx_word' id='word_1_501' title='bbox 1509 5051 1715 5125; x_wconf 82' lang='lat' dir='ltr'><strong>obtruduntur,</strong></span> 
     </span>
     <span class='ocr_line' id='line_1_45' title="bbox 167 5136 1715 5214; baseline 0.002 -21"><span class='ocrx_word' id='word_1_502' title='bbox 167 5137 301 5194; x_wconf 73' lang='lat' dir='ltr'><strong>Ecclesia.</strong></span> <span class='ocrx_word' id='word_1_503' title='bbox 963 5155 1028 5210; x_wconf 79' lang='grc' dir='ltr'><strong>ηοω</strong></span> <span class='ocrx_word' id='word_1_504' title='bbox 1038 5136 1135 5194; x_wconf 84' lang='lat' dir='ltr'><strong>minue</strong></span> <span class='ocrx_word' id='word_1_505' title='bbox 1145 5137 1303 5210; x_wconf 84' lang='lat' dir='ltr'><strong>diligenter</strong></span> <span class='ocrx_word' id='word_1_506' title='bbox 1319 5139 1454 5211; x_wconf 80' lang='lat' dir='ltr'><strong>relegens</strong></span> <span class='ocrx_word' id='word_1_507' title='bbox 1472 5139 1569 5197; x_wconf 84' lang='lat' dir='ltr'><strong>Maius</strong></span> <span class='ocrx_word' id='word_1_508' title='bbox 1579 5157 1617 5200; x_wconf 83' lang='lat' dir='ltr'><strong>ex</strong></span> <span class='ocrx_word' id='word_1_509' title='bbox 1631 5147 1715 5214; x_wconf 86' lang='lat' dir='ltr'><strong>parte</strong></span> 
     </span>
    </p>

    <p class='ocr_par' dir='ltr' id='par_1_8' title="bbox 199 5222 1084 5298">
     <span class='ocr_line' id='line_1_46' title="bbox 199 5222 1084 5298; baseline -0.005 -15"><span class='ocrx_word' id='word_1_510' title='bbox 199 5243 227 5283; x_wconf 88' lang='lat' dir='ltr'><strong>v.</strong></span> <span class='ocrx_word' id='word_1_511' title='bbox 240 5225 283 5294; x_wconf 89' lang='grc'><strong>33,</strong></span> <span class='ocrx_word' id='word_1_512' title='bbox 296 5223 339 5280; x_wconf 76' lang='grc'>34.</span> <span class='ocrx_word' id='word_1_513' title='bbox 352 5223 428 5282; x_wconf 83' lang='lat' dir='ltr'><strong>lblc.</strong></span> <span class='ocrx_word' id='word_1_514' title='bbox 438 5222 522 5281; x_wconf 81' lang='lat' dir='ltr'><strong>Adeo</strong></span> <span class='ocrx_word' id='word_1_515' title='bbox 535 5229 617 5281; x_wconf 81' lang='lat' dir='ltr'><strong>arcte.</strong></span> <span class='ocrx_word' id='word_1_516' title='bbox 630 5229 660 5282; x_wconf 87' lang='lat' dir='ltr'><strong>ct</strong></span> <span class='ocrx_word' id='word_1_517' title='bbox 673 5224 814 5298; x_wconf 84' lang='lat' dir='ltr'><strong>contigua</strong></span> <span class='ocrx_word' id='word_1_518' title='bbox 827 5225 918 5282; x_wconf 86' lang='lat' dir='ltr'><strong>series</strong></span> <span class='ocrx_word' id='word_1_519' title='bbox 963 5223 1084 5282; x_wconf 78' lang='lat' dir='ltr'><strong>recoxit.</strong></span> 
     </span>
    </p>
   </div>
   <div class='ocr_carea' id='block_1_4' title="bbox 0 0 1988 6102">
    <p class='ocr_par' dir='ltr' id='par_1_9' title="bbox 0 0 1988 6102">
     <span class='ocr_line' id='line_1_47' title="bbox 0 0 1988 6102; baseline 0 0"><span class='ocrx_word' id='word_1_520' title='bbox 0 0 1988 6102; x_wconf 95' lang='lat' dir='ltr'><strong> </strong></span> 
     </span>
    </p>
   </div>
  </div>
 </body>
</html>
