<?xml version="1.0" encoding="UTF-8"?>
<!DOCTYPE html PUBLIC "-//W3C//DTD XHTML 1.0 Transitional//EN"
    "http://www.w3.org/TR/xhtml1/DTD/xhtml1-transitional.dtd">
<html xmlns="http://www.w3.org/1999/xhtml" xml:lang="en" lang="en">
 <head>
  <title>
</title>
<meta http-equiv="Content-Type" content="text/html;charset=utf-8" />
  <meta name='ocr-system' content='tesseract 3.04.00' />
  <meta name='ocr-capabilities' content='ocr_page ocr_carea ocr_par ocr_line ocrx_word'/>
</head>
<body>
  <div class='ocr_page' id='page_1' title='image "./analectasacrasp00pitrgoog_0313.png"; bbox 0 0 4006 6090; ppageno 0'>
   <div class='ocr_carea' id='block_1_1' title="bbox 308 439 1184 512">
    <p class='ocr_par' dir='ltr' id='par_1_1' title="bbox 308 439 1184 512">
     <span class='ocr_line' id='line_1_1' title="bbox 308 439 1184 512; baseline 0.007 -12"><span class='ocrx_word' id='word_1_1' title='bbox 308 439 372 500; x_wconf 82' lang='lat'>302</span> <span class='ocrx_word' id='word_1_2' title='bbox 974 443 1184 512; x_wconf 76' lang='lat' dir='ltr'><strong>oulunnns</strong></span> 
     </span>
    </p>
   </div>
   <div class='ocr_carea' id='block_1_2' title="bbox 265 578 1850 4205">
    <p class='ocr_par' dir='ltr' id='par_1_2' title="bbox 308 578 1842 869">
     <span class='ocr_line' id='line_1_2' title="bbox 309 578 1842 666; baseline 0 -24"><span class='ocrx_word' id='word_1_3' title='bbox 309 578 359 662; x_wconf 78' lang='grc' dir='ltr'>ην,</span> <span class='ocrx_word' id='word_1_4' title='bbox 375 579 412 643; x_wconf 89' lang='grc' dir='ltr'>ού</span> <span class='ocrx_word' id='word_1_5' title='bbox 435 597 511 642; x_wconf 88' lang='grc' dir='ltr'>ποτε</span> <span class='ocrx_word' id='word_1_6' title='bbox 537 580 603 664; x_wconf 82' lang='grc' dir='ltr'>μὲν,</span> <span class='ocrx_word' id='word_1_7' title='bbox 627 581 704 644; x_wconf 73' lang='grc' dir='ltr'>ποτε</span> <span class='ocrx_word' id='word_1_8' title='bbox 727 579 754 644; x_wconf 87' lang='grc' dir='ltr'>δ’</span> <span class='ocrx_word' id='word_1_9' title='bbox 770 583 828 644; x_wconf 85' lang='grc' dir='ltr'>ούκ</span> <span class='ocrx_word' id='word_1_10' title='bbox 851 581 918 666; x_wconf 77' lang='grc' dir='ltr'>ἔχει</span> <span class='ocrx_word' id='word_1_11' title='bbox 941 579 1057 646; x_wconf 80' lang='grc' dir='ltr'>δικαιο</span> <span class='ocrx_word' id='word_1_12' title='bbox 1098 582 1200 650; x_wconf 74' lang='lat' dir='ltr'><strong>hnhet</strong></span> <span class='ocrx_word' id='word_1_13' title='bbox 1221 583 1437 663; x_wconf 81' lang='lat' dir='ltr'><strong>aequitutem3</strong></span> <span class='ocrx_word' id='word_1_14' title='bbox 1460 581 1535 645; x_wconf 82' lang='lat' dir='ltr'><strong>fons</strong></span> <span class='ocrx_word' id='word_1_15' title='bbox 1556 580 1648 644; x_wconf 86' lang='lat' dir='ltr'><strong>enim</strong></span> <span class='ocrx_word' id='word_1_16' title='bbox 1674 583 1725 643; x_wconf 80' lang='lat' dir='ltr'>est</span> <span class='ocrx_word' id='word_1_17' title='bbox 1739 585 1842 660; x_wconf 78' lang='lat' dir='ltr'><strong>utque</strong></span> 
     </span>
     <span class='ocr_line' id='line_1_3' title="bbox 309 680 1392 770; baseline 0.004 -26"><span class='ocrx_word' id='word_1_18' title='bbox 309 680 416 765; x_wconf 90' lang='grc' dir='ltr'>σύνην,</span> <span class='ocrx_word' id='word_1_19' title='bbox 438 683 527 768; x_wconf 76' lang='grc' dir='ltr'>πηγὴ</span> <span class='ocrx_word' id='word_1_20' title='bbox 551 683 690 768; x_wconf 77' lang='grc' dir='ltr'>γὰρκαὶ</span> <span class='ocrx_word' id='word_1_21' title='bbox 716 682 875 768; x_wconf 77' lang='grc' dir='ltr'>γεννήτωρ</span> <span class='ocrx_word' id='word_1_22' title='bbox 890 685 1002 768; x_wconf 65' lang='grc' dir='ltr'>,αὐτῆς</span> <span class='ocrx_word' id='word_1_23' title='bbox 1025 684 1056 749; x_wconf 87' lang='grc' dir='ltr'>ύ-</span> <span class='ocrx_word' id='word_1_24' title='bbox 1098 703 1223 768; x_wconf 73' lang='lat' dir='ltr'><strong>parens</strong></span> <span class='ocrx_word' id='word_1_25' title='bbox 1239 685 1392 770; x_wconf 80' lang='lat' dir='ltr'><strong>justitiae.</strong></span> 
     </span>
     <span class='ocr_line' id='line_1_4' title="bbox 308 784 449 869; baseline 0.007 -20"><span class='ocrx_word' id='word_1_26' title='bbox 308 784 449 869; x_wconf 80' lang='grc' dir='ltr'>πάρχυν.</span> 
     </span>
    </p>

    <p class='ocr_par' dir='ltr' id='par_1_3' title="bbox 307 886 1847 1374">
     <span class='ocr_line' id='line_1_5' title="bbox 353 886 1845 978; baseline 0.001 -26"><span class='ocrx_word' id='word_1_27' title='bbox 353 886 418 952; x_wconf 78' lang='grc' dir='ltr'>Καὶ</span> <span class='ocrx_word' id='word_1_28' title='bbox 434 888 499 973; x_wconf 82' lang='grc' dir='ltr'>μετ’</span> <span class='ocrx_word' id='word_1_29' title='bbox 507 889 609 975; x_wconf 81' lang='grc' dir='ltr'>ὀλίγα·</span> <span class='ocrx_word' id='word_1_30' title='bbox 621 893 688 958; x_wconf 75' lang='grc' dir='ltr'>ἐπεὶ</span> <span class='ocrx_word' id='word_1_31' title='bbox 701 893 717 958; x_wconf 83' lang='grc' dir='ltr'>δ</span> <span class='ocrx_word' id='word_1_32' title='bbox 729 893 817 977; x_wconf 81' lang='grc' dir='ltr'>παρὰ</span> <span class='ocrx_word' id='word_1_33' title='bbox 833 891 996 969; x_wconf 79' lang='grc' dir='ltr'>Ἰουδαίοις</span> <span class='ocrx_word' id='word_1_34' title='bbox 1007 911 1056 957; x_wconf 94' lang='grc' dir='ltr'>νο-</span> <span class='ocrx_word' id='word_1_35' title='bbox 1142 896 1189 959; x_wconf 76' lang='lat' dir='ltr'>nt</span> <span class='ocrx_word' id='word_1_36' title='bbox 1201 897 1280 975; x_wconf 74' lang='lat' dir='ltr'>post</span> <span class='ocrx_word' id='word_1_37' title='bbox 1291 895 1409 978; x_wconf 60' lang='grc' dir='ltr'>ῥιιιτιι.</span> <span class='ocrx_word' id='word_1_38' title='bbox 1435 895 1575 971; x_wconf 80' lang='lat' dir='ltr'>Quando</span> <span class='ocrx_word' id='word_1_39' title='bbox 1606 893 1742 975; x_wconf 86' lang='lat' dir='ltr'><strong>quidem</strong></span> <span class='ocrx_word' id='word_1_40' title='bbox 1770 909 1845 972; x_wconf 78' lang='lat' dir='ltr'>qum</span> 
     </span>
     <span class='ocr_line' id='line_1_6' title="bbox 309 991 1846 1082; baseline 0.003 -27"><span class='ocrx_word' id='word_1_41' title='bbox 309 991 472 1078; x_wconf 80' lang='grc' dir='ltr'>μιζύμενος</span> <span class='ocrx_word' id='word_1_42' title='bbox 486 994 580 1081; x_wconf 88' lang='grc' dir='ltr'>νύμος</span> <span class='ocrx_word' id='word_1_43' title='bbox 595 997 672 1062; x_wconf 90' lang='grc' dir='ltr'>είναι</span> <span class='ocrx_word' id='word_1_44' title='bbox 688 994 831 1080; x_wconf 77' lang='grc' dir='ltr'>ἀλήθεια,</span> <span class='ocrx_word' id='word_1_45' title='bbox 847 997 907 1060; x_wconf 89' lang='grc' dir='ltr'>ούκ</span> <span class='ocrx_word' id='word_1_46' title='bbox 921 995 1056 1082; x_wconf 79' lang='grc' dir='ltr'>ἀλήθεια</span> <span class='ocrx_word' id='word_1_47' title='bbox 1099 997 1189 1079; x_wconf 78' lang='lat' dir='ltr'><strong>apud</strong></span> <span class='ocrx_word' id='word_1_48' title='bbox 1200 999 1221 1061; x_wconf 92' lang='lat' dir='ltr'>J</span> <span class='ocrx_word' id='word_1_49' title='bbox 1224 997 1348 1062; x_wconf 80' lang='lat' dir='ltr'><strong>udaeos</strong></span> <span class='ocrx_word' id='word_1_50' title='bbox 1359 999 1413 1066; x_wconf 79' lang='lat' dir='ltr'>lex</span> <span class='ocrx_word' id='word_1_51' title='bbox 1425 999 1609 1080; x_wconf 79' lang='lat' dir='ltr'><strong>putubatur</strong></span> <span class='ocrx_word' id='word_1_52' title='bbox 1627 1015 1700 1062; x_wconf 83' lang='lat' dir='ltr'>esse</span> <span class='ocrx_word' id='word_1_53' title='bbox 1711 998 1846 1076; x_wconf 74' lang='lat' dir='ltr'><strong>veritus,</strong></span> 
     </span>
     <span class='ocr_line' id='line_1_7' title="bbox 307 1095 1847 1186; baseline 0.003 -26"><span class='ocrx_word' id='word_1_54' title='bbox 307 1096 360 1180; x_wconf 82' lang='grc' dir='ltr'>ὢν,</span> <span class='ocrx_word' id='word_1_55' title='bbox 377 1095 461 1163; x_wconf 79' lang='grc' dir='ltr'>ἀλλὰ</span> <span class='ocrx_word' id='word_1_56' title='bbox 475 1098 579 1182; x_wconf 81' lang='grc' dir='ltr'>τύπος,</span> <span class='ocrx_word' id='word_1_57' title='bbox 602 1102 678 1185; x_wconf 88' lang='grc' dir='ltr'>παρ’</span> <span class='ocrx_word' id='word_1_58' title='bbox 691 1099 766 1186; x_wconf 74' lang='grc' dir='ltr'>ἡμῖν</span> <span class='ocrx_word' id='word_1_59' title='bbox 781 1110 846 1178; x_wconf 88' lang='grc' dir='ltr'>τοῖς</span> <span class='ocrx_word' id='word_1_60' title='bbox 870 1100 1057 1186; x_wconf 79' lang='grc' dir='ltr'>ἐπιστρέψαι·</span> <span class='ocrx_word' id='word_1_61' title='bbox 1099 1119 1178 1166; x_wconf 82' lang='lat' dir='ltr'>uum</span> <span class='ocrx_word' id='word_1_62' title='bbox 1197 1103 1323 1166; x_wconf 77' lang='lat' dir='ltr'><strong>verius</strong></span> <span class='ocrx_word' id='word_1_63' title='bbox 1338 1118 1408 1170; x_wconf 91' lang='lat' dir='ltr'>non</span> <span class='ocrx_word' id='word_1_64' title='bbox 1422 1108 1520 1183; x_wconf 82' lang='lat' dir='ltr'><strong>esset,</strong></span> <span class='ocrx_word' id='word_1_65' title='bbox 1535 1102 1594 1168; x_wconf 83' lang='lat' dir='ltr'>sed</span> <span class='ocrx_word' id='word_1_66' title='bbox 1609 1102 1734 1182; x_wconf 74' lang='lat' dir='ltr'><strong>figura,</strong></span> <span class='ocrx_word' id='word_1_67' title='bbox 1749 1101 1847 1165; x_wconf 82' lang='lat' dir='ltr'><strong>nobis</strong></span> 
     </span>
     <span class='ocr_line' id='line_1_8' title="bbox 308 1203 1845 1289; baseline 0.001 -23"><span class='ocrx_word' id='word_1_68' title='bbox 308 1222 357 1266; x_wconf 92' lang='grc' dir='ltr'>σιν</span> <span class='ocrx_word' id='word_1_69' title='bbox 379 1205 455 1287; x_wconf 85' lang='grc' dir='ltr'>πρὸς</span> <span class='ocrx_word' id='word_1_70' title='bbox 477 1203 604 1289; x_wconf 79' lang='grc' dir='ltr'>Κύριον,</span> <span class='ocrx_word' id='word_1_71' title='bbox 627 1204 733 1270; x_wconf 78' lang='grc' dir='ltr'>οὐκέτι</span> <span class='ocrx_word' id='word_1_72' title='bbox 754 1206 860 1288; x_wconf 82' lang='grc' dir='ltr'>τύπος,</span> <span class='ocrx_word' id='word_1_73' title='bbox 885 1203 957 1270; x_wconf 81' lang='grc' dir='ltr'>ἀλλ’</span> <span class='ocrx_word' id='word_1_74' title='bbox 976 1203 1054 1289; x_wconf 84' lang='grc' dir='ltr'>ἀλη-</span> <span class='ocrx_word' id='word_1_75' title='bbox 1099 1205 1142 1268; x_wconf 83' lang='lat' dir='ltr'>nd</span> <span class='ocrx_word' id='word_1_76' title='bbox 1156 1206 1338 1269; x_wconf 89' lang='lat' dir='ltr'><strong>Dominum</strong></span> <span class='ocrx_word' id='word_1_77' title='bbox 1350 1207 1530 1286; x_wconf 78' lang='lat' dir='ltr'><strong>conversis,</strong></span> <span class='ocrx_word' id='word_1_78' title='bbox 1543 1223 1611 1270; x_wconf 95' lang='lat' dir='ltr'>non</span> <span class='ocrx_word' id='word_1_79' title='bbox 1622 1210 1724 1288; x_wconf 82' lang='lat' dir='ltr'><strong>typus</strong></span> <span class='ocrx_word' id='word_1_80' title='bbox 1739 1204 1845 1285; x_wconf 76' lang='lat' dir='ltr'><strong>adest,</strong></span> 
     </span>
     <span class='ocr_line' id='line_1_9' title="bbox 308 1304 1307 1374; baseline 0.002 -4"><span class='ocrx_word' id='word_1_81' title='bbox 308 1304 386 1371; x_wconf 88' lang='grc' dir='ltr'>θεια.</span> <span class='ocrx_word' id='word_1_82' title='bbox 1099 1309 1157 1374; x_wconf 80' lang='lat' dir='ltr'>sed</span> <span class='ocrx_word' id='word_1_83' title='bbox 1172 1311 1307 1374; x_wconf 79' lang='lat' dir='ltr'><strong>veritas.</strong></span> 
     </span>
    </p>

    <p class='ocr_par' dir='ltr' id='par_1_4' title="bbox 308 1410 1850 1601">
     <span class='ocr_line' id='line_1_10' title="bbox 352 1410 1850 1499; baseline 0.002 -26"><span class='ocrx_word' id='word_1_84' title='bbox 352 1429 384 1474; x_wconf 86' lang='lat' dir='ltr'>v.</span> <span class='ocrx_word' id='word_1_85' title='bbox 404 1413 474 1476; x_wconf 81' lang='lat'>143.</span> <span class='ocrx_word' id='word_1_86' title='bbox 491 1410 621 1497; x_wconf 86' lang='grc' dir='ltr'>Θλίψεις</span> <span class='ocrx_word' id='word_1_87' title='bbox 637 1414 692 1477; x_wconf 82' lang='grc' dir='ltr'>καὶ</span> <span class='ocrx_word' id='word_1_88' title='bbox 708 1411 847 1499; x_wconf 80' lang='grc' dir='ltr'>ἀνάγκαι</span> <span class='ocrx_word' id='word_1_89' title='bbox 857 1411 991 1497; x_wconf 88' lang='grc' dir='ltr'>εύροσίιν</span> <span class='ocrx_word' id='word_1_90' title='bbox 1007 1433 1055 1498; x_wconf 93' lang='grc' dir='ltr'>με,</span> <span class='ocrx_word' id='word_1_91' title='bbox 1144 1432 1176 1478; x_wconf 85' lang='grc' dir='ltr'>ν.</span> <span class='ocrx_word' id='word_1_92' title='bbox 1202 1416 1274 1478; x_wconf 85' lang='grc'><strong>143.</strong></span> <span class='ocrx_word' id='word_1_93' title='bbox 1299 1413 1545 1480; x_wconf 64' lang='lat' dir='ltr'>nubilatum</span> <span class='ocrx_word' id='word_1_94' title='bbox 1564 1418 1596 1482; x_wconf 80' lang='grc' dir='ltr'>εί</span> <span class='ocrx_word' id='word_1_95' title='bbox 1615 1413 1786 1496; x_wconf 72' lang='grc' dir='ltr'>οπρεισίιοα</span> <span class='ocrx_word' id='word_1_96' title='bbox 1798 1413 1850 1476; x_wconf 79' lang='lat' dir='ltr'>iu·</span> 
     </span>
     <span class='ocr_line' id='line_1_11' title="bbox 308 1512 1849 1601; baseline 0.003 -23"><span class='ocrx_word' id='word_1_97' title='bbox 308 1513 341 1578; x_wconf 84' lang='grc' dir='ltr'>αἱ</span> <span class='ocrx_word' id='word_1_98' title='bbox 355 1512 481 1579; x_wconf 82' lang='grc' dir='ltr'>έντολαί</span> <span class='ocrx_word' id='word_1_99' title='bbox 495 1537 551 1580; x_wconf 93' lang='grc' dir='ltr'>σου</span> <span class='ocrx_word' id='word_1_100' title='bbox 567 1514 684 1600; x_wconf 88' lang='grc' dir='ltr'>μελέτη</span> <span class='ocrx_word' id='word_1_101' title='bbox 701 1535 771 1601; x_wconf 92' lang='grc' dir='ltr'>μου.</span> <span class='ocrx_word' id='word_1_102' title='bbox 1099 1523 1341 1599; x_wconf 69' lang='grc' dir='ltr'>πραττομένας</span> <span class='ocrx_word' id='word_1_103' title='bbox 1356 1517 1582 1584; x_wconf 70' lang='lat' dir='ltr'><strong>numum</strong></span> <span class='ocrx_word' id='word_1_104' title='bbox 1596 1517 1763 1586; x_wconf 71' lang='grc' dir='ltr'>ειαύίίοίεο</span> <span class='ocrx_word' id='word_1_105' title='bbox 1778 1532 1849 1582; x_wconf 77' lang='grc' dir='ltr'>αισα</span> 
     </span>
    </p>

    <p class='ocr_par' dir='ltr' id='par_1_5' title="bbox 1100 1626 1158 1687">
     <span class='ocr_line' id='line_1_12' title="bbox 1100 1626 1158 1687; baseline -0.052 0"><span class='ocrx_word' id='word_1_106' title='bbox 1100 1626 1158 1687; x_wconf 72' lang='lat' dir='ltr'>est.</span> 
     </span>
    </p>

    <p class='ocr_par' dir='ltr' id='par_1_6' title="bbox 265 1720 1849 2226">
     <span class='ocr_line' id='line_1_13' title="bbox 348 1720 1849 1811; baseline -0.002 -21"><span class='ocrx_word' id='word_1_107' title='bbox 348 1720 390 1789; x_wconf 86' lang='grc' dir='ltr'><strong>Ἥ</strong></span> <span class='ocrx_word' id='word_1_108' title='bbox 407 1725 470 1811; x_wconf 84' lang='grc' dir='ltr'>γύιρ</span> <span class='ocrx_word' id='word_1_109' title='bbox 492 1723 563 1802; x_wconf 71' lang='lat' dir='ltr'>uu</span> <span class='ocrx_word' id='word_1_110' title='bbox 587 1745 646 1810; x_wconf 87' lang='grc' dir='ltr'>μου</span> <span class='ocrx_word' id='word_1_111' title='bbox 668 1721 762 1808; x_wconf 88' lang='grc' dir='ltr'>στένη</span> <span class='ocrx_word' id='word_1_112' title='bbox 785 1726 842 1788; x_wconf 80' lang='grc' dir='ltr'>καί</span> <span class='ocrx_word' id='word_1_113' title='bbox 863 1721 1055 1808; x_wconf 76' lang='grc' dir='ltr'>τεθλιμμένη</span> <span class='ocrx_word' id='word_1_114' title='bbox 1143 1727 1228 1788; x_wconf 81' lang='lat' dir='ltr'>Num</span> <span class='ocrx_word' id='word_1_115' title='bbox 1246 1745 1263 1786; x_wconf 87' lang='grc' dir='ltr'>ιι</span> <span class='ocrx_word' id='word_1_116' title='bbox 1279 1726 1336 1789; x_wconf 79' lang='lat' dir='ltr'>viu</span> <span class='ocrx_word' id='word_1_117' title='bbox 1358 1744 1433 1792; x_wconf 85' lang='lat' dir='ltr'>mea</span> <span class='ocrx_word' id='word_1_118' title='bbox 1448 1729 1541 1790; x_wconf 83' lang='lat' dir='ltr'><strong>arutu</strong></span> <span class='ocrx_word' id='word_1_119' title='bbox 1556 1729 1608 1790; x_wconf 80' lang='lat' dir='ltr'>eut</span> <span class='ocrx_word' id='word_1_120' title='bbox 1623 1728 1727 1806; x_wconf 78' lang='lat' dir='ltr'><strong>atque</strong></span> <span class='ocrx_word' id='word_1_121' title='bbox 1739 1741 1849 1803; x_wconf 74' lang='lat' dir='ltr'><strong>ungn-</strong></span> 
     </span>
     <span class='ocr_line' id='line_1_14' title="bbox 306 1826 1849 1914; baseline -0.001 -20"><span class='ocrx_word' id='word_1_122' title='bbox 306 1827 399 1913; x_wconf 84' lang='grc' dir='ltr'>έστίν,</span> <span class='ocrx_word' id='word_1_123' title='bbox 415 1827 437 1913; x_wconf 78' lang='grc' dir='ltr'>ἡ</span> <span class='ocrx_word' id='word_1_124' title='bbox 453 1827 616 1914; x_wconf 78' lang='grc' dir='ltr'>ἀνάγουσαι</span> <span class='ocrx_word' id='word_1_125' title='bbox 631 1829 674 1906; x_wconf 83' lang='grc' dir='ltr'>τίς</span> <span class='ocrx_word' id='word_1_126' title='bbox 689 1830 748 1914; x_wconf 74' lang='grc' dir='ltr'>τὴν</span> <span class='ocrx_word' id='word_1_127' title='bbox 762 1827 858 1914; x_wconf 75' lang='grc' dir='ltr'>ζωήν.</span> <span class='ocrx_word' id='word_1_128' title='bbox 874 1826 955 1892; x_wconf 88' lang='grc' dir='ltr'>Καί·</span> <span class='ocrx_word' id='word_1_129' title='bbox 971 1826 1053 1893; x_wconf 86' lang='grc' dir='ltr'>Πολ·</span> <span class='ocrx_word' id='word_1_130' title='bbox 1100 1829 1201 1893; x_wconf 80' lang='lat' dir='ltr'><strong>stiatu</strong></span> <span class='ocrx_word' id='word_1_131' title='bbox 1224 1845 1300 1910; x_wconf 77' lang='lat' dir='ltr'>qum</span> <span class='ocrx_word' id='word_1_132' title='bbox 1322 1830 1416 1894; x_wconf 85' lang='lat' dir='ltr'><strong>ducit</strong></span> <span class='ocrx_word' id='word_1_133' title='bbox 1430 1830 1472 1894; x_wconf 84' lang='lat' dir='ltr'>nd</span> <span class='ocrx_word' id='word_1_134' title='bbox 1483 1833 1628 1894; x_wconf 79' lang='lat' dir='ltr'><strong>vitam.»</strong></span> <span class='ocrx_word' id='word_1_135' title='bbox 1654 1832 1716 1893; x_wconf 87' lang='lat' dir='ltr'>Et:</span> <span class='ocrx_word' id='word_1_136' title='bbox 1738 1830 1849 1892; x_wconf 86' lang='lat' dir='ltr'><strong>‹Mul-</strong></span> 
     </span>
     <span class='ocr_line' id='line_1_15' title="bbox 307 1931 1848 2019; baseline -0.002 -21"><span class='ocrx_word' id='word_1_137' title='bbox 307 1931 361 1998; x_wconf 80' lang='grc' dir='ltr'>λοιὶ</span> <span class='ocrx_word' id='word_1_138' title='bbox 376 1933 409 1998; x_wconf 92' lang='grc' dir='ltr'>οιί</span> <span class='ocrx_word' id='word_1_139' title='bbox 423 1931 541 2019; x_wconf 81' lang='grc' dir='ltr'>θλίψεις</span> <span class='ocrx_word' id='word_1_140' title='bbox 564 1941 625 1999; x_wconf 81' lang='grc' dir='ltr'>τῶν</span> <span class='ocrx_word' id='word_1_141' title='bbox 647 1931 787 2013; x_wconf 83' lang='grc' dir='ltr'>δικαίων,</span> <span class='ocrx_word' id='word_1_142' title='bbox 809 1933 864 1997; x_wconf 82' lang='grc' dir='ltr'>καί</span> <span class='ocrx_word' id='word_1_143' title='bbox 886 1933 925 1998; x_wconf 80' lang='grc' dir='ltr'>ἐκ</span> <span class='ocrx_word' id='word_1_144' title='bbox 946 1935 1056 1998; x_wconf 83' lang='grc' dir='ltr'>παούιν</span> <span class='ocrx_word' id='word_1_145' title='bbox 1100 1939 1144 1997; x_wconf 82' lang='lat' dir='ltr'>tae</span> <span class='ocrx_word' id='word_1_146' title='bbox 1159 1939 1241 1998; x_wconf 81' lang='lat' dir='ltr'><strong>sunt</strong></span> <span class='ocrx_word' id='word_1_147' title='bbox 1263 1933 1499 1999; x_wconf 80' lang='lat' dir='ltr'><strong>afflictationes</strong></span> <span class='ocrx_word' id='word_1_148' title='bbox 1513 1934 1693 2016; x_wconf 78' lang='lat' dir='ltr'><strong>justorum,</strong></span> <span class='ocrx_word' id='word_1_149' title='bbox 1717 1952 1759 1997; x_wconf 89' lang='lat' dir='ltr'>ex</span> <span class='ocrx_word' id='word_1_150' title='bbox 1774 1934 1848 2018; x_wconf 90' lang='lat' dir='ltr'><strong>qui·</strong></span> 
     </span>
     <span class='ocr_line' id='line_1_16' title="bbox 307 2035 1846 2122; baseline -0.002 -20"><span class='ocrx_word' id='word_1_151' title='bbox 307 2037 409 2102; x_wconf 80' lang='grc' dir='ltr'>αὐτῶν</span> <span class='ocrx_word' id='word_1_152' title='bbox 424 2036 550 2121; x_wconf 70' lang='grc' dir='ltr'>ῥύσεται</span> <span class='ocrx_word' id='word_1_153' title='bbox 565 2036 688 2114; x_wconf 83' lang='grc' dir='ltr'>αύτούς.</span> <span class='ocrx_word' id='word_1_154' title='bbox 710 2035 790 2101; x_wconf 84' lang='grc' dir='ltr'>Είτέι</span> <span class='ocrx_word' id='word_1_155' title='bbox 805 2057 920 2122; x_wconf 84' lang='grc' dir='ltr'>φησιν·</span> <span class='ocrx_word' id='word_1_156' title='bbox 943 2035 986 2104; x_wconf 86' lang='grc' dir='ltr'>Αἱ</span> <span class='ocrx_word' id='word_1_157' title='bbox 1007 2039 1056 2103; x_wconf 77' lang='lat' dir='ltr'>iv·</span> <span class='ocrx_word' id='word_1_158' title='bbox 1100 2038 1164 2104; x_wconf 83' lang='lat' dir='ltr'>bns</span> <span class='ocrx_word' id='word_1_159' title='bbox 1194 2039 1350 2103; x_wconf 83' lang='lat' dir='ltr'><strong>omnibus</strong></span> <span class='ocrx_word' id='word_1_160' title='bbox 1381 2040 1503 2121; x_wconf 83' lang='lat' dir='ltr'><strong>eripiet</strong></span> <span class='ocrx_word' id='word_1_161' title='bbox 1531 2055 1588 2103; x_wconf 80' lang='lat' dir='ltr'>eos</span> <span class='ocrx_word' id='word_1_162' title='bbox 1601 2059 1631 2101; x_wconf 78' lang='grc' dir='ltr'>ν.</span> <span class='ocrx_word' id='word_1_163' title='bbox 1662 2040 1749 2102; x_wconf 90' lang='lat' dir='ltr'>Tum</span> <span class='ocrx_word' id='word_1_164' title='bbox 1778 2038 1846 2104; x_wconf 78' lang='lat' dir='ltr'><strong>nit:</strong></span> 
     </span>
     <span class='ocr_line' id='line_1_17' title="bbox 265 2137 1605 2226; baseline 0.001 -22"><span class='ocrx_word' id='word_1_165' title='bbox 265 2209 267 2214; x_wconf 67' lang='grc'>,</span> <span class='ocrx_word' id='word_1_166' title='bbox 307 2137 400 2204; x_wconf 90' lang='grc' dir='ltr'>τολαί</span> <span class='ocrx_word' id='word_1_167' title='bbox 414 2159 481 2222; x_wconf 90' lang='grc' dir='ltr'>σου,</span> <span class='ocrx_word' id='word_1_168' title='bbox 499 2139 614 2225; x_wconf 80' lang='grc' dir='ltr'>μελέτη</span> <span class='ocrx_word' id='word_1_169' title='bbox 633 2160 701 2226; x_wconf 89' lang='grc' dir='ltr'>μου.</span> <span class='ocrx_word' id='word_1_170' title='bbox 1101 2142 1330 2208; x_wconf 70' lang='lat' dir='ltr'>Mandatum</span> <span class='ocrx_word' id='word_1_171' title='bbox 1345 2141 1510 2208; x_wconf 79' lang='lat' dir='ltr'><strong>meditatio</strong></span> <span class='ocrx_word' id='word_1_172' title='bbox 1526 2159 1605 2207; x_wconf 77' lang='lat' dir='ltr'>meu</span> 
     </span>
    </p>

    <p class='ocr_par' dir='ltr' id='par_1_7' title="bbox 305 2241 1849 4205">
     <span class='ocr_line' id='line_1_18' title="bbox 354 2241 1844 2330; baseline 0.003 -24"><span class='ocrx_word' id='word_1_173' title='bbox 354 2263 386 2307; x_wconf 91' lang='lat' dir='ltr'>v.</span> <span class='ocrx_word' id='word_1_174' title='bbox 412 2245 484 2309; x_wconf 82' lang='lat'>145.</span> <span class='ocrx_word' id='word_1_175' title='bbox 508 2242 689 2329; x_wconf 83' lang='grc' dir='ltr'>Ἐιιέκραξα</span> <span class='ocrx_word' id='word_1_176' title='bbox 711 2243 744 2310; x_wconf 79' lang='grc' dir='ltr'>ὲν</span> <span class='ocrx_word' id='word_1_177' title='bbox 767 2243 825 2327; x_wconf 86' lang='grc' dir='ltr'>ύλη</span> <span class='ocrx_word' id='word_1_178' title='bbox 848 2241 963 2330; x_wconf 78' lang='grc' dir='ltr'>καρδίᾳ</span> <span class='ocrx_word' id='word_1_179' title='bbox 986 2264 1055 2329; x_wconf 88' lang='grc' dir='ltr'>μου,</span> <span class='ocrx_word' id='word_1_180' title='bbox 1143 2264 1175 2310; x_wconf 83' lang='grc' dir='ltr'>ν.</span> <span class='ocrx_word' id='word_1_181' title='bbox 1207 2248 1278 2310; x_wconf 87' lang='grc'><strong>145.</strong></span> <span class='ocrx_word' id='word_1_182' title='bbox 1312 2247 1459 2312; x_wconf 66' lang='lat' dir='ltr'>cunuti</span> <span class='ocrx_word' id='word_1_183' title='bbox 1490 2248 1528 2311; x_wconf 85' lang='grc' dir='ltr'>ι’νι</span> <span class='ocrx_word' id='word_1_184' title='bbox 1556 2251 1618 2312; x_wconf 77' lang='lat' dir='ltr'>uto</span> <span class='ocrx_word' id='word_1_185' title='bbox 1648 2245 1739 2314; x_wconf 68' lang='lat' dir='ltr'><strong>corde</strong></span> <span class='ocrx_word' id='word_1_186' title='bbox 1766 2263 1844 2326; x_wconf 80' lang='grc' dir='ltr'>αισο,</span> 
     </span>
     <span class='ocr_line' id='line_1_19' title="bbox 307 2344 1849 2434; baseline 0.003 -23"><span class='ocrx_word' id='word_1_187' title='bbox 307 2344 484 2412; x_wconf 81' lang='grc' dir='ltr'>έπάκουσύν</span> <span class='ocrx_word' id='word_1_188' title='bbox 501 2367 570 2432; x_wconf 90' lang='grc' dir='ltr'>μου,</span> <span class='ocrx_word' id='word_1_189' title='bbox 593 2347 700 2434; x_wconf 83' lang='grc' dir='ltr'>Κύριε,</span> <span class='ocrx_word' id='word_1_190' title='bbox 716 2350 756 2413; x_wconf 84' lang='grc' dir='ltr'>τύι</span> <span class='ocrx_word' id='word_1_191' title='bbox 778 2347 976 2434; x_wconf 84' lang='grc' dir='ltr'>δικαιύματύι</span> <span class='ocrx_word' id='word_1_192' title='bbox 999 2369 1056 2414; x_wconf 90' lang='grc' dir='ltr'>σου</span> <span class='ocrx_word' id='word_1_193' title='bbox 1100 2349 1217 2414; x_wconf 71' lang='lat' dir='ltr'>ouandi</span> <span class='ocrx_word' id='word_1_194' title='bbox 1238 2367 1297 2431; x_wconf 75' lang='lat' dir='ltr'>me,</span> <span class='ocrx_word' id='word_1_195' title='bbox 1320 2351 1478 2431; x_wconf 55' lang='lat' dir='ltr'><strong>Dumium</strong></span> <span class='ocrx_word' id='word_1_196' title='bbox 1498 2351 1753 2434; x_wconf 59' lang='lat' dir='ltr'>justificationes</span> <span class='ocrx_word' id='word_1_197' title='bbox 1774 2355 1849 2416; x_wconf 73' lang='lat' dir='ltr'>uas</span> 
     </span>
     <span class='ocr_line' id='line_1_20' title="bbox 308 2448 1273 2536; baseline 0.003 -22"><span class='ocrx_word' id='word_1_198' title='bbox 308 2448 487 2534; x_wconf 76' lang='grc' dir='ltr'>έκζητησυ.</span> <span class='ocrx_word' id='word_1_199' title='bbox 1099 2456 1273 2536; x_wconf 73' lang='lat' dir='ltr'><em>requiram.</em></span> 
     </span>
     <span class='ocr_line' id='line_1_21' title="bbox 316 2547 1847 2642; baseline 0.003 -24"><span class='ocrx_word' id='word_1_200' title='bbox 316 2591 317 2594; x_wconf 60' lang='lat'><em>=</em></span> <span class='ocrx_word' id='word_1_201' title='bbox 351 2547 422 2618; x_wconf 87' lang='grc' dir='ltr'>Ἰνα</span> <span class='ocrx_word' id='word_1_202' title='bbox 436 2553 571 2639; x_wconf 82' lang='grc' dir='ltr'>ἀκριύῶς</span> <span class='ocrx_word' id='word_1_203' title='bbox 593 2556 676 2620; x_wconf 80' lang='grc' dir='ltr'>αύτύι</span> <span class='ocrx_word' id='word_1_204' title='bbox 692 2553 820 2639; x_wconf 77' lang='grc' dir='ltr'>νοήσας,</span> <span class='ocrx_word' id='word_1_205' title='bbox 838 2559 935 2642; x_wconf 83' lang='grc' dir='ltr'>σοφὸς</span> <span class='ocrx_word' id='word_1_206' title='bbox 952 2557 985 2622; x_wconf 83' lang='grc' dir='ltr'>έν</span> <span class='ocrx_word' id='word_1_207' title='bbox 1001 2557 1056 2620; x_wconf 78' lang='grc' dir='ltr'>οιύ</span> <span class='ocrx_word' id='word_1_208' title='bbox 1145 2560 1189 2622; x_wconf 87' lang='lat' dir='ltr'>Ut</span> <span class='ocrx_word' id='word_1_209' title='bbox 1210 2563 1365 2622; x_wconf 80' lang='lat' dir='ltr'><strong>accurate</strong></span> <span class='ocrx_word' id='word_1_210' title='bbox 1386 2575 1427 2622; x_wconf 81' lang='lat' dir='ltr'>eu</span> <span class='ocrx_word' id='word_1_211' title='bbox 1441 2575 1518 2622; x_wconf 83' lang='lat' dir='ltr'>cnm</span> <span class='ocrx_word' id='word_1_212' title='bbox 1535 2559 1696 2638; x_wconf 85' lang='lat' dir='ltr'><strong>noverim,</strong></span> <span class='ocrx_word' id='word_1_213' title='bbox 1712 2560 1847 2639; x_wconf 83' lang='lat' dir='ltr'><strong>sapiens</strong></span> 
     </span>
     <span class='ocr_line' id='line_1_22' title="bbox 308 2658 1847 2746; baseline 0.001 -22"><span class='ocrx_word' id='word_1_214' title='bbox 308 2668 372 2737; x_wconf 86' lang='grc' dir='ltr'>τοῐς</span> <span class='ocrx_word' id='word_1_215' title='bbox 386 2659 533 2745; x_wconf 83' lang='grc' dir='ltr'>γένωμαι.</span> <span class='ocrx_word' id='word_1_216' title='bbox 549 2658 707 2745; x_wconf 80' lang='grc' dir='ltr'>Πρότερον</span> <span class='ocrx_word' id='word_1_217' title='bbox 730 2662 796 2746; x_wconf 82' lang='grc' dir='ltr'>μὲν,</span> <span class='ocrx_word' id='word_1_218' title='bbox 813 2663 846 2726; x_wconf 80' lang='grc' dir='ltr'>ἐν</span> <span class='ocrx_word' id='word_1_219' title='bbox 866 2661 925 2745; x_wconf 85' lang='grc' dir='ltr'>ύλη</span> <span class='ocrx_word' id='word_1_220' title='bbox 941 2658 1056 2746; x_wconf 80' lang='grc' dir='ltr'>καρδίρ</span> <span class='ocrx_word' id='word_1_221' title='bbox 1100 2663 1135 2725; x_wconf 90' lang='lat' dir='ltr'>in</span> <span class='ocrx_word' id='word_1_222' title='bbox 1160 2664 1227 2727; x_wconf 85' lang='lat' dir='ltr'><strong>illis</strong></span> <span class='ocrx_word' id='word_1_223' title='bbox 1241 2661 1331 2726; x_wconf 81' lang='lat' dir='ltr'><strong>fiam.</strong></span> <span class='ocrx_word' id='word_1_224' title='bbox 1354 2665 1516 2742; x_wconf 88' lang='lat' dir='ltr'><strong>Primum,</strong></span> <span class='ocrx_word' id='word_1_225' title='bbox 1531 2663 1569 2726; x_wconf 82' lang='lat' dir='ltr'>iu</span> <span class='ocrx_word' id='word_1_226' title='bbox 1591 2666 1652 2726; x_wconf 81' lang='lat' dir='ltr'>toto</span> <span class='ocrx_word' id='word_1_227' title='bbox 1668 2661 1757 2727; x_wconf 63' lang='lat' dir='ltr'>cordo</span> <span class='ocrx_word' id='word_1_228' title='bbox 1779 2679 1847 2726; x_wconf 78' lang='grc' dir='ltr'>ιιιου</span> 
     </span>
     <span class='ocr_line' id='line_1_23' title="bbox 309 2764 1848 2851; baseline 0 -22"><span class='ocrx_word' id='word_1_229' title='bbox 309 2785 368 2850; x_wconf 93' lang='grc' dir='ltr'>μου</span> <span class='ocrx_word' id='word_1_230' title='bbox 390 2764 562 2849; x_wconf 78' lang='grc' dir='ltr'>ἐκέκραξα·</span> <span class='ocrx_word' id='word_1_231' title='bbox 585 2765 729 2851; x_wconf 87' lang='grc' dir='ltr'>δεύτερον</span> <span class='ocrx_word' id='word_1_232' title='bbox 744 2765 789 2846; x_wconf 82' lang='grc' dir='ltr'>δὲ,</span> <span class='ocrx_word' id='word_1_233' title='bbox 805 2764 963 2850; x_wconf 82' lang='grc' dir='ltr'>ἐκέκραξα</span> <span class='ocrx_word' id='word_1_234' title='bbox 977 2768 1056 2849; x_wconf 87' lang='grc' dir='ltr'>πρὸς</span> <span class='ocrx_word' id='word_1_235' title='bbox 1099 2768 1248 2846; x_wconf 72' lang='lat' dir='ltr'>clamavi,</span> <span class='ocrx_word' id='word_1_236' title='bbox 1269 2772 1395 2849; x_wconf 80' lang='lat' dir='ltr'><strong>postea,</strong></span> <span class='ocrx_word' id='word_1_237' title='bbox 1412 2768 1556 2831; x_wconf 78' lang='lat' dir='ltr'><strong>clamavi</strong></span> <span class='ocrx_word' id='word_1_238' title='bbox 1579 2767 1622 2830; x_wconf 85' lang='lat' dir='ltr'>ad</span> <span class='ocrx_word' id='word_1_239' title='bbox 1643 2772 1687 2848; x_wconf 79' lang='lat' dir='ltr'>te,</span> <span class='ocrx_word' id='word_1_240' title='bbox 1704 2772 1739 2832; x_wconf 87' lang='lat' dir='ltr'>et</span> <span class='ocrx_word' id='word_1_241' title='bbox 1757 2765 1848 2849; x_wconf 90' lang='lat' dir='ltr'><strong>qnod</strong></span> 
     </span>
     <span class='ocr_line' id='line_1_24' title="bbox 308 2868 1848 2954; baseline 0.001 -21"><span class='ocrx_word' id='word_1_242' title='bbox 308 2871 354 2952; x_wconf 84' lang='grc' dir='ltr'>σέ,</span> <span class='ocrx_word' id='word_1_243' title='bbox 367 2871 421 2934; x_wconf 83' lang='grc' dir='ltr'>καὶ</span> <span class='ocrx_word' id='word_1_244' title='bbox 437 2870 512 2934; x_wconf 80' lang='grc' dir='ltr'>αὐτὸ</span> <span class='ocrx_word' id='word_1_245' title='bbox 529 2868 746 2954; x_wconf 78' lang='grc' dir='ltr'>δὲύέλίιλουν,</span> <span class='ocrx_word' id='word_1_246' title='bbox 759 2871 843 2934; x_wconf 78' lang='grc' dir='ltr'>κατὰ</span> <span class='ocrx_word' id='word_1_247' title='bbox 856 2869 1054 2954; x_wconf 78' lang='grc' dir='ltr'>ἡγεμονικὸν,</span> <span class='ocrx_word' id='word_1_248' title='bbox 1098 2873 1270 2954; x_wconf 79' lang='lat' dir='ltr'><strong>loquebar,</strong></span> <span class='ocrx_word' id='word_1_249' title='bbox 1294 2873 1330 2934; x_wconf 91' lang='lat' dir='ltr'>in</span> <span class='ocrx_word' id='word_1_250' title='bbox 1352 2871 1491 2950; x_wconf 79' lang='lat' dir='ltr'><strong>fastigio</strong></span> <span class='ocrx_word' id='word_1_251' title='bbox 1518 2872 1642 2935; x_wconf 83' lang='lat' dir='ltr'><strong>mentis</strong></span> <span class='ocrx_word' id='word_1_252' title='bbox 1672 2889 1756 2936; x_wconf 79' lang='lat' dir='ltr'>mem</span> <span class='ocrx_word' id='word_1_253' title='bbox 1778 2887 1848 2935; x_wconf 89' lang='lat' dir='ltr'>non</span> 
     </span>
     <span class='ocr_line' id='line_1_25' title="bbox 309 2974 1846 3060; baseline -0.001 -21"><span class='ocrx_word' id='word_1_254' title='bbox 309 2976 367 3039; x_wconf 87' lang='grc' dir='ltr'>ούκ</span> <span class='ocrx_word' id='word_1_255' title='bbox 382 2975 461 3040; x_wconf 82' lang='grc' dir='ltr'>ἄλλο</span> <span class='ocrx_word' id='word_1_256' title='bbox 477 2997 506 3039; x_wconf 94' lang='grc' dir='ltr'>τι</span> <span class='ocrx_word' id='word_1_257' title='bbox 527 2975 568 3059; x_wconf 80' lang='grc' dir='ltr'>ην</span> <span class='ocrx_word' id='word_1_258' title='bbox 583 2974 638 3060; x_wconf 82' lang='grc' dir='ltr'>ηὸ</span> <span class='ocrx_word' id='word_1_259' title='bbox 661 2974 751 3053; x_wconf 81' lang='grc' dir='ltr'>Θαίς.</span> <span class='ocrx_word' id='word_1_260' title='bbox 768 2974 858 3040; x_wconf 79' lang='grc' dir='ltr'>Ἐπεὶ</span> <span class='ocrx_word' id='word_1_261' title='bbox 880 2975 935 3039; x_wconf 85' lang='grc' dir='ltr'>ούν</span> <span class='ocrx_word' id='word_1_262' title='bbox 950 2995 986 3039; x_wconf 90' lang='grc' dir='ltr'>σε</span> <span class='ocrx_word' id='word_1_263' title='bbox 1003 2995 1055 3059; x_wconf 88' lang='grc' dir='ltr'>με·</span> <span class='ocrx_word' id='word_1_264' title='bbox 1099 2977 1193 3040; x_wconf 82' lang='lat' dir='ltr'><strong>uliud</strong></span> <span class='ocrx_word' id='word_1_265' title='bbox 1216 2980 1289 3040; x_wconf 84' lang='lat' dir='ltr'><strong>erut</strong></span> <span class='ocrx_word' id='word_1_266' title='bbox 1310 2993 1412 3057; x_wconf 81' lang='lat' dir='ltr'><strong>quum</strong></span> <span class='ocrx_word' id='word_1_267' title='bbox 1435 2976 1534 3039; x_wconf 86' lang='lat' dir='ltr'><strong>Deus.</strong></span> <span class='ocrx_word' id='word_1_268' title='bbox 1559 2977 1605 3040; x_wconf 85' lang='lat' dir='ltr'>Te</span> <span class='ocrx_word' id='word_1_269' title='bbox 1621 2991 1704 3053; x_wconf 79' lang='lat' dir='ltr'><strong>ergo</strong></span> <span class='ocrx_word' id='word_1_270' title='bbox 1716 2991 1846 3053; x_wconf 82' lang='lat' dir='ltr'><strong>magno</strong></span> 
     </span>
     <span class='ocr_line' id='line_1_26' title="bbox 307 3078 1848 3166; baseline -0.001 -22"><span class='ocrx_word' id='word_1_271' title='bbox 307 3078 413 3166; x_wconf 83' lang='grc' dir='ltr'>γάλιυς</span> <span class='ocrx_word' id='word_1_272' title='bbox 436 3078 689 3165; x_wconf 82' lang='grc' dir='ltr'>ἐπεκαλεσίιμην,</span> <span class='ocrx_word' id='word_1_273' title='bbox 706 3081 757 3146; x_wconf 80' lang='grc' dir='ltr'>διὰ</span> <span class='ocrx_word' id='word_1_274' title='bbox 780 3079 872 3145; x_wconf 80' lang='grc' dir='ltr'>τοῦτό</span> <span class='ocrx_word' id='word_1_275' title='bbox 888 3100 926 3166; x_wconf 84' lang='grc' dir='ltr'>με</span> <span class='ocrx_word' id='word_1_276' title='bbox 942 3090 1054 3146; x_wconf 80' lang='grc' dir='ltr'>σῶσον.</span> <span class='ocrx_word' id='word_1_277' title='bbox 1098 3082 1243 3144; x_wconf 80' lang='lat' dir='ltr'><strong>elamore</strong></span> <span class='ocrx_word' id='word_1_278' title='bbox 1259 3097 1365 3160; x_wconf 91' lang='lat' dir='ltr'><strong>quum</strong></span> <span class='ocrx_word' id='word_1_279' title='bbox 1389 3080 1626 3159; x_wconf 81' lang='lat' dir='ltr'><strong>invocaverim,</strong></span> <span class='ocrx_word' id='word_1_280' title='bbox 1643 3079 1767 3142; x_wconf 83' lang='lat' dir='ltr'><strong>idcirco</strong></span> <span class='ocrx_word' id='word_1_281' title='bbox 1781 3081 1848 3142; x_wconf 81' lang='lat' dir='ltr'><strong>nul-</strong></span> 
     </span>
     <span class='ocr_line' id='line_1_27' title="bbox 307 3177 1845 3270; baseline -0.001 -22"><span class='ocrx_word' id='word_1_282' title='bbox 307 3177 353 3248; x_wconf 89' lang='grc' dir='ltr'><strong><em>Ἦ</em></strong></span> <span class='ocrx_word' id='word_1_283' title='bbox 372 3185 407 3247; x_wconf 79' lang='grc' dir='ltr'>τὸ</span> <span class='ocrx_word' id='word_1_284' title='bbox 429 3182 569 3266; x_wconf 85' lang='grc' dir='ltr'>λαλησαι</span> <span class='ocrx_word' id='word_1_285' title='bbox 591 3184 635 3261; x_wconf 85' lang='grc' dir='ltr'>εἰς</span> <span class='ocrx_word' id='word_1_286' title='bbox 657 3185 724 3248; x_wconf 84' lang='grc' dir='ltr'>ύτα</span> <span class='ocrx_word' id='word_1_287' title='bbox 746 3183 874 3269; x_wconf 87' lang='grc' dir='ltr'>Κυρίου,</span> <span class='ocrx_word' id='word_1_288' title='bbox 891 3183 1054 3270; x_wconf 80' lang='grc' dir='ltr'>πεφυκότα</span> <span class='ocrx_word' id='word_1_289' title='bbox 1098 3201 1180 3247; x_wconf 89' lang='lat' dir='ltr'>vum</span> <span class='ocrx_word' id='word_1_290' title='bbox 1197 3201 1250 3247; x_wconf 87' lang='lat' dir='ltr'>me</span> <span class='ocrx_word' id='word_1_291' title='bbox 1268 3185 1330 3247; x_wconf 79' lang='lat' dir='ltr'><strong>fan.</strong></span> <span class='ocrx_word' id='word_1_292' title='bbox 1353 3184 1415 3246; x_wconf 86' lang='lat' dir='ltr'>Vel</span> <span class='ocrx_word' id='word_1_293' title='bbox 1434 3184 1527 3264; x_wconf 90' lang='lat' dir='ltr'><strong>loqui</strong></span> <span class='ocrx_word' id='word_1_294' title='bbox 1544 3185 1580 3246; x_wconf 92' lang='lat' dir='ltr'>in</span> <span class='ocrx_word' id='word_1_295' title='bbox 1595 3184 1731 3247; x_wconf 88' lang='lat' dir='ltr'>Domini</span> <span class='ocrx_word' id='word_1_296' title='bbox 1745 3200 1845 3246; x_wconf 80' lang='lat' dir='ltr'><strong>aures</strong></span> 
     </span>
     <span class='ocr_line' id='line_1_28' title="bbox 310 3283 1845 3373; baseline 0.001 -24"><span class='ocrx_word' id='word_1_297' title='bbox 310 3283 437 3350; x_wconf 82' lang='grc' dir='ltr'>ἀκούειν</span> <span class='ocrx_word' id='word_1_298' title='bbox 452 3285 485 3350; x_wconf 79' lang='grc' dir='ltr'>ἐν</span> <span class='ocrx_word' id='word_1_299' title='bbox 500 3295 636 3371; x_wconf 80' lang='grc' dir='ltr'>κρυπτῷ,</span> <span class='ocrx_word' id='word_1_300' title='bbox 654 3287 716 3350; x_wconf 81' lang='grc' dir='ltr'>ἀπὸ</span> <span class='ocrx_word' id='word_1_301' title='bbox 731 3295 788 3370; x_wconf 84' lang='grc' dir='ltr'>της</span> <span class='ocrx_word' id='word_1_302' title='bbox 810 3288 844 3352; x_wconf 83' lang='grc' dir='ltr'>έν</span> <span class='ocrx_word' id='word_1_303' title='bbox 860 3287 918 3372; x_wconf 85' lang='grc' dir='ltr'>ύλη</span> <span class='ocrx_word' id='word_1_304' title='bbox 941 3288 1056 3373; x_wconf 82' lang='grc' dir='ltr'>καρδίᾳ</span> <span class='ocrx_word' id='word_1_305' title='bbox 1100 3305 1175 3370; x_wconf 82' lang='lat' dir='ltr'>quae</span> <span class='ocrx_word' id='word_1_306' title='bbox 1186 3289 1296 3352; x_wconf 83' lang='lat' dir='ltr'><strong>solent</strong></span> <span class='ocrx_word' id='word_1_307' title='bbox 1307 3286 1424 3350; x_wconf 80' lang='lat' dir='ltr'><strong>audire</strong></span> <span class='ocrx_word' id='word_1_308' title='bbox 1441 3288 1476 3349; x_wconf 91' lang='lat' dir='ltr'>in</span> <span class='ocrx_word' id='word_1_309' title='bbox 1492 3286 1697 3366; x_wconf 80' lang='lat' dir='ltr'><strong>abscondito,</strong></span> <span class='ocrx_word' id='word_1_310' title='bbox 1713 3287 1752 3350; x_wconf 87' lang='lat' dir='ltr'>fit</span> <span class='ocrx_word' id='word_1_311' title='bbox 1766 3305 1845 3350; x_wconf 86' lang='lat' dir='ltr'>cnm</span> 
     </span>
     <span class='ocr_line' id='line_1_29' title="bbox 307 3386 1845 3475; baseline 0.001 -23"><span class='ocrx_word' id='word_1_312' title='bbox 307 3386 426 3474; x_wconf 89' lang='grc' dir='ltr'>γίνεται</span> <span class='ocrx_word' id='word_1_313' title='bbox 440 3391 517 3472; x_wconf 83' lang='grc' dir='ltr'>πρὸς</span> <span class='ocrx_word' id='word_1_314' title='bbox 533 3391 627 3455; x_wconf 84' lang='grc' dir='ltr'>αὐτὸν</span> <span class='ocrx_word' id='word_1_315' title='bbox 650 3399 801 3475; x_wconf 85' lang='grc' dir='ltr'>κραυγης,</span> <span class='ocrx_word' id='word_1_316' title='bbox 817 3391 857 3474; x_wconf 78' lang='grc' dir='ltr'>ης</span> <span class='ocrx_word' id='word_1_317' title='bbox 874 3389 1010 3475; x_wconf 80' lang='grc' dir='ltr'>μάλιστα</span> <span class='ocrx_word' id='word_1_318' title='bbox 1024 3391 1055 3454; x_wconf 76' lang='lat' dir='ltr'>i·</span> <span class='ocrx_word' id='word_1_319' title='bbox 1099 3393 1245 3456; x_wconf 81' lang='lat' dir='ltr'><strong>clamore</strong></span> <span class='ocrx_word' id='word_1_320' title='bbox 1271 3391 1313 3454; x_wconf 81' lang='lat' dir='ltr'>ad</span> <span class='ocrx_word' id='word_1_321' title='bbox 1336 3407 1415 3454; x_wconf 83' lang='lat' dir='ltr'>eum</span> <span class='ocrx_word' id='word_1_322' title='bbox 1441 3407 1484 3453; x_wconf 86' lang='lat' dir='ltr'>ex</span> <span class='ocrx_word' id='word_1_323' title='bbox 1510 3394 1581 3452; x_wconf 87' lang='lat' dir='ltr'><strong>toto</strong></span> <span class='ocrx_word' id='word_1_324' title='bbox 1604 3391 1713 3471; x_wconf 76' lang='lat' dir='ltr'><strong>corde,</strong></span> <span class='ocrx_word' id='word_1_325' title='bbox 1743 3408 1845 3473; x_wconf 85' lang='lat' dir='ltr'><strong>quem</strong></span> 
     </span>
     <span class='ocr_line' id='line_1_30' title="bbox 306 3492 1847 3579; baseline 0.001 -22"><span class='ocrx_word' id='word_1_326' title='bbox 306 3493 471 3558; x_wconf 83' lang='grc' dir='ltr'>ποικούειδ</span> <span class='ocrx_word' id='word_1_327' title='bbox 494 3492 583 3570; x_wconf 87' lang='grc' dir='ltr'>Θεύς.</span> <span class='ocrx_word' id='word_1_328' title='bbox 601 3532 642 3542; x_wconf 93' lang='grc'><strong>-</strong></span> <span class='ocrx_word' id='word_1_329' title='bbox 658 3493 712 3571; x_wconf 84' lang='grc' dir='ltr'>Τίς</span> <span class='ocrx_word' id='word_1_330' title='bbox 734 3493 886 3578; x_wconf 78' lang='grc' dir='ltr'>ἐκέκραξε</span> <span class='ocrx_word' id='word_1_331' title='bbox 908 3496 985 3579; x_wconf 85' lang='grc' dir='ltr'>πρὸς</span> <span class='ocrx_word' id='word_1_332' title='bbox 1000 3497 1055 3558; x_wconf 84' lang='grc' dir='ltr'>τὸν</span> <span class='ocrx_word' id='word_1_333' title='bbox 1100 3497 1255 3577; x_wconf 85' lang='lat' dir='ltr'><strong>inprimis</strong></span> <span class='ocrx_word' id='word_1_334' title='bbox 1278 3497 1368 3559; x_wconf 81' lang='lat' dir='ltr'><strong>Deus</strong></span> <span class='ocrx_word' id='word_1_335' title='bbox 1391 3494 1540 3558; x_wconf 77' lang='lat' dir='ltr'><strong>exaudit.</strong></span> <span class='ocrx_word' id='word_1_336' title='bbox 1559 3529 1597 3538; x_wconf 98' lang='lat'><em>-</em></span> <span class='ocrx_word' id='word_1_337' title='bbox 1621 3496 1702 3570; x_wconf 84' lang='lat' dir='ltr'><strong>Quis</strong></span> <span class='ocrx_word' id='word_1_338' title='bbox 1724 3497 1847 3558; x_wconf 83' lang='lat' dir='ltr'><strong>olumu-</strong></span> 
     </span>
     <span class='ocr_line' id='line_1_31' title="bbox 308 3595 1845 3684; baseline -0.001 -20"><span class='ocrx_word' id='word_1_339' title='bbox 308 3595 405 3682; x_wconf 76' lang='lat' dir='ltr'><strong>Oeiv;</strong></span> <span class='ocrx_word' id='word_1_340' title='bbox 428 3597 445 3660; x_wconf 80' lang='grc' dir='ltr'>δ</span> <span class='ocrx_word' id='word_1_341' title='bbox 464 3598 559 3668; x_wconf 81' lang='grc' dir='ltr'>αἰτῶν</span> <span class='ocrx_word' id='word_1_342' title='bbox 574 3599 614 3662; x_wconf 84' lang='grc' dir='ltr'>τύι</span> <span class='ocrx_word' id='word_1_343' title='bbox 630 3597 754 3684; x_wconf 81' lang='grc' dir='ltr'>μεγάλοι</span> <span class='ocrx_word' id='word_1_344' title='bbox 770 3600 823 3663; x_wconf 85' lang='grc' dir='ltr'>καί</span> <span class='ocrx_word' id='word_1_345' title='bbox 841 3598 902 3683; x_wconf 88' lang='grc' dir='ltr'>[ού]</span> <span class='ocrx_word' id='word_1_346' title='bbox 919 3601 1053 3683; x_wconf 84' lang='grc' dir='ltr'>περίμι-</span> <span class='ocrx_word' id='word_1_347' title='bbox 1100 3599 1150 3661; x_wconf 85' lang='lat' dir='ltr'>vit</span> <span class='ocrx_word' id='word_1_348' title='bbox 1171 3599 1213 3662; x_wconf 81' lang='lat' dir='ltr'>ud</span> <span class='ocrx_word' id='word_1_349' title='bbox 1236 3600 1368 3663; x_wconf 80' lang='lat' dir='ltr'><strong>Deumi</strong></span> <span class='ocrx_word' id='word_1_350' title='bbox 1391 3599 1453 3664; x_wconf 90' lang='lat' dir='ltr'>Ille</span> <span class='ocrx_word' id='word_1_351' title='bbox 1469 3599 1528 3678; x_wconf 91' lang='lat' dir='ltr'>qni</span> <span class='ocrx_word' id='word_1_352' title='bbox 1544 3614 1671 3676; x_wconf 76' lang='lat' dir='ltr'><strong>magna</strong></span> <span class='ocrx_word' id='word_1_353' title='bbox 1685 3601 1845 3680; x_wconf 83' lang='lat' dir='ltr'><strong>postulat,</strong></span> 
     </span>
     <span class='ocr_line' id='line_1_32' title="bbox 305 3701 1845 3788; baseline -0.001 -21"><span class='ocrx_word' id='word_1_354' title='bbox 305 3709 390 3786; x_wconf 85' lang='grc' dir='ltr'>κρύν</span> <span class='ocrx_word' id='word_1_355' title='bbox 419 3701 526 3781; x_wconf 77' lang='grc' dir='ltr'>ἀξιῶν·</span> <span class='ocrx_word' id='word_1_356' title='bbox 550 3701 793 3788; x_wconf 80' lang='grc' dir='ltr'>δικαιολογεῖται</span> <span class='ocrx_word' id='word_1_357' title='bbox 815 3705 869 3767; x_wconf 83' lang='grc' dir='ltr'>ούν</span> <span class='ocrx_word' id='word_1_358' title='bbox 899 3704 977 3787; x_wconf 83' lang='grc' dir='ltr'>πρὸς</span> <span class='ocrx_word' id='word_1_359' title='bbox 1000 3705 1054 3768; x_wconf 84' lang='grc' dir='ltr'>τὸν</span> <span class='ocrx_word' id='word_1_360' title='bbox 1099 3719 1162 3765; x_wconf 82' lang='lat' dir='ltr'>nec</span> <span class='ocrx_word' id='word_1_361' title='bbox 1184 3719 1244 3783; x_wconf 87' lang='lat' dir='ltr'>pro</span> <span class='ocrx_word' id='word_1_362' title='bbox 1267 3703 1404 3781; x_wconf 82' lang='lat' dir='ltr'><strong>exiguis</strong></span> <span class='ocrx_word' id='word_1_363' title='bbox 1420 3706 1502 3764; x_wconf 81' lang='lat' dir='ltr'><strong>orat.</strong></span> <span class='ocrx_word' id='word_1_364' title='bbox 1527 3702 1640 3779; x_wconf 78' lang='lat' dir='ltr'><strong>Igitur</strong></span> <span class='ocrx_word' id='word_1_365' title='bbox 1657 3701 1749 3783; x_wconf 73' lang='lat' dir='ltr'><strong>Juste</strong></span> <span class='ocrx_word' id='word_1_366' title='bbox 1765 3720 1845 3766; x_wconf 85' lang='lat' dir='ltr'>cum</span> 
     </span>
     <span class='ocr_line' id='line_1_33' title="bbox 306 3804 1847 3891; baseline -0.001 -20"><span class='ocrx_word' id='word_1_367' title='bbox 306 3804 398 3872; x_wconf 86' lang='grc' dir='ltr'>Θεύν·</span> <span class='ocrx_word' id='word_1_368' title='bbox 414 3806 451 3870; x_wconf 85' lang='grc' dir='ltr'>ού</span> <span class='ocrx_word' id='word_1_369' title='bbox 467 3814 582 3891; x_wconf 83' lang='grc' dir='ltr'>μικρῶς</span> <span class='ocrx_word' id='word_1_370' title='bbox 596 3805 741 3890; x_wconf 78' lang='grc' dir='ltr'>ἐλάλησα</span> <span class='ocrx_word' id='word_1_371' title='bbox 756 3808 832 3891; x_wconf 79' lang='grc' dir='ltr'>πρὸς</span> <span class='ocrx_word' id='word_1_372' title='bbox 848 3807 895 3888; x_wconf 82' lang='grc' dir='ltr'>σὲ,</span> <span class='ocrx_word' id='word_1_373' title='bbox 911 3806 984 3870; x_wconf 75' lang='lat' dir='ltr'>mu</span> <span class='ocrx_word' id='word_1_374' title='bbox 1001 3807 1054 3871; x_wconf 84' lang='grc' dir='ltr'>διύι</span> <span class='ocrx_word' id='word_1_375' title='bbox 1100 3806 1170 3870; x_wconf 81' lang='lat' dir='ltr'>Deo</span> <span class='ocrx_word' id='word_1_376' title='bbox 1184 3807 1414 3869; x_wconf 79' lang='lat' dir='ltr'><strong>ratiocinatur.</strong></span> <span class='ocrx_word' id='word_1_377' title='bbox 1428 3805 1525 3868; x_wconf 82' lang='lat' dir='ltr'><strong>Haud</strong></span> <span class='ocrx_word' id='word_1_378' title='bbox 1537 3811 1639 3869; x_wconf 84' lang='lat' dir='ltr'><strong>tenue</strong></span> <span class='ocrx_word' id='word_1_379' title='bbox 1650 3806 1792 3871; x_wconf 86' lang='lat' dir='ltr'><strong>verbum</strong></span> <span class='ocrx_word' id='word_1_380' title='bbox 1803 3807 1847 3870; x_wconf 80' lang='lat' dir='ltr'>ad</span> 
     </span>
     <span class='ocr_line' id='line_1_34' title="bbox 306 3908 1845 3997; baseline 0 -23"><span class='ocrx_word' id='word_1_381' title='bbox 306 3909 438 3997; x_wconf 84' lang='grc' dir='ltr'>χειλέων</span> <span class='ocrx_word' id='word_1_382' title='bbox 445 3911 500 3973; x_wconf 82' lang='grc' dir='ltr'>καί</span> <span class='ocrx_word' id='word_1_383' title='bbox 511 3908 675 3995; x_wconf 79' lang='grc' dir='ltr'>στόματος,</span> <span class='ocrx_word' id='word_1_384' title='bbox 688 3909 772 3975; x_wconf 80' lang='grc' dir='ltr'>ἀλλὰ</span> <span class='ocrx_word' id='word_1_385' title='bbox 783 3909 835 3974; x_wconf 82' lang='grc' dir='ltr'>δια</span> <span class='ocrx_word' id='word_1_386' title='bbox 843 3919 900 3994; x_wconf 86' lang='grc' dir='ltr'>της</span> <span class='ocrx_word' id='word_1_387' title='bbox 912 3909 1052 3994; x_wconf 84' lang='grc' dir='ltr'>καρδίας,</span> <span class='ocrx_word' id='word_1_388' title='bbox 1099 3913 1133 3974; x_wconf 87' lang='lat' dir='ltr'>te</span> <span class='ocrx_word' id='word_1_389' title='bbox 1145 3911 1220 3990; x_wconf 80' lang='lat' dir='ltr'><strong>ieci,</strong></span> <span class='ocrx_word' id='word_1_390' title='bbox 1235 3927 1345 3991; x_wconf 85' lang='lat' dir='ltr'><strong>neque</strong></span> <span class='ocrx_word' id='word_1_391' title='bbox 1364 3927 1407 3973; x_wconf 87' lang='lat' dir='ltr'>ex</span> <span class='ocrx_word' id='word_1_392' title='bbox 1419 3910 1518 3974; x_wconf 81' lang='lat' dir='ltr'><strong>labiis</strong></span> <span class='ocrx_word' id='word_1_393' title='bbox 1529 3914 1564 3973; x_wconf 85' lang='lat' dir='ltr'>et</span> <span class='ocrx_word' id='word_1_394' title='bbox 1575 3926 1642 3990; x_wconf 84' lang='lat' dir='ltr'><strong>ore,</strong></span> <span class='ocrx_word' id='word_1_395' title='bbox 1650 3911 1708 3975; x_wconf 86' lang='lat' dir='ltr'>sed</span> <span class='ocrx_word' id='word_1_396' title='bbox 1721 3928 1762 3974; x_wconf 88' lang='lat' dir='ltr'>ex</span> <span class='ocrx_word' id='word_1_397' title='bbox 1773 3927 1845 3974; x_wconf 83' lang='lat' dir='ltr'><strong>nor·</strong></span> 
     </span>
     <span class='ocr_line' id='line_1_35' title="bbox 306 4012 1846 4102; baseline 0 -24"><span class='ocrx_word' id='word_1_398' title='bbox 306 4016 361 4078; x_wconf 82' lang='grc' dir='ltr'>καὶ</span> <span class='ocrx_word' id='word_1_399' title='bbox 376 4015 492 4098; x_wconf 90' lang='grc' dir='ltr'>ταύτης</span> <span class='ocrx_word' id='word_1_400' title='bbox 507 4014 697 4100; x_wconf 82' lang='grc' dir='ltr'>κεκραγυίας</span> <span class='ocrx_word' id='word_1_401' title='bbox 719 4017 799 4100; x_wconf 83' lang='grc' dir='ltr'>μετὰ</span> <span class='ocrx_word' id='word_1_402' title='bbox 821 4015 1053 4102; x_wconf 74' lang='grc' dir='ltr'>ἀναστήματος</span> <span class='ocrx_word' id='word_1_403' title='bbox 1099 4014 1297 4100; x_wconf 83' lang='lat' dir='ltr'><strong>de‚ipsoqne</strong></span> <span class='ocrx_word' id='word_1_404' title='bbox 1306 4014 1404 4077; x_wconf 84' lang='lat' dir='ltr'><strong>enixe</strong></span> <span class='ocrx_word' id='word_1_405' title='bbox 1412 4012 1625 4093; x_wconf 77' lang='lat' dir='ltr'><strong>vociferante,</strong></span> <span class='ocrx_word' id='word_1_406' title='bbox 1637 4014 1745 4078; x_wconf 89' lang='lat' dir='ltr'><strong>obtuli</strong></span> <span class='ocrx_word' id='word_1_407' title='bbox 1753 4031 1846 4078; x_wconf 79' lang='lat' dir='ltr'><strong>meus</strong></span> 
     </span>
     <span class='ocr_line' id='line_1_36' title="bbox 306 4116 1846 4205; baseline 0.001 -24"><span class='ocrx_word' id='word_1_408' title='bbox 306 4116 510 4203; x_wconf 82' lang='grc' dir='ltr'>προσηνεγκύι</span> <span class='ocrx_word' id='word_1_409' title='bbox 525 4138 584 4202; x_wconf 89' lang='grc' dir='ltr'>μου</span> <span class='ocrx_word' id='word_1_410' title='bbox 598 4120 657 4203; x_wconf 80' lang='grc' dir='ltr'>την</span> <span class='ocrx_word' id='word_1_411' title='bbox 677 4119 787 4205; x_wconf 76' lang='grc' dir='ltr'>τύχην,</span> <span class='ocrx_word' id='word_1_412' title='bbox 804 4119 879 4199; x_wconf 80' lang='grc' dir='ltr'>ἀξιῶ</span> <span class='ocrx_word' id='word_1_413' title='bbox 901 4121 956 4186; x_wconf 88' lang='grc' dir='ltr'>ούν</span> <span class='ocrx_word' id='word_1_414' title='bbox 978 4121 1055 4186; x_wconf 76' lang='grc' dir='ltr'>εποι-</span> <span class='ocrx_word' id='word_1_415' title='bbox 1101 4137 1231 4202; x_wconf 66' lang='grc' dir='ltr'>ριεουυς</span> <span class='ocrx_word' id='word_1_416' title='bbox 1247 4135 1305 4182; x_wconf 86' lang='lat' dir='ltr'>oro</span> <span class='ocrx_word' id='word_1_417' title='bbox 1321 4119 1430 4195; x_wconf 75' lang='lat' dir='ltr'><strong>igitur</strong></span> <span class='ocrx_word' id='word_1_418' title='bbox 1445 4120 1485 4180; x_wconf 86' lang='lat' dir='ltr'>nt</span> <span class='ocrx_word' id='word_1_419' title='bbox 1498 4117 1671 4198; x_wconf 84' lang='lat' dir='ltr'><strong>exaudiar,</strong></span> <span class='ocrx_word' id='word_1_420' title='bbox 1688 4123 1721 4182; x_wconf 86' lang='lat' dir='ltr'>et</span> <span class='ocrx_word' id='word_1_421' title='bbox 1736 4120 1846 4201; x_wconf 75' lang='lat' dir='ltr'><strong>etqui·</strong></span> 
     </span>
    </p>
   </div>
   <div class='ocr_carea' id='block_1_3' title="bbox 308 4323 1887 4675">
    <p class='ocr_par' dir='ltr' id='par_1_8' title="bbox 308 4323 1887 4675">
     <span class='ocr_line' id='line_1_37' title="bbox 353 4323 1845 4407; baseline -0.001 -17"><span class='ocrx_word' id='word_1_422' title='bbox 353 4329 520 4390; x_wconf 78' lang='grc' dir='ltr'>Ηιιιιιιιυε</span> <span class='ocrx_word' id='word_1_423' title='bbox 545 4326 583 4390; x_wconf 81' lang='lat' dir='ltr'>iu</span> <span class='ocrx_word' id='word_1_424' title='bbox 610 4345 640 4392; x_wconf 90' lang='grc' dir='ltr'>ο.</span> <span class='ocrx_word' id='word_1_425' title='bbox 673 4329 744 4390; x_wconf 87' lang='grc'><strong>145.</strong></span> <span class='ocrx_word' id='word_1_426' title='bbox 772 4330 844 4390; x_wconf 88' lang='lat' dir='ltr'>Non</span> <span class='ocrx_word' id='word_1_427' title='bbox 871 4329 927 4392; x_wconf 78' lang='lat' dir='ltr'>hio</span> <span class='ocrx_word' id='word_1_428' title='bbox 957 4330 1054 4392; x_wconf 73' lang='lat' dir='ltr'><strong>elatu</strong></span> <span class='ocrx_word' id='word_1_429' title='bbox 1100 4328 1190 4392; x_wconf 83' lang='lat' dir='ltr'><strong>enim</strong></span> <span class='ocrx_word' id='word_1_430' title='bbox 1215 4325 1257 4388; x_wconf 80' lang='lat' dir='ltr'>ud</span> <span class='ocrx_word' id='word_1_431' title='bbox 1272 4327 1380 4392; x_wconf 85' lang='lat' dir='ltr'><strong>Deum</strong></span> <span class='ocrx_word' id='word_1_432' title='bbox 1405 4328 1477 4388; x_wconf 88' lang='lat' dir='ltr'><strong>toto</strong></span> <span class='ocrx_word' id='word_1_433' title='bbox 1503 4323 1601 4387; x_wconf 82' lang='lat' dir='ltr'><strong>eorde</strong></span> <span class='ocrx_word' id='word_1_434' title='bbox 1624 4325 1758 4404; x_wconf 81' lang='lat' dir='ltr'><strong>clamat,</strong></span> <span class='ocrx_word' id='word_1_435' title='bbox 1785 4327 1845 4407; x_wconf 88' lang='lat' dir='ltr'>qui</span> 
     </span>
     <span class='ocr_line' id='line_1_38' title="bbox 308 4413 1887 4496; baseline 0.004 -18"><span class='ocrx_word' id='word_1_436' title='bbox 308 4417 402 4480; x_wconf 84' lang='lat' dir='ltr'><strong>vocis</strong></span> <span class='ocrx_word' id='word_1_437' title='bbox 417 4433 519 4480; x_wconf 84' lang='lat' dir='ltr'><strong>sonus</strong></span> <span class='ocrx_word' id='word_1_438' title='bbox 535 4421 596 4495; x_wconf 78' lang='lat' dir='ltr'><strong>eut,</strong></span> <span class='ocrx_word' id='word_1_439' title='bbox 611 4416 670 4479; x_wconf 85' lang='lat' dir='ltr'>sed</span> <span class='ocrx_word' id='word_1_440' title='bbox 685 4418 812 4480; x_wconf 85' lang='lat' dir='ltr'><strong>clamor</strong></span> <span class='ocrx_word' id='word_1_441' title='bbox 824 4416 913 4496; x_wconf 89' lang='lat' dir='ltr'><strong>fidei,</strong></span> <span class='ocrx_word' id='word_1_442' title='bbox 929 4419 1055 4482; x_wconf 81' lang='lat' dir='ltr'><strong>clamor</strong></span> <span class='ocrx_word' id='word_1_443' title='bbox 1099 4431 1226 4494; x_wconf 77' lang='lat' dir='ltr'><strong>magna</strong></span> <span class='ocrx_word' id='word_1_444' title='bbox 1247 4415 1396 4496; x_wconf 81' lang='lat' dir='ltr'><strong>postulat</strong></span> <span class='ocrx_word' id='word_1_445' title='bbox 1422 4414 1482 4495; x_wconf 90' lang='lat' dir='ltr'>qni</span> <span class='ocrx_word' id='word_1_446' title='bbox 1509 4413 1661 4478; x_wconf 74' lang='lat' dir='ltr'><strong>coelestia</strong></span> <span class='ocrx_word' id='word_1_447' title='bbox 1685 4422 1847 4494; x_wconf 80' lang='lat' dir='ltr'><strong>precatur</strong></span> <span class='ocrx_word' id='word_1_448' title='bbox 1882 4473 1887 4484; x_wconf 88' lang='lat'><em>.</em></span> 
     </span>
     <span class='ocr_line' id='line_1_39' title="bbox 308 4504 1161 4586; baseline -0.002 -18"><span class='ocrx_word' id='word_1_449' title='bbox 308 4506 442 4583; x_wconf 87' lang='lat' dir='ltr'><strong>mentis,</strong></span> <span class='ocrx_word' id='word_1_450' title='bbox 458 4521 567 4585; x_wconf 80' lang='lat' dir='ltr'><strong>usque</strong></span> <span class='ocrx_word' id='word_1_451' title='bbox 581 4504 623 4568; x_wconf 81' lang='lat' dir='ltr'>ud</span> <span class='ocrx_word' id='word_1_452' title='bbox 638 4504 797 4569; x_wconf 86' lang='lat' dir='ltr'><strong>thronum</strong></span> <span class='ocrx_word' id='word_1_453' title='bbox 807 4507 878 4586; x_wconf 88' lang='lat' dir='ltr'><strong>Dei,</strong></span> <span class='ocrx_word' id='word_1_454' title='bbox 894 4522 961 4569; x_wconf 92' lang='lat' dir='ltr'>non</span> <span class='ocrx_word' id='word_1_455' title='bbox 976 4509 1055 4570; x_wconf 84' lang='lat' dir='ltr'><strong>nisu</strong></span> <span class='ocrx_word' id='word_1_456' title='bbox 1099 4509 1161 4568; x_wconf 77' lang='lat' dir='ltr'>em.</span> 
     </span>
     <span class='ocr_line' id='line_1_40' title="bbox 312 4591 1053 4675; baseline 0.004 -19"><span class='ocrx_word' id='word_1_457' title='bbox 312 4595 414 4673; x_wconf 78' lang='grc' dir='ltr'>νοσίυ,</span> <span class='ocrx_word' id='word_1_458' title='bbox 429 4592 487 4657; x_wconf 84' lang='lat' dir='ltr'>sed</span> <span class='ocrx_word' id='word_1_459' title='bbox 514 4591 592 4656; x_wconf 86' lang='lat' dir='ltr'><strong>fidei</strong></span> <span class='ocrx_word' id='word_1_460' title='bbox 618 4595 740 4675; x_wconf 86' lang='lat' dir='ltr'><strong>spiritu</strong></span> <span class='ocrx_word' id='word_1_461' title='bbox 767 4593 965 4658; x_wconf 80' lang='lat' dir='ltr'><strong>efferendus.</strong></span> <span class='ocrx_word' id='word_1_462' title='bbox 993 4597 1053 4659; x_wconf 86' lang='lat' dir='ltr'>Ille</span> 
     </span>
    </p>
   </div>
   <div class='ocr_carea' id='block_1_4' title="bbox 309 4793 1846 5218">
    <p class='ocr_par' dir='ltr' id='par_1_9' title="bbox 344 4793 1846 4870">
     <span class='ocr_line' id='line_1_41' title="bbox 344 4793 1846 4870; baseline -0.002 -17"><span class='ocrx_word' id='word_1_463' title='bbox 344 4793 561 4865; x_wconf 48' lang='lat' dir='ltr'>ulutatu,</span> <span class='ocrx_word' id='word_1_464' title='bbox 575 4793 862 4865; x_wconf 76' lang='lat' dir='ltr'><strong>11.Mutth.v11,Ps.</strong></span> <span class='ocrx_word' id='word_1_465' title='bbox 877 4796 1045 4866; x_wconf 77' lang='lat' dir='ltr'><strong>xxxn1,20.</strong></span> <span class='ocrx_word' id='word_1_466' title='bbox 1098 4803 1145 4853; x_wconf 77' lang='lat' dir='ltr'>ter</span> <span class='ocrx_word' id='word_1_467' title='bbox 1161 4801 1340 4870; x_wconf 74' lang='lat' dir='ltr'><strong>persecutns,</strong></span> <span class='ocrx_word' id='word_1_468' title='bbox 1358 4795 1436 4850; x_wconf 77' lang='lat' dir='ltr'><strong>inter</strong></span> <span class='ocrx_word' id='word_1_469' title='bbox 1455 4797 1599 4862; x_wconf 78' lang='grc' dir='ltr'>οκαμρατα</span> <span class='ocrx_word' id='word_1_470' title='bbox 1615 4799 1662 4849; x_wconf 84' lang='grc' dir='ltr'>καί</span> <span class='ocrx_word' id='word_1_471' title='bbox 1679 4795 1765 4862; x_wconf 64' lang='lat' dir='ltr'><strong>tuum</strong></span> <span class='ocrx_word' id='word_1_472' title='bbox 1781 4811 1846 4850; x_wconf 75' lang='lat' dir='ltr'><strong>ruo·</strong></span> 
     </span>
    </p>

    <p class='ocr_par' dir='ltr' id='par_1_10' title="bbox 309 4877 1846 5218">
     <span class='ocr_line' id='line_1_42' title="bbox 344 4877 1845 4956; baseline -0.002 -16"><span class='ocrx_word' id='word_1_473' title='bbox 344 4902 372 4941; x_wconf 88' lang='lat' dir='ltr'>v.</span> <span class='ocrx_word' id='word_1_474' title='bbox 386 4884 445 4938; x_wconf 78' lang='lat'>145.</span> <span class='ocrx_word' id='word_1_475' title='bbox 466 4882 535 4938; x_wconf 71' lang='lat' dir='ltr'><strong>Vnt.</strong></span> <span class='ocrx_word' id='word_1_476' title='bbox 556 4882 582 4951; x_wconf 79' lang='lat'>4,</span> <span class='ocrx_word' id='word_1_477' title='bbox 604 4884 629 4952; x_wconf 83' lang='lat'>9,</span> <span class='ocrx_word' id='word_1_478' title='bbox 653 4883 695 4951; x_wconf 88' lang='lat'>11,</span> <span class='ocrx_word' id='word_1_479' title='bbox 718 4883 758 4937; x_wconf 89' lang='grc'>16.</span> <span class='ocrx_word' id='word_1_480' title='bbox 777 4881 873 4937; x_wconf 80' lang='lat' dir='ltr'><strong>Anxie</strong></span> <span class='ocrx_word' id='word_1_481' title='bbox 895 4881 1054 4956; x_wconf 72' lang='lat' dir='ltr'><strong>particulas</strong></span> <span class='ocrx_word' id='word_1_482' title='bbox 1097 4890 1144 4939; x_wconf 84' lang='lat' dir='ltr'>ret</span> <span class='ocrx_word' id='word_1_483' title='bbox 1155 4899 1293 4956; x_wconf 78' lang='lat' dir='ltr'><strong>praenepu.</strong></span> <span class='ocrx_word' id='word_1_484' title='bbox 1303 4882 1402 4937; x_wconf 80' lang='grc' dir='ltr'>Ραοοε</span> <span class='ocrx_word' id='word_1_485' title='bbox 1413 4880 1451 4936; x_wconf 81' lang='grc' dir='ltr'>εί)</span> <span class='ocrx_word' id='word_1_486' title='bbox 1463 4879 1548 4935; x_wconf 88' lang='lat' dir='ltr'><strong>initio</strong></span> <span class='ocrx_word' id='word_1_487' title='bbox 1558 4877 1695 4935; x_wconf 79' lang='lat' dir='ltr'><strong>etinfine</strong></span> <span class='ocrx_word' id='word_1_488' title='bbox 1705 4886 1775 4937; x_wconf 74' lang='lat' dir='ltr'><strong>nunt</strong></span> <span class='ocrx_word' id='word_1_489' title='bbox 1783 4882 1845 4953; x_wconf 86' lang='lat' dir='ltr'><strong>qni-</strong></span> 
     </span>
     <span class='ocr_line' id='line_1_43' title="bbox 309 4963 1846 5041; baseline -0.001 -17"><span class='ocrx_word' id='word_1_490' title='bbox 309 4967 433 5041; x_wconf 63' lang='lat' dir='ltr'><strong>quesivi</strong></span> <span class='ocrx_word' id='word_1_491' title='bbox 453 4968 542 5041; x_wconf 70' lang='lat' dir='ltr'><strong>hujus</strong></span> <span class='ocrx_word' id='word_1_492' title='bbox 558 4972 741 5038; x_wconf 79' lang='grc' dir='ltr'>έκφανησευς,</span> <span class='ocrx_word' id='word_1_493' title='bbox 761 4969 930 5025; x_wconf 74' lang='lat' dir='ltr'><strong>maximoin</strong></span> <span class='ocrx_word' id='word_1_494' title='bbox 950 4968 1055 5024; x_wconf 80' lang='lat' dir='ltr'><strong>ultim</strong></span> <span class='ocrx_word' id='word_1_495' title='bbox 1098 4969 1218 5026; x_wconf 79' lang='lat' dir='ltr'><strong>humum</strong></span> <span class='ocrx_word' id='word_1_496' title='bbox 1231 4968 1378 5024; x_wconf 72' lang='lat' dir='ltr'><strong>eonsentit</strong></span> <span class='ocrx_word' id='word_1_497' title='bbox 1390 4963 1846 5035; x_wconf 76' lang='lat' dir='ltr'><strong>uomerius,sodnnedividens</strong></span> 
     </span>
     <span class='ocr_line' id='line_1_44' title="bbox 309 5051 1846 5130; baseline -0.001 -19"><span class='ocrx_word' id='word_1_498' title='bbox 309 5063 401 5128; x_wconf 76' lang='lat' dir='ltr'><strong>purte,</strong></span> <span class='ocrx_word' id='word_1_499' title='bbox 419 5056 505 5130; x_wconf 75' lang='lat' dir='ltr'><strong>plura</strong></span> <span class='ocrx_word' id='word_1_500' title='bbox 517 5055 625 5112; x_wconf 69' lang='lat' dir='ltr'><strong>habere</strong></span> <span class='ocrx_word' id='word_1_501' title='bbox 646 5055 796 5127; x_wconf 73' lang='lat' dir='ltr'><strong>anhelans,</strong></span> <span class='ocrx_word' id='word_1_502' title='bbox 808 5057 861 5112; x_wconf 78' lang='lat' dir='ltr'>sui</span> <span class='ocrx_word' id='word_1_503' title='bbox 881 5055 995 5115; x_wconf 78' lang='lat' dir='ltr'><strong>verium</strong></span> <span class='ocrx_word' id='word_1_504' title='bbox 1017 5073 1055 5112; x_wconf 84' lang='grc' dir='ltr'>σε</span> <span class='ocrx_word' id='word_1_505' title='bbox 1098 5071 1164 5128; x_wconf 80' lang='lat' dir='ltr'>qum</span> <span class='ocrx_word' id='word_1_506' title='bbox 1176 5054 1263 5110; x_wconf 73' lang='lat' dir='ltr'><strong>nnius</strong></span> <span class='ocrx_word' id='word_1_507' title='bbox 1276 5059 1353 5126; x_wconf 73' lang='lat' dir='ltr'><strong>aunt,</strong></span> <span class='ocrx_word' id='word_1_508' title='bbox 1366 5051 1420 5110; x_wconf 75' lang='lat' dir='ltr'>tub</span> <span class='ocrx_word' id='word_1_509' title='bbox 1438 5051 1574 5124; x_wconf 70' lang='lat' dir='ltr'>origenis</span> <span class='ocrx_word' id='word_1_510' title='bbox 1590 5056 1622 5109; x_wconf 77' lang='lat' dir='ltr'>et</span> <span class='ocrx_word' id='word_1_511' title='bbox 1637 5051 1784 5111; x_wconf 80' lang='lat' dir='ltr'><strong>Theodori</strong></span> <span class='ocrx_word' id='word_1_512' title='bbox 1795 5070 1846 5110; x_wconf 85' lang='lat' dir='ltr'>uo·</span> 
     </span>
     <span class='ocr_line' id='line_1_45' title="bbox 310 5139 1233 5218; baseline -0.002 -21"><span class='ocrx_word' id='word_1_513' title='bbox 310 5141 452 5198; x_wconf 80' lang='lat' dir='ltr'><strong>curiosior</strong></span> <span class='ocrx_word' id='word_1_514' title='bbox 463 5142 617 5218; x_wconf 76' lang='lat' dir='ltr'><strong>interpres,</strong></span> <span class='ocrx_word' id='word_1_515' title='bbox 630 5143 737 5199; x_wconf 82' lang='lat' dir='ltr'><strong>iterum</strong></span> <span class='ocrx_word' id='word_1_516' title='bbox 746 5142 927 5216; x_wconf 75' lang='lat' dir='ltr'><strong>jndioiuDoi</strong></span> <span class='ocrx_word' id='word_1_517' title='bbox 950 5143 1054 5200; x_wconf 75' lang='lat' dir='ltr'><strong>uuduu·</strong></span> <span class='ocrx_word' id='word_1_518' title='bbox 1098 5139 1233 5199; x_wconf 76' lang='lat' dir='ltr'><strong>minibus.</strong></span> 
     </span>
    </p>
   </div>
   <div class='ocr_carea' id='block_1_5' title="bbox 0 0 2008 6084">
    <p class='ocr_par' dir='ltr' id='par_1_11' title="bbox 0 0 2008 6084">
     <span class='ocr_line' id='line_1_46' title="bbox 0 0 2008 6084; baseline 0 0"><span class='ocrx_word' id='word_1_519' title='bbox 0 0 2008 6084; x_wconf 95' lang='lat' dir='ltr'> </span> 
     </span>
    </p>
   </div>
  </div>
 </body>
</html>
