4006 6090
299 458 371 522 alt
970 464 1182 528 ORIGENES

299 605 390 668 1ἔστιν
405 603 511 688 ψυχῆς
528 601 666 690 ἀξίωμα·
689 603 766 687 ὅπερ
788 603 855 689 ἔχει
877 602 894 668 ό
918 602 1052 670 ἀπόστο
1097 608 1200 670 nimae
1212 611 1263 670 est
1278 605 1438 688 dignitas,
1451 611 1586 690 qualem
1596 609 1699 674 habat
1712 615 1841 692 aposto-

309 706 382 786 λος·
412 706 533 793 όξίωμα
561 707 622 794 γάρ
652 707 735 772 ἐστιν
768 707 846 772 εἶναι
876 706 1052 775 ἀπόστολον
1094 711 1158 774 lus.
1189 711 1251 776 Est
1272 714 1363 775 enim
1379 713 1540 794 dignitas,
1564 731 1636 780 esse
1651 718 1840 797 apostolum

308 815 445 897 Χριστοῦ
461 811 579 896 Ἰησοῦ,
598 812 653 876 καὶ
668 811 779 890 σθιζειν
794 813 847 876 τόν
861 821 1054 900 χαρακτῆρα
1094 813 1218 878 Christi
1225 815 1319 896 Jesu,
1331 822 1365 880 et
1376 817 1548 896 integrum
1556 836 1690 882 servare
1699 819 1840 900 apostoli

309 926 365 980 τοῦ
382 915 568 981 ἀποστόλου.
584 913 765 1000 Ἀξιύματό
787 915 854 980 ἐστι
871 917 926 980 καλ
947 916 988 979 τὰ
1002 915 1053 980 ἐκ-
1094 916 1331 983 characterem.
1347 920 1545 999 Dignitates
1563 938 1698 1004 qnoque
1712 927 1794 986 sunt
1808 927 1843 985 et

306 1019 519 1103 κλησιαστικόι
540 1019 698 1105 τάγματα,
714 1019 749 1083 τὸ
771 1019 850 1084 εἶναι
871 1017 1052 1102 ἐπίσκοπον,
1094 1022 1228 1086 ordines
1244 1025 1474 1104 ecclesiastici,
1487 1030 1526 1088 ut
1549 1043 1621 1090 esse
1636 1029 1841 1108 episcopum,

306 1125 335 1190 al
349 1125 449 1209 ιύχσι,
465 1121 717 1210 ῆπρεσόύτερον,
730 1125 751 1210 ἢ
764 1122 846 1188 ἄλλο
857 1144 886 1187 τι
896 1131 957 1189 τῦν
969 1123 1052 1208 ἑξῆς.
1094 1124 1124 1186 si
1138 1127 1330 1206 contigerit,
1342 1128 1398 1190 vel
1414 1127 1659 1209 presbyteram,
1674 1130 1729 1191 vel
1745 1128 1840 1192 aliud

305 1228 487 1315 Ἀξιύματα
501 1229 536 1292 δὲ
552 1230 657 1314 ψυχης
676 1230 731 1292 καὶ
752 1230 788 1293 τό
803 1229 889 1313 ἔχειν
902 1229 959 1305 τθις
982 1227 1053 1313 ἀρε·
1094 1228 1177 1308 quid
1191 1246 1299 1309 porro.
1317 1230 1597 1309 Dignitatesvero
1612 1232 1840 1308 animasum,

307 1335 412 1420 τὰς,ἢ
438 1331 511 1418 μίαν
533 1334 603 1398 τινθι
624 1331 658 1411 ἐξ
681 1332 792 1397 αὐτῶν.
811 1331 889 1398 Ἐὰν
911 1332 970 1397 οῦκ
991 1333 1051 1417 ἔχη
1094 1331 1217 1395 λεῦσσε
1239 1333 1392 1414 virtutes,
1420 1335 1492 1398 sive
1524 1351 1627 1398 unam
1655 1333 1842 1415 quamlibet

305 1458 351 1516 τις
366 1447 506 1502 τοιοῦτον
529 1434 659 1521 ἀξίωμα,
675 1437 692 1499 δ
715 1432 829 1520 κυρίως
850 1437 905 1501 καὶ
927 1434 1052 1520 ἀληθῶς
1094 1451 1222 1498 earum.
1235 1437 1345 1510 Quum
1358 1437 1466 1515 igitur
1480 1439 1605 1518 aliquis
1621 1438 1767 1501 similem
1784 1438 1843 1502 ha·

305 1541 389 1606 ἐστιν
404 1539 535 1625 ἀξίωμα,
551 1543 681 1627 εὔχεται
694 1548 737 1624 τῷ
751 1538 823 1624 Θεῷ
837 1537 955 1624 λέγων·
977 1539 1052 1604 llio-
1094 1537 1152 1601 bet
1168 1538 1381 1620 dignitatem,
1404 1556 1479 1620 quaa
1493 1543 1627 1622 proprie
1643 1546 1677 1605 et
1691 1559 1769 1606 vere
1786 1542 1844 1604 ho-

306 1645 391 1710 ἐλθοι
406 1647 441 1709 τό
457 1643 577 1729 ἀξίωμά
600 1664 660 1728 μου
682 1641 812 1709 ἐνύπιόν
834 1663 901 1726 σου,
917 1644 1052 1708 κατὰτὸ
1094 1646 1207 1705 nestas
1230 1645 1424 1724 praestantia
1449 1649 1509 1724 est,
1534 1647 1587 1709 vir
1610 1649 1667 1710 ills
1690 1648 1843 1711 obsecrat

311 1750 418 1835 λόγιόν
440 1769 497 1812 σου
520 1747 613 1832 ῥῦσαί
635 1767 683 1833 με.
701 1784 740 1794 -
762 1746 807 1812 Τό
830 1745 951 1833 ἀξίωμα
971 1749 1052 1827 τινὲς
1094 1748 1202 1810 Deum
1217 1748 1348 1812 dicens:
1361 1751 1469 1814 Intret
1484 1749 1628 1834 diffactio
1644 1753 1842 1817 maciacen-

309 1857 367 1941 μὲν
381 1851 584 1940 ἡρμηνευσαν
596 1853 654 1937 τὴν
666 1850 829 1934 ἀπάθειαν,
842 1849 934 1915 ἄλλοι
947 1849 982 1916 δὲ
994 1853 1052 1937 τὴν
1092 1856 1200 1932 spectu
1215 1856 1278 1932 tao,
1295 1853 1469 1918 secandam
1480 1855 1641 1937 εόοραόιαπ
1653 1862 1744 1920 taam
1754 1859 1842 1938 εινμε

305 1957 440 2039 ἀξίωσιν.
1093 1973 1151 2021 ωε.
1177 1957 1388 2035 Dignitatem
1415 1959 1552 2040 quidam
1576 1962 1842 2042 interpretantur

1093 2061 1391 2141 aequanimitatem,
1410 2063 1469 2126 alii
1484 2080 1564 2126 vero
1579 2065 1749 2129 honorem.

348 2185 381 2230 ν.
401 2167 474 2231 171.
488 2163 721 2259 Ἐξερεύξαιντσ
742 2165 784 2229 τὰ
802 2162 895 2250 χείλη
919 2183 979 2250 μου
994 2164 1051 2248 itt·
1136 2183 1169 2229 ν.
1200 2167 1272 2230 171.
1303 2167 1534 2234 emanassent
1562 2169 1650 2235 θιθιπ
1678 2188 1748 2236 mco
1783 2171 1841 2254 Ιιμ-

308 2290 372 2336 νον.
595 2267 605 2290 '
1093 2286 1214 2335 marm.

350 2374 396 2440 Τό
418 2374 476 2460 μὲν
496 2372 629 2459 ψάλλειν
652 2372 825 2458 ἀνθρώποις
843 2371 992 2459 ἁρμόζει·
1013 2371 1051 2436 τό
1137 2375 1285 2441 Psallere
1301 2375 1455 2440 homines
1477 2377 1582 2458 decet,
1597 2380 1738 2458 angelos
1758 2396 1839 2442 vero

305 2479 341 2545 δὲ
362 2481 467 2566 ῦμνεῖν
490 2477 646 2564 ἀγγέλοις,
668 2479 691 2563 η
714 2486 778 2555 τοῖς
800 2479 909 2562 ἔχουσι
934 2474 1050 2562 σχεδόν
1094 2482 1155 2541 aut
1177 2494 1234 2541 eos
1264 2480 1325 2560 qui
1356 2481 1583 2544 conditionem
1612 2481 1681 2546 fers
1711 2484 1844 2562 angeli-

304 2584 479 2670 ἀγγελικὴν
500 2581 704 2649 κατάποσιν.
730 2579 853 2659 Ὀντως
879 2581 934 2645 καὶ
959 2580 989 2645 οἱ
1015 2579 1051 2644 ἀ-
1093 2598 1168 2645 cam
1183 2582 1319 2663 habent,
1336 2582 1481 2666 hymnos
1496 2602 1626 2649 canere.
1641 2589 1690 2650 Ac
1704 2605 1740 2650 rs
1760 2605 1842 2652 vera

302 2687 512 2775 γραυλοῦντες
526 2684 671 2772 ποιμόνες
685 2687 744 2751 οῦκ
757 2688 901 2772 ηκουσαν
915 2685 1051 2770 ψαλλόν-
1093 2689 1243 2766 pastores
1265 2687 1301 2748 in
1324 2703 1408 2765 agro
1432 2693 1677 2769 pernoctantes,
1697 2706 1764 2753 nnn
1782 2708 1844 2754 au-

303 2814 366 2859 των
396 2791 550 2878 ἀγγέλων,
573 2790 645 2856 ἀλλ’
667 2790 842 2876 ὑμνούντων
863 2792 918 2855 καὶ
940 2788 1052 2876 λεγόν-
1093 2789 1230 2853 dierunt
1240 2792 1381 2869 angelos
1393 2793 1589 2872 psallentes,
1604 2793 1664 2857 sed
1674 2793 1842 2877 hymnum

305 2918 384 2963 των·
400 2897 483 2976 Δόξα
497 2897 532 2962 ἐν
543 2895 683 2982 ὑψίστοις
698 2895 779 2980 Θεῷ,
795 2896 899 2960 καὶτὰ
913 2893 995 2978 ἑξῆς.
1007 2931 1048 2944 -
1093 2899 1253 2957 canentes
1269 2911 1308 2957 ac
1325 2894 1490 2958 dicentes:
1515 2897 1656 2960 «Gloria
1678 2899 1715 2961 in
1730 2899 1839 2962 excel-

303 2998 417 3088 Ὕμνσς
439 3000 474 3065 δέ
496 3000 580 3066 ἐστιν
602 2997 769 3084 δοξολογία
785 2998 854 3085 μετ’
868 2996 1050 3081 ἐκπλήξεως
1093 2999 1140 3062 sis
1160 2999 1228 3062 Deo
1244 3003 1332 3062 etc.»
1359 3001 1521 3083 Hymnus
1538 3005 1651 3064 autem
1674 3007 1726 3066 ast
1743 3002 1844 3065 doxo-

305 3105 356 3170 ἑπὶ
371 3115 410 3192 τῇ
426 3102 545 3190 θεωρίᾳ
559 3112 621 3170 τῦν
635 3101 811 3190 γενομένων
825 3103 885 3168 ὑπὸ
900 3102 994 3171 Θεοῦ.
1094 3104 1187 3182 logia
1216 3121 1294 3166 cum
1323 3103 1520 3168 vehementi
1554 3104 1775 3169 admiratione
1805 3106 1842 3169 in

1095 3209 1380 3288 contemplatione
1396 3225 1536 3290 operum
1551 3210 1623 3273 Del.

346 3332 379 3378 ν.
398 3315 470 3379 172.
487 3311 698 3398 Φθέγξαιτοη
714 3310 844 3397 γλῦσσόι
866 3332 926 3397 μου
941 3310 982 3374 r&
995 3306 1049 3373 λό·
1137 3329 1169 3373 ν.
1182 3312 1254 3374 172.
1264 3311 1495 3378 Ρνοαιιιιόίπόίι
1508 3313 1621 3395 linqua
1632 3331 1701 3378 αισα
1716 3315 1844 3396 alcqaia

302 3415 357 3503 γιόι
371 3439 438 3501 σου,
462 3417 510 3482 ότι
530 3427 630 3482 πᾶσαι
651 3417 684 3483 αἱ
705 3414 832 3484 ἒντολαί
854 3435 911 3480 σου
933 3415 1050 3479 δικαιο·
1092 3419 1160 3495 tua,
1183 3415 1261 3497 qnia
1272 3416 1379 3480 amata
1393 3416 1545 3482 maante
1560 3418 1771 3499 trajectitias.

345 3625 497 3693 Τουτέστι
522 3627 720 3713 δικαιοσύνης
743 3620 918 3710 ποιητικαί.
944 3660 984 3671 -
1008 3618 1047 3687 Ὀ
1137 3624 1294 3688 Mandata
1307 3625 1465 3689 videlicet
1485 3643 1561 3706 quaa
1579 3625 1750 3707 justitiam
1773 3625 1842 3688 affi-

301 3732 403 3818 λόγων
417 3741 510 3797 τοῦτο
525 3733 654 3817 εῦχεται
669 3733 721 3797 ἵνα
731 3731 753 3797 θ
765 3727 944 3816 φθόγγεται,
959 3726 1048 3814 λόγοι
1093 3728 1197 3791 ciunt.
1214 3730 1294 3792 Orat
1309 3729 1338 3793 is
1353 3730 1412 3811 qui
1429 3731 1476 3793 ita
1492 3730 1651 3810 loquitur,
1675 3736 1715 3793 ut
1737 3729 1841 3794 verba

307 3837 365 3902 ιὀσι
386 3835 479 3903 Θεοῦ.
513 3834 577 3901 Καὶ
599 3837 661 3921 γὰρ
686 3835 862 3921 γέγραπται
885 3831 1048 3918 ἀλλαχοῦ·
1092 3849 1155 3894 sua
1169 3831 1254 3896 fiant
1269 3849 1441 3897 sermones
1457 3835 1528 3897 Dei.
1553 3836 1636 3896 Nam
1656 3834 1738 3897 alibi
1760 3835 1843 3896 scri-

301 3942 433 4027 Ἀνοιγε
449 3945 505 4007 σόν
520 3941 622 4027 στόμα
635 3939 721 4026 λόγῳ
736 3941 830 4009 Θεοῦ.
845 3936 884 4005 Ὁ
899 3940 934 4005 δὲ
949 3949 1049 4004 τοιοῦ-
1092 3939 1188 4015 ptum
1205 3939 1271 3999 est:
1296 3938 1424 4018 «Aperi
1435 3953 1472 4001 os
1488 3943 1585 4000 tuum
1600 3939 1746 4000 sermoni
1758 3937 1843 4000 divi-

300 4068 353 4125 τος
368 4047 539 4132 εὐχόμενος
561 4046 659 4130 ἀργόν
675 4044 763 4131 ῥῆμα
777 4047 814 4110 ού
837 4043 937 4126 λαλεῖ,
956 4042 1049 4128 φθέγ-
1093 4055 1173 4101 no.»
1191 4040 1255 4114 Qui
1269 4056 1349 4103 vero
1365 4041 1414 4104 sic
1436 4049 1520 4122 orat,
1539 4041 1680 4105 verbum
1695 4043 1842 4106 otiosum

300 4171 389 4236 γεται
405 4151 440 4215 δὲ
454 4149 567 4235 κυρίως
582 4153 636 4215 τόν
647 4151 717 4234 περὶ
732 4149 929 4232 δικαιοσύνης
943 4146 1047 4233 λόγον,
1092 4157 1160 4204 non
1176 4143 1336 4223 loquitur.
1363 4144 1427 4208 Sed
1446 4145 1578 4226 proprie
1594 4162 1661 4209 non
1681 4145 1843 4208 enunciat

303 4256 374 4340 οὐχὶ
396 4263 485 4340 φωνῇ
509 4252 587 4340 μόνη
611 4254 689 4318 αὐτό
703 4252 877 4338 προφέρων,
895 4251 978 4317 ἀλλὰ
994 4253 1049 4316 και
1092 4247 1159 4309 nisi
1170 4245 1313 4326 justitiae
1328 4265 1527 4328 sermonem,
1541 4266 1607 4313 non
1623 4250 1695 4312 sola
1706 4253 1839 4312 tantum

302 4360 405 4444 ἔργοις
427 4360 483 4423 καὶ
497 4356 642 4442 προθέσει
660 4365 818 4443 πρακτικῇ
841 4365 881 4442 τῇ
896 4357 981 4420 κατὰ
994 4355 1048 4420 τόν
1091 4365 1172 4412 voce
1188 4367 1267 4412 eum
1290 4350 1479 4433 proferens,
1502 4353 1560 4416 sed
1583 4353 1715 4417 actibus
1730 4359 1763 4417 et
1784 4369 1843 4416 νο-

301 4463 392 4550 όρθόν
407 4462 502 4549 λόγον
517 4460 715 4548 ὲυθυνομένη.
731 4500 772 4511 -
786 4459 871 4547 Ὅρα
882 4469 942 4526 τῶν
953 4457 1049 4526 θείων
1096 4453 1227 4517 luntate
1238 4470 1386 4536 operosa,
1399 4454 1441 4520 ad
1454 4461 1578 4520 rectam
1590 4458 1755 4521 rationem
1764 4473 1842 4520 exa·

301 4568 451 4655 ρημάτων
466 4570 502 4633 τό
517 4571 686 4648 εὔτακτον,
703 4566 745 4633 ὡν
760 4565 802 4644 ῦς
817 4566 977 4631 ἰδιωτικῶν
991 4585 1049 4629 κα-
1092 4562 1156 4621 ota.
1175 4593 1214 4604 -
1234 4558 1319 4623 Vide
1334 4559 1421 4624 belle
1441 4561 1633 4624 institutam
1647 4559 1841 4623 divinornm

345 4751 508 4814 linsamo
529 4749 567 4812 ia
584 4766 614 4813 ο.
633 4749 705 4812 171.
722 4749 873 4812 Primam
896 4746 1047 4814 ordinem
1093 4742 1236 4821 poscit...
1269 4741 1579 4824 Appropinquantis
1608 4741 1769 4804 orationis
1798 4739 1842 4802 ad

302 4838 463 4901 modesta
474 4839 545 4918 spei
558 4855 628 4901 suae
639 4838 759 4916 tenuit,
769 4855 847 4900 cam
859 4835 1047 4917 proximam
1092 4833 1310 4910 conspectum
1333 4829 1394 4892 Dei
1417 4829 1472 4892 hic
1495 4828 1561 4893 fnit
1586 4830 1677 4910 ordo,
1700 4833 1739 4891 ut
1758 4845 1838 4892 cum

302 4925 378 4989 fieri
392 4927 586 5008 conspectui
600 4926 662 4990 Dei
678 4927 865 4990 orationem
879 4941 977 4990 suam
992 4939 1050 5005 po-
1092 4918 1248 5001 coepissst
1262 4934 1335 4982 csse
1349 4919 1513 4999 proxima,
1534 4919 1690 4982 introiret
1703 4921 1766 4983 etc.

336 5133 365 5174 ν.
376 5117 435 5173 171.
445 5117 548 5175 Vati.
561 5117 632 5174 Lac.
643 5133 676 5187 ιι,
690 5117 734 5172 Ιθ.
743 5113 791 5172 id
801 5115 911 5172 calcem
921 5114 994 5171 inita
1003 5119 1050 5172 ast
1127 5127 1155 5169 ν.
1169 5111 1229 5167 177.
1242 5110 1308 5169 Vnt
1322 5110 1348 5181 4,
1361 5111 1386 5182 5,
1398 5111 1424 5182 θ,
1437 5113 1463 5182 9,
1483 5111 1526 5169 14.
1544 5109 1589 5168 cf.
1604 5111 1747 5172 Athanas-
1759 5110 1843 5184 vulg.

255 5201 259 5214 '
301 5201 465 5262 messanis
475 5202 580 5278 hymni
591 5201 877 5276 delinitio,amnltis
889 5205 1013 5260 recocta.
1093 5197 1167 5260 iah.
1180 5217 1209 5260 ν.
1221 5197 1308 5261 Prot.
1322 5215 1411 5272 xxxi,
1423 5199 1450 5256 θ.
