4006 6090
526 723 885 846 omousius
919 725 1010 844 uu
1043 723 1403 852 susumus
1455 857 1457 862 ,

775 1109 841 1187 ΙΝ
867 1107 1146 1188 PSALMOS

292 1463 612 1544 nonsummum
628 1465 835 1567 Harmas,
851 1465 1065 1571 Pamphilus
1081 1461 1243 1569 Martyr,
1258 1465 1426 1544 Asterius
1441 1465 1618 1565 Arianos,
1734 1448 1736 1460 ¹

353 1671 597 1776 Hieronymus
613 1671 778 1774 Groems,
796 1669 1048 1770 Touana,
1064 1669 1483 1770 nanturiacensem,
1500 1676 1560 1749 eto.

786 2007 1124 2102 Pnoulssoll

224 2359 406 2438 origenem
420 2357 589 2425 Eusebius
599 2361 669 2423 tum
681 2357 807 2440 pressis
817 2360 931 2440 sequi·
1018 2359 1175 2424 Satenim
1190 2362 1243 2424 est
1257 2357 1383 2422 intueri
1394 2363 1522 2439 quanta
1530 2360 1650 2424 messis
1661 2361 1727 2424 He·

179 2466 237 2527 tur
246 2464 413 2544 vestigiis,
421 2463 502 2528 dum
513 2481 626 2528 scuras
638 2464 839 2545 Scripturas,
850 2467 925 2527 tum
973 2463 1153 2545 xaplorum
1168 2463 1204 2527 in
1226 2478 1311 2541 agro
1332 2462 1530 2527 cesariensi
1552 2463 1730 2546 undeque

179 2569 327 2632 maxime
340 2569 498 2650 psalmos,
521 2571 779 2650 commentatur,
800 2571 840 2631 ut
861 2565 928 2632 diei
972 2584 1039 2649 que
1067 2565 1172 2632 densa
1195 2565 1354 2646 albescat,
1381 2571 1530 2648 quotque
1557 2568 1726 2651 manipuli

178 2671 544 2755 possetAdamuatiaos,
563 2671 701 2754 perinde
716 2691 756 2736 ac
771 2679 827 2734 coo
839 2668 930 2756 liupr
973 2674 1130 2752 premant
1154 2669 1294 2735 Eusebii
1320 2670 1453 2734 borres.
1478 2671 1614 2734 Etenim
1633 2677 1727 2736 totus

178 2773 281 2860 φίλου,
296 2776 339 2841 ob
349 2777 458 2841 saneti
469 2778 629 2860 martyris
640 2776 879 2855 magisterium
895 2780 930 2840 et
972 2778 1127 2839 veterum
1143 2775 1368 2856 interpretum
1380 2780 1642 2857 enmpusnreret
1652 2794 1731 2858 pro*
1787 2767 1788 2771 ’

179 2881 449 2960 contubernium,
462 2884 686 2960 cognomento
698 2885 838 2944 ornatus
852 2880 929 2944 luit.
972 2877 1164 2960 pemodum,
1190 2879 1313 2944 excisis
1345 2879 1488 2962 Aquiloe,
1520 2881 1730 2963 symmachi,

181 2983 390 3065 Aanpbllo
402 2983 538 3066 quidem
551 2984 655 3049 libros
665 2988 699 3048 et
709 2984 928 3066 exemplapo-
971 2982 1210 3048 Theodotionis
1236 2983 1385 3048 surculis
1410 2984 1595 3064 immensis,
1627 2985 1732 3049 innue

182 3087 252 3152 tius
278 3088 407 3169 recepit
421 3103 524 3169 quam
547 3086 790 3152 eruditionem:
814 3091 849 3150 et
863 3086 930 3151 uti·
973 3089 1154 3169 marisque,
1166 3087 1244 3152 inde
1256 3089 1299 3153 ab
1310 3088 1458 3152 Eusebio
1467 3089 1642 3170 traductis,
1658 3108 1728 3154 non

181 3207 261 3254 nam
282 3189 370 3253 tenti
392 3190 494 3254 amici
512 3188 614 3254 fidem
629 3190 802 3269 integram
816 3207 930 3254 serva-
976 3192 1088 3256 solum
1103 3190 1146 3256 ed
1162 3192 1306 3272 Grecos,
1321 3190 1381 3256 sed
1396 3193 1499 3255 etiam
1514 3193 1557 3257 ad
1577 3195 1679 3278 Syros
1694 3198 1729 3259 et

180 3296 284 3358 veriti
315 3296 442 3359 Verum
468 3299 635 3376 quantum
655 3295 806 3374 Origeni,
832 3293 931 3374 cujus
976 3293 1149 3358 chaldeos
1176 3310 1284 3375 usque
1307 3294 1350 3359 ad
1372 3294 1667 3377 Abulpharagium
1691 3307 1729 3363 et

182 3399 296 3463 omnin
309 3399 494 3478 volumina,
510 3399 546 3462 in
565 3397 685 3480 primis
701 3398 931 3480 Hexaplorum
974 3396 1200 3480 Euthymium
1215 3398 1436 3476 Zigabenum.

182 3504 316 3583 molem,
331 3502 536 3566 bibliotheca
559 3501 775 3566 cesariensis
794 3503 931 3583 recepit,
1021 3499 1117 3564 Unde
1138 3517 1272 3564 summa
1294 3501 1456 3566 Bernardi
1480 3503 1727 3570 Monteialconii

181 3606 349 3673 Eusebius
377 3611 553 3689 acceptum
579 3605 737 3670 retulisse
765 3605 931 3689 debuerit,
975 3604 1730 3685 lnusestquiprimusillambdamnntininu·

180 3711 347 3793 suspicari
360 3714 432 3774 tam
448 3711 483 3773 in
495 3713 654 3791 promptu
664 3711 716 3773 est
729 3709 932 3791 quamdietu
977 3705 1158 3772 riiodinem
1171 3708 1276 3788 eruit3
1296 3712 1332 3771 et
1354 3711 1511 3789 quamvis
1525 3711 1594 3774 alin
1608 3713 1732 3790 ingen-

182 3813 329 3879 difficile.
341 3816 458 3878 Tantae
473 3813 565 3877 enim
581 3813 738 3892 origenis
749 3813 853 3877 etism
864 3814 934 3877 rui-
976 3813 1026 3876 tin
1036 3830 1137 3895 opera
1154 3812 1244 3876 idem
1259 3813 1435 3894 struxerit,
1454 3831 1563 3895 usque
1574 3815 1617 3879 nd
1634 3821 1724 3881 octo-

183 3939 236 3985 nae
247 3919 389 4002 periere,
398 3923 432 3982 et
443 3917 582 3982 Eusebii
593 3921 835 3999 totsupersunt
844 3916 933 3982 sacri
976 3917 1076 3997 ginta
1093 3933 1200 3981 anuos
1218 3916 1417 4000 indefessus,
1440 3919 1499 3982 vix
1517 3919 1668 3986 nobilius
1692 3941 1729 3986 e-

183 4023 429 4102 eommentnrii,
444 4026 484 4085 ut
497 4021 644 4085 arduum
659 4021 704 4085 sit
725 4038 821 4102 equa
835 4021 932 4086 lance
977 4020 1076 4098 xegit
1105 4025 1365 4085 monumentum
1395 4039 1498 4104 quam
1528 4025 1668 4090 Eusebii
1690 4027 1729 4090 in

183 4130 308 4195 librare
319 4133 354 4192 et
364 4144 538 4192 recensere
551 4128 729 4207 utriusque
740 4125 933 4206 supellecti·
975 4125 1124 4207 psalmos
1160 4126 1452 4190 commentarium.
1491 4130 1559 4192 Nee
1588 4129 1729 4211 frustra,

184 4234 262 4298 lem.
278 4231 371 4296 Adde
391 4229 482 4312 quod
496 4230 684 4312 discipulus
706 4229 864 4308 magistri
877 4245 945 4292 no·
978 4233 1074 4294 tanto
1087 4230 1122 4293 in
1134 4231 1239 4309 longa
1253 4230 1311 4294 vin
1324 4226 1442 4315 ippalp
1458 4237 1599 4314 reperto,
1612 4237 1725 4300 audax

185 4355 264 4401 men
292 4339 457 4419 perpetuo
485 4335 621 4399 silentio
651 4334 841 4416 expunxit,
870 4351 935 4398 nec
977 4348 1165 4412 aggressus
1180 4335 1233 4396 est
1246 4334 1428 4398 consilium
1442 4335 1546 4400 etiam
1561 4337 1729 4420 Hexnplo-

186 4441 282 4506 deest
295 4439 452 4520 suspicio,
468 4439 552 4520 quin
565 4456 607 4502 ex
623 4439 790 4504 industria
805 4440 854 4503 ita
864 4438 935 4504 iur·
979 4453 1056 4501 rum
1071 4436 1161 4500 aedes
1182 4442 1218 4500 et
1232 4437 1374 4501 exedrae
1395 4437 1651 4504 nfundamenlo
1673 4443 1731 4506 in-

186 4549 262 4608 tum
281 4543 558 4622 dissimulaverit,
578 4547 617 4608 ut
639 4559 738 4608 nemo
753 4543 805 4607 illi
827 4541 937 4626 plagii
979 4539 1167 4603 stuprandi.
1182 4539 1250 4603 Nec
1264 4539 1400 4620 mirum,
1416 4541 1446 4606 si
1462 4542 1526 4606 hae
1536 4543 1578 4608 de
1593 4562 1630 4608 re
1644 4563 1725 4610 cum

187 4652 302 4712 notum
315 4645 413 4710 ieoile
425 4646 585 4710 inureret.
599 4647 810 4727 Quicumque
821 4650 936 4710 tamen
979 4646 1091 4728 patria
1102 4641 1291 4725 etjuvenili
1303 4646 1479 4725 alacritate
1494 4647 1728 4734 disserentem,

187 4754 243 4815 vel
258 4753 326 4815 cito
341 4749 439 4813 oculo
455 4749 624 4830 lustravit,
640 4753 808 4831 quotquot
821 4768 938 4833 super·
982 4767 1060 4812 eum
1078 4749 1224 4813 libenter
1234 4749 1353 4813 audire
1367 4749 1531 4829 dignatus
1547 4755 1643 4818 sitin
1659 4758 1730 4838 pri-

188 4859 269 4920 sunt
290 4852 430 4918 Eusebii
456 4852 585 4918 sobolis
612 4853 648 4916 in
674 4854 822 4935 psalmos
845 4856 937 4920 etin
980 4853 1069 4916 vetis
1083 4851 1261 4932 colloquiis
1284 4853 1437 4918 Clemens
1458 4857 1514 4936 x1,
1530 4859 1586 4920 cui
1609 4874 1731 4926 omnes

188 4961 323 5038 leniam,
349 4957 441 5021 illico
462 4941 683 5038 deprehendit
705 4955 829 5039 ubique
856 4960 938 5023 lutc-
981 4955 1297 5037 disciplinanunc
1313 4960 1676 5036 etgracnnicaeuusa
1692 4965 1730 5030 in

189 5084 236 5145 re,
253 5065 357 5128 immo
373 5060 518 5126 emicare
533 5061 659 5144 passim
676 5060 852 5126 luculenta
867 5061 938 5126 Ori·
982 5059 1113 5126 deliciis
1128 5063 1237 5140 erant.
1249 5059 1366 5141 Neque
1378 5059 1516 5126 demum
1531 5081 1610 5130 cum
1625 5071 1733 5134 tanta

189 5169 289 5248 genis
303 5165 461 5245 vestigia.
983 5162 1149 5245 Maiestati
1165 5162 1410 5230 votivaofferre
1427 5167 1732 5238 Eusebianasobo·
