<?xml version="1.0" encoding="UTF-8"?>
<!DOCTYPE html PUBLIC "-//W3C//DTD XHTML 1.0 Transitional//EN"
    "http://www.w3.org/TR/xhtml1/DTD/xhtml1-transitional.dtd">
<html xmlns="http://www.w3.org/1999/xhtml" xml:lang="en" lang="en">
 <head>
  <title>
</title>
<meta http-equiv="Content-Type" content="text/html;charset=utf-8" />
  <meta name='ocr-system' content='tesseract 3.04.00' />
  <meta name='ocr-capabilities' content='ocr_page ocr_carea ocr_par ocr_line ocrx_word'/>
</head>
<body>
  <div class='ocr_page' id='page_1' title='image "./analectasacrasp00pitrgoog_0257.png"; bbox 0 0 4020 6098; ppageno 0'>
   <div class='ocr_carea' id='block_1_1' title="bbox 966 471 1176 535">
    <p class='ocr_par' dir='ltr' id='par_1_1' title="bbox 966 471 1176 535">
     <span class='ocr_line' id='line_1_1' title="bbox 966 471 1176 535; baseline -0.019 -1"><span class='ocrx_word' id='word_1_1' title='bbox 966 471 1176 535; x_wconf 78' lang='lat' dir='ltr'>ORIGENES</span> 
     </span>
    </p>
   </div>
   <div class='ocr_carea' id='block_1_2' title="bbox 863 697 1258 777">
    <p class='ocr_par' dir='ltr' id='par_1_2' title="bbox 863 697 1258 777">
     <span class='ocr_line' id='line_1_2' title="bbox 863 697 1258 777; baseline -0.005 -1"><span class='ocrx_word' id='word_1_2' title='bbox 863 698 1033 777; x_wconf 81' lang='lat' dir='ltr'><strong>Psalmus</strong></span> <span class='ocrx_word' id='word_1_3' title='bbox 1059 697 1258 777; x_wconf 81' lang='lat' dir='ltr'><strong>cXVIH.</strong></span> 
     </span>
    </p>
   </div>
   <div class='ocr_carea' id='block_1_3' title="bbox 923 939 1311 1023">
    <p class='ocr_par' dir='ltr' id='par_1_3' title="bbox 923 939 1311 1023">
     <span class='ocr_line' id='line_1_3' title="bbox 923 939 1311 1023; baseline 0.003 -1"><span class='ocrx_word' id='word_1_4' title='bbox 923 939 1184 1023; x_wconf 76' lang='lat' dir='ltr'><strong>Morurou</strong></span> <span class='ocrx_word' id='word_1_5' title='bbox 1308 963 1311 970; x_wconf 86' lang='grc'><em>·</em></span> 
     </span>
    </p>
   </div>
   <div class='ocr_carea' id='block_1_4' title="bbox 302 1152 1827 1242">
    <p class='ocr_par' dir='ltr' id='par_1_4' title="bbox 302 1152 1827 1242">
     <span class='ocr_line' id='line_1_4' title="bbox 302 1152 1827 1242; baseline 0 -22"><span class='ocrx_word' id='word_1_6' title='bbox 302 1152 305 1157; x_wconf 77' lang='grc'><strong>’</strong></span> <span class='ocrx_word' id='word_1_7' title='bbox 327 1157 431 1220; x_wconf 82' lang='lat' dir='ltr'>Docet</span> <span class='ocrx_word' id='word_1_8' title='bbox 445 1174 506 1221; x_wconf 86' lang='lat' dir='ltr'><strong>noa</strong></span> <span class='ocrx_word' id='word_1_9' title='bbox 521 1158 758 1240; x_wconf 82' lang='lat' dir='ltr'>Hieronymus,</span> <span class='ocrx_word' id='word_1_10' title='bbox 775 1157 810 1220; x_wconf 93' lang='lat' dir='ltr'><strong>in</strong></span> <span class='ocrx_word' id='word_1_11' title='bbox 827 1157 970 1240; x_wconf 91' lang='lat' dir='ltr'><strong>epistola</strong></span> <span class='ocrx_word' id='word_1_12' title='bbox 988 1158 1032 1222; x_wconf 88' lang='lat' dir='ltr'><strong>ad</strong></span> <span class='ocrx_word' id='word_1_13' title='bbox 1071 1157 1186 1240; x_wconf 86' lang='lat' dir='ltr'><strong>jicere,</strong></span> <span class='ocrx_word' id='word_1_14' title='bbox 1219 1159 1343 1242; x_wconf 91' lang='lat' dir='ltr'><strong>quibus</strong></span> <span class='ocrx_word' id='word_1_15' title='bbox 1370 1163 1403 1222; x_wconf 93' lang='lat' dir='ltr'><strong>et</strong></span> <span class='ocrx_word' id='word_1_16' title='bbox 1425 1159 1536 1240; x_wconf 88' lang='lat' dir='ltr'><strong>operis</strong></span> <span class='ocrx_word' id='word_1_17' title='bbox 1559 1158 1665 1224; x_wconf 89' lang='lat' dir='ltr'><strong>nostri</strong></span> <span class='ocrx_word' id='word_1_18' title='bbox 1687 1156 1827 1221; x_wconf 87' lang='lat' dir='ltr'><strong>sinceri-</strong></span> 
     </span>
    </p>
   </div>
   <div class='ocr_carea' id='block_1_5' title="bbox 287 1251 1996 1345">
    <p class='ocr_par' dir='ltr' id='par_1_5' title="bbox 287 1251 1996 1345">
     <span class='ocr_line' id='line_1_5' title="bbox 287 1251 1996 1345; baseline 0 -21"><span class='ocrx_word' id='word_1_19' title='bbox 287 1263 437 1343; x_wconf 91' lang='lat' dir='ltr'><strong>Paulam,</strong></span> <span class='ocrx_word' id='word_1_20' title='bbox 462 1280 564 1343; x_wconf 88' lang='lat' dir='ltr'><strong>quam</strong></span> <span class='ocrx_word' id='word_1_21' title='bbox 587 1280 755 1327; x_wconf 89' lang='lat' dir='ltr'><strong>annorum</strong></span> <span class='ocrx_word' id='word_1_22' title='bbox 778 1267 857 1326; x_wconf 86' lang='lat' dir='ltr'><strong>ante</strong></span> <span class='ocrx_word' id='word_1_23' title='bbox 881 1264 1032 1345; x_wconf 91' lang='lat' dir='ltr'><strong>quinque</strong></span> <span class='ocrx_word' id='word_1_24' title='bbox 1075 1267 1127 1326; x_wconf 85' lang='lat' dir='ltr'><strong>tas</strong></span> <span class='ocrx_word' id='word_1_25' title='bbox 1142 1264 1244 1326; x_wconf 90' lang='lat' dir='ltr'><strong>simul</strong></span> <span class='ocrx_word' id='word_1_26' title='bbox 1262 1267 1295 1325; x_wconf 89' lang='lat' dir='ltr'><strong>et</strong></span> <span class='ocrx_word' id='word_1_27' title='bbox 1310 1263 1497 1344; x_wconf 88' lang='lat' dir='ltr'><strong>antiquitas</strong></span> <span class='ocrx_word' id='word_1_28' title='bbox 1516 1267 1550 1327; x_wconf 93' lang='lat' dir='ltr'><strong>et</strong></span> <span class='ocrx_word' id='word_1_29' title='bbox 1565 1263 1725 1328; x_wconf 81' lang='lat' dir='ltr'>nobilitas</span> <span class='ocrx_word' id='word_1_30' title='bbox 1739 1278 1827 1326; x_wconf 91' lang='lat' dir='ltr'><strong>com·</strong></span> <span class='ocrx_word' id='word_1_31' title='bbox 1995 1251 1996 1268; x_wconf 57' lang='lat'>¹</span> 
     </span>
    </p>
   </div>
   <div class='ocr_carea' id='block_1_6' title="bbox 283 1360 1836 4780">
    <p class='ocr_par' dir='ltr' id='par_1_6' title="bbox 284 1360 1328 1448">
     <span class='ocr_line' id='line_1_6' title="bbox 284 1360 1328 1448; baseline 0.001 -19"><span class='ocrx_word' id='word_1_32' title='bbox 284 1367 401 1446; x_wconf 89' lang='lat' dir='ltr'><strong>lustra,</strong></span> <span class='ocrx_word' id='word_1_33' title='bbox 425 1367 569 1448; x_wconf 84' lang='lat' dir='ltr'><strong>primam</strong></span> <span class='ocrx_word' id='word_1_34' title='bbox 585 1367 747 1430; x_wconf 85' lang='lat' dir='ltr'><strong>inlunem</strong></span> <span class='ocrx_word' id='word_1_35' title='bbox 770 1360 973 1445; x_wconf 69' lang='lat' dir='ltr'><strong>dedimustl,</strong></span> <span class='ocrx_word' id='word_1_36' title='bbox 994 1367 1034 1429; x_wconf 92' lang='lat'><strong>0-</strong></span> <span class='ocrx_word' id='word_1_37' title='bbox 1078 1366 1328 1431; x_wconf 85' lang='lat' dir='ltr'><strong>mandarentur.</strong></span> 
     </span>
    </p>

    <p class='ocr_par' dir='ltr' id='par_1_7' title="bbox 284 1471 1831 3215">
     <span class='ocr_line' id='line_1_7' title="bbox 284 1471 1827 1553; baseline 0.002 -21"><span class='ocrx_word' id='word_1_38' title='bbox 284 1471 416 1548; x_wconf 89' lang='lat' dir='ltr'><strong>rigenis</strong></span> <span class='ocrx_word' id='word_1_39' title='bbox 454 1471 623 1534; x_wconf 78' lang='lat' dir='ltr'><strong>exstitisse</strong></span> <span class='ocrx_word' id='word_1_40' title='bbox 653 1472 688 1534; x_wconf 93' lang='lat' dir='ltr'><strong>in</strong></span> <span class='ocrx_word' id='word_1_41' title='bbox 718 1473 888 1553; x_wconf 90' lang='lat' dir='ltr'><strong>psalmum</strong></span> <span class='ocrx_word' id='word_1_42' title='bbox 925 1487 1034 1534; x_wconf 86' lang='lat' dir='ltr'><strong>exvur</strong></span> <span class='ocrx_word' id='word_1_43' title='bbox 1121 1471 1234 1549; x_wconf 81' lang='lat' dir='ltr'>Digna</span> <span class='ocrx_word' id='word_1_44' title='bbox 1260 1471 1374 1535; x_wconf 89' lang='lat' dir='ltr'><strong>hercle</strong></span> <span class='ocrx_word' id='word_1_45' title='bbox 1396 1474 1540 1536; x_wconf 88' lang='lat' dir='ltr'><strong>summis</strong></span> <span class='ocrx_word' id='word_1_46' title='bbox 1555 1472 1705 1550; x_wconf 89' lang='lat' dir='ltr'><strong>ingeniis</strong></span> <span class='ocrx_word' id='word_1_47' title='bbox 1727 1472 1827 1552; x_wconf 75' lang='lat' dir='ltr'><strong>palra-</strong></span> 
     </span>
     <span class='ocr_line' id='line_1_8' title="bbox 285 1575 1831 1656; baseline 0.001 -20"><span class='ocrx_word' id='word_1_48' title='bbox 285 1575 424 1654; x_wconf 86' lang='lat' dir='ltr'><strong>scholia,</strong></span> <span class='ocrx_word' id='word_1_49' title='bbox 441 1579 598 1656; x_wconf 88' lang='lat' dir='ltr'><strong>excerpta</strong></span> <span class='ocrx_word' id='word_1_50' title='bbox 625 1578 659 1638; x_wconf 90' lang='lat' dir='ltr'><strong>et</strong></span> <span class='ocrx_word' id='word_1_51' title='bbox 673 1575 831 1638; x_wconf 89' lang='lat' dir='ltr'><strong>homilias</strong></span> <span class='ocrx_word' id='word_1_52' title='bbox 857 1575 1032 1656; x_wconf 90' lang='lat' dir='ltr'><strong>plurimas.</strong></span> <span class='ocrx_word' id='word_1_53' title='bbox 1080 1578 1168 1638; x_wconf 89' lang='lat' dir='ltr'><strong>stra:</strong></span> <span class='ocrx_word' id='word_1_54' title='bbox 1184 1593 1223 1638; x_wconf 90' lang='lat' dir='ltr'><strong>ac</strong></span> <span class='ocrx_word' id='word_1_55' title='bbox 1246 1575 1463 1639; x_wconf 83' lang='lat' dir='ltr'><strong>memorabile</strong></span> <span class='ocrx_word' id='word_1_56' title='bbox 1478 1576 1583 1640; x_wconf 91' lang='lat' dir='ltr'><strong>studii</strong></span> <span class='ocrx_word' id='word_1_57' title='bbox 1606 1575 1831 1656; x_wconf 87' lang='lat' dir='ltr'><strong>coaequalium</strong></span> 
     </span>
     <span class='ocr_line' id='line_1_9' title="bbox 285 1677 1830 1762; baseline -0.001 -21"><span class='ocrx_word' id='word_1_58' title='bbox 285 1681 412 1756; x_wconf 90' lang='lat' dir='ltr'><strong>Ingens</strong></span> <span class='ocrx_word' id='word_1_59' title='bbox 444 1677 548 1741; x_wconf 87' lang='lat' dir='ltr'><strong>fuisse</strong></span> <span class='ocrx_word' id='word_1_60' title='bbox 572 1681 681 1740; x_wconf 88' lang='lat' dir='ltr'><strong>totum</strong></span> <span class='ocrx_word' id='word_1_61' title='bbox 705 1695 799 1759; x_wconf 88' lang='lat' dir='ltr'><strong>opus,</strong></span> <span class='ocrx_word' id='word_1_62' title='bbox 816 1678 899 1741; x_wconf 89' lang='lat' dir='ltr'><strong>satis</strong></span> <span class='ocrx_word' id='word_1_63' title='bbox 925 1680 1035 1740; x_wconf 90' lang='lat' dir='ltr'><strong>osten·</strong></span> <span class='ocrx_word' id='word_1_64' title='bbox 1077 1678 1268 1742; x_wconf 89' lang='lat' dir='ltr'><strong>communis</strong></span> <span class='ocrx_word' id='word_1_65' title='bbox 1295 1681 1498 1762; x_wconf 82' lang='lat' dir='ltr'><strong>exemplum,</strong></span> <span class='ocrx_word' id='word_1_66' title='bbox 1527 1696 1593 1762; x_wconf 91' lang='lat' dir='ltr'><strong>quo</strong></span> <span class='ocrx_word' id='word_1_67' title='bbox 1608 1679 1696 1742; x_wconf 92' lang='lat' dir='ltr'><strong>nihil</strong></span> <span class='ocrx_word' id='word_1_68' title='bbox 1718 1679 1830 1742; x_wconf 88' lang='lat' dir='ltr'><strong>simile</strong></span> 
     </span>
     <span class='ocr_line' id='line_1_10' title="bbox 284 1781 1829 1863; baseline -0.002 -17"><span class='ocrx_word' id='word_1_69' title='bbox 284 1783 372 1846; x_wconf 91' lang='lat' dir='ltr'><strong>dunt</strong></span> <span class='ocrx_word' id='word_1_70' title='bbox 385 1783 532 1860; x_wconf 89' lang='lat' dir='ltr'><strong>triginta</strong></span> <span class='ocrx_word' id='word_1_71' title='bbox 541 1787 574 1845; x_wconf 90' lang='lat' dir='ltr'><strong>et</strong></span> <span class='ocrx_word' id='word_1_72' title='bbox 586 1787 660 1846; x_wconf 90' lang='lat' dir='ltr'><strong>octo</strong></span> <span class='ocrx_word' id='word_1_73' title='bbox 675 1799 778 1863; x_wconf 89' lang='lat' dir='ltr'><strong>supra</strong></span> <span class='ocrx_word' id='word_1_74' title='bbox 794 1787 929 1846; x_wconf 89' lang='lat' dir='ltr'><strong>centum</strong></span> <span class='ocrx_word' id='word_1_75' title='bbox 942 1781 1034 1860; x_wconf 88' lang='lat' dir='ltr'><strong>lrag·</strong></span> <span class='ocrx_word' id='word_1_76' title='bbox 1077 1783 1113 1845; x_wconf 93' lang='lat' dir='ltr'><strong>in</strong></span> <span class='ocrx_word' id='word_1_77' title='bbox 1127 1787 1198 1845; x_wconf 93' lang='lat' dir='ltr'><strong>tota</strong></span> <span class='ocrx_word' id='word_1_78' title='bbox 1213 1783 1360 1846; x_wconf 82' lang='lat' dir='ltr'><strong>Orientis</strong></span> <span class='ocrx_word' id='word_1_79' title='bbox 1376 1788 1410 1846; x_wconf 90' lang='lat' dir='ltr'><strong>et</strong></span> <span class='ocrx_word' id='word_1_80' title='bbox 1424 1784 1613 1847; x_wconf 80' lang='lat' dir='ltr'><strong>Occidentis</strong></span> <span class='ocrx_word' id='word_1_81' title='bbox 1635 1782 1829 1845; x_wconf 89' lang='lat' dir='ltr'><strong>litteratura</strong></span> 
     </span>
     <span class='ocr_line' id='line_1_11' title="bbox 284 1883 1831 1971; baseline -0.003 -19"><span class='ocrx_word' id='word_1_82' title='bbox 284 1892 408 1969; x_wconf 89' lang='lat' dir='ltr'><strong>menta,</strong></span> <span class='ocrx_word' id='word_1_83' title='bbox 432 1905 508 1971; x_wconf 84' lang='lat' dir='ltr'><strong>quae</strong></span> <span class='ocrx_word' id='word_1_84' title='bbox 532 1889 655 1951; x_wconf 70' lang='lat' dir='ltr'><strong>saeculo</strong></span> <span class='ocrx_word' id='word_1_85' title='bbox 674 1889 787 1970; x_wconf 90' lang='lat' dir='ltr'><strong>elapso</strong></span> <span class='ocrx_word' id='word_1_86' title='bbox 809 1889 956 1952; x_wconf 87' lang='lat' dir='ltr'><strong>Maurini</strong></span> <span class='ocrx_word' id='word_1_87' title='bbox 971 1904 1032 1969; x_wconf 90' lang='lat' dir='ltr'><strong>pro</strong></span> <span class='ocrx_word' id='word_1_88' title='bbox 1078 1887 1218 1949; x_wconf 92' lang='lat' dir='ltr'><strong>Patrum</strong></span> <span class='ocrx_word' id='word_1_89' title='bbox 1233 1887 1410 1967; x_wconf 89' lang='lat' dir='ltr'><strong>reperitur.</strong></span> <span class='ocrx_word' id='word_1_90' title='bbox 1423 1888 1569 1966; x_wconf 82' lang='lat' dir='ltr'><strong>Dignus,</strong></span> <span class='ocrx_word' id='word_1_91' title='bbox 1582 1887 1731 1968; x_wconf 92' lang='lat' dir='ltr'><strong>inquam,</strong></span> <span class='ocrx_word' id='word_1_92' title='bbox 1744 1883 1831 1966; x_wconf 92' lang='lat' dir='ltr'><strong>psal·</strong></span> 
     </span>
     <span class='ocr_line' id='line_1_12' title="bbox 285 1991 1831 2072; baseline -0.001 -17"><span class='ocrx_word' id='word_1_93' title='bbox 285 1993 385 2056; x_wconf 87' lang='lat' dir='ltr'><strong>solita</strong></span> <span class='ocrx_word' id='word_1_94' title='bbox 407 1992 588 2070; x_wconf 87' lang='lat' dir='ltr'><strong>diligentia</strong></span> <span class='ocrx_word' id='word_1_95' title='bbox 603 1993 639 2054; x_wconf 90' lang='lat' dir='ltr'><strong>iu</strong></span> <span class='ocrx_word' id='word_1_96' title='bbox 655 1991 814 2055; x_wconf 75' lang='lat' dir='ltr'><strong>medium‘</strong></span> <span class='ocrx_word' id='word_1_97' title='bbox 833 1993 1032 2056; x_wconf 88' lang='lat' dir='ltr'><strong>attulerunt.</strong></span> <span class='ocrx_word' id='word_1_98' title='bbox 1077 2008 1153 2053; x_wconf 87' lang='lat' dir='ltr'><strong>mus</strong></span> <span class='ocrx_word' id='word_1_99' title='bbox 1171 1992 1378 2072; x_wconf 90' lang='lat' dir='ltr'><strong>erattriplici</strong></span> <span class='ocrx_word' id='word_1_100' title='bbox 1390 1995 1564 2054; x_wconf 85' lang='lat' dir='ltr'><strong>tantorum</strong></span> <span class='ocrx_word' id='word_1_101' title='bbox 1580 1992 1731 2054; x_wconf 91' lang='lat' dir='ltr'><strong>virorum</strong></span> <span class='ocrx_word' id='word_1_102' title='bbox 1743 2007 1831 2054; x_wconf 91' lang='lat' dir='ltr'><strong>com·</strong></span> 
     </span>
     <span class='ocr_line' id='line_1_13' title="bbox 286 2094 1830 2186; baseline -0.001 -27"><span class='ocrx_word' id='word_1_103' title='bbox 286 2097 415 2172; x_wconf 85' lang='lat' dir='ltr'><strong>Quibus</strong></span> <span class='ocrx_word' id='word_1_104' title='bbox 431 2113 536 2177; x_wconf 92' lang='lat' dir='ltr'><strong>quum</strong></span> <span class='ocrx_word' id='word_1_105' title='bbox 549 2113 665 2158; x_wconf 89' lang='lat' dir='ltr'><strong>omues</strong></span> <span class='ocrx_word' id='word_1_106' title='bbox 681 2097 822 2159; x_wconf 88' lang='lat' dir='ltr'><strong>Romani</strong></span> <span class='ocrx_word' id='word_1_107' title='bbox 836 2097 968 2161; x_wconf 91' lang='lat' dir='ltr'><strong>codices</strong></span> <span class='ocrx_word' id='word_1_108' title='bbox 980 2098 1035 2186; x_wconf 82' lang='lat' dir='ltr'><strong>de·</strong></span> <span class='ocrx_word' id='word_1_109' title='bbox 1078 2095 1255 2174; x_wconf 89' lang='lat' dir='ltr'><strong>meutario,</strong></span> <span class='ocrx_word' id='word_1_110' title='bbox 1278 2099 1395 2176; x_wconf 85' lang='lat' dir='ltr'><strong>utpote</strong></span> <span class='ocrx_word' id='word_1_111' title='bbox 1418 2112 1519 2176; x_wconf 92' lang='lat' dir='ltr'><strong>quem</strong></span> <span class='ocrx_word' id='word_1_112' title='bbox 1545 2095 1655 2158; x_wconf 92' lang='lat' dir='ltr'><strong>adhuc</strong></span> <span class='ocrx_word' id='word_1_113' title='bbox 1678 2094 1830 2175; x_wconf 85' lang='lat' dir='ltr'><strong>quotidie</strong></span> 
     </span>
     <span class='ocr_line' id='line_1_14' title="bbox 286 2199 1830 2280; baseline -0.001 -16"><span class='ocrx_word' id='word_1_114' title='bbox 286 2200 424 2280; x_wconf 88' lang='lat' dir='ltr'><strong>fuerint,</strong></span> <span class='ocrx_word' id='word_1_115' title='bbox 439 2201 527 2263; x_wconf 93' lang='lat' dir='ltr'><strong>nihil</strong></span> <span class='ocrx_word' id='word_1_116' title='bbox 546 2201 682 2280; x_wconf 89' lang='lat' dir='ltr'><strong>mirum,</strong></span> <span class='ocrx_word' id='word_1_117' title='bbox 699 2202 780 2265; x_wconf 91' lang='lat' dir='ltr'><strong>siin</strong></span> <span class='ocrx_word' id='word_1_118' title='bbox 796 2202 954 2266; x_wconf 87' lang='lat' dir='ltr'><strong>manibus</strong></span> <span class='ocrx_word' id='word_1_119' title='bbox 976 2220 1034 2266; x_wconf 92' lang='lat' dir='ltr'><strong>no·</strong></span> <span class='ocrx_word' id='word_1_120' title='bbox 1078 2199 1291 2280; x_wconf 89' lang='lat' dir='ltr'><strong>psallendum</strong></span> <span class='ocrx_word' id='word_1_121' title='bbox 1314 2201 1463 2278; x_wconf 87' lang='lat' dir='ltr'><strong>singulis</strong></span> <span class='ocrx_word' id='word_1_122' title='bbox 1478 2218 1651 2264; x_wconf 89' lang='lat' dir='ltr'><strong>sacrorum</strong></span> <span class='ocrx_word' id='word_1_123' title='bbox 1671 2200 1830 2263; x_wconf 86' lang='lat' dir='ltr'><strong>ordinum</strong></span> 
     </span>
     <span class='ocr_line' id='line_1_15' title="bbox 286 2302 1830 2386; baseline -0.002 -18"><span class='ocrx_word' id='word_1_124' title='bbox 286 2305 365 2368; x_wconf 88' lang='lat' dir='ltr'><strong>stris</strong></span> <span class='ocrx_word' id='word_1_125' title='bbox 393 2304 481 2367; x_wconf 93' lang='lat' dir='ltr'><strong>idem</strong></span> <span class='ocrx_word' id='word_1_126' title='bbox 501 2321 586 2385; x_wconf 90' lang='lat' dir='ltr'><strong>opus</strong></span> <span class='ocrx_word' id='word_1_127' title='bbox 619 2304 733 2385; x_wconf 91' lang='lat' dir='ltr'><strong>duplo,</strong></span> <span class='ocrx_word' id='word_1_128' title='bbox 762 2305 866 2369; x_wconf 93' lang='lat' dir='ltr'><strong>immo</strong></span> <span class='ocrx_word' id='word_1_129' title='bbox 893 2305 1034 2370; x_wconf 84' lang='lat' dir='ltr'><strong>fortasse</strong></span> <span class='ocrx_word' id='word_1_130' title='bbox 1078 2302 1211 2366; x_wconf 83' lang='lat' dir='ltr'><strong>clericis</strong></span> <span class='ocrx_word' id='word_1_131' title='bbox 1244 2304 1396 2366; x_wconf 82' lang='lat' dir='ltr'><strong>Ecclesia</strong></span> <span class='ocrx_word' id='word_1_132' title='bbox 1427 2305 1593 2367; x_wconf 89' lang='lat' dir='ltr'><strong>catholica</strong></span> <span class='ocrx_word' id='word_1_133' title='bbox 1623 2303 1830 2386; x_wconf 83' lang='lat' dir='ltr'><strong>praeseribit3</strong></span> 
     </span>
     <span class='ocr_line' id='line_1_16' title="bbox 286 2407 1831 2489; baseline -0.002 -17"><span class='ocrx_word' id='word_1_134' title='bbox 286 2409 388 2489; x_wconf 92' lang='lat' dir='ltr'><strong>triplo</strong></span> <span class='ocrx_word' id='word_1_135' title='bbox 415 2409 548 2471; x_wconf 88' lang='lat' dir='ltr'><strong>auctius</strong></span> <span class='ocrx_word' id='word_1_136' title='bbox 571 2409 725 2471; x_wconf 87' lang='lat' dir='ltr'><strong>creverit.</strong></span> <span class='ocrx_word' id='word_1_137' title='bbox 753 2409 867 2472; x_wconf 86' lang='lat' dir='ltr'><strong>Mirari</strong></span> <span class='ocrx_word' id='word_1_138' title='bbox 898 2413 1032 2472; x_wconf 85' lang='lat' dir='ltr'><strong>tantum</strong></span> <span class='ocrx_word' id='word_1_139' title='bbox 1079 2422 1180 2487; x_wconf 91' lang='lat' dir='ltr'><strong>quem</strong></span> <span class='ocrx_word' id='word_1_140' title='bbox 1196 2407 1271 2470; x_wconf 93' lang='lat' dir='ltr'><strong>ideo</strong></span> <span class='ocrx_word' id='word_1_141' title='bbox 1294 2408 1445 2470; x_wconf 83' lang='lat' dir='ltr'><strong>Hilarius</strong></span> <span class='ocrx_word' id='word_1_142' title='bbox 1461 2413 1495 2470; x_wconf 91' lang='lat' dir='ltr'><strong>et</strong></span> <span class='ocrx_word' id='word_1_143' title='bbox 1509 2409 1706 2472; x_wconf 85' lang='lat' dir='ltr'><strong>Ambrosius</strong></span> <span class='ocrx_word' id='word_1_144' title='bbox 1729 2423 1831 2489; x_wconf 83' lang='lat' dir='ltr'><strong>expo-</strong></span> 
     </span>
     <span class='ocr_line' id='line_1_17' title="bbox 285 2510 1827 2608; baseline -0.001 -32"><span class='ocrx_word' id='word_1_145' title='bbox 285 2512 380 2576; x_wconf 89' lang='lat' dir='ltr'><strong>lubet</strong></span> <span class='ocrx_word' id='word_1_146' title='bbox 393 2516 426 2574; x_wconf 89' lang='lat' dir='ltr'><strong>et</strong></span> <span class='ocrx_word' id='word_1_147' title='bbox 444 2512 663 2590; x_wconf 84' lang='lat' dir='ltr'><strong>laetari,hauc</strong></span> <span class='ocrx_word' id='word_1_148' title='bbox 686 2529 860 2576; x_wconf 89' lang='lat' dir='ltr'><strong>romanam</strong></span> <span class='ocrx_word' id='word_1_149' title='bbox 888 2531 1033 2577; x_wconf 91' lang='lat' dir='ltr'><strong>messem</strong></span> <span class='ocrx_word' id='word_1_150' title='bbox 1077 2510 1226 2573; x_wconf 89' lang='lat' dir='ltr'><strong>nendum</strong></span> <span class='ocrx_word' id='word_1_151' title='bbox 1238 2529 1310 2575; x_wconf 90' lang='lat' dir='ltr'><strong>esse</strong></span> <span class='ocrx_word' id='word_1_152' title='bbox 1322 2517 1538 2608; x_wconf 78' lang='lat' dir='ltr'><strong>censuerunt,</strong></span> <span class='ocrx_word' id='word_1_153' title='bbox 1550 2517 1726 2594; x_wconf 89' lang='lat' dir='ltr'><strong>propterea</strong></span> <span class='ocrx_word' id='word_1_154' title='bbox 1737 2511 1827 2592; x_wconf 90' lang='lat' dir='ltr'><strong>quod</strong></span> 
     </span>
     <span class='ocr_line' id='line_1_18' title="bbox 285 2614 1828 2697; baseline -0.003 -15"><span class='ocrx_word' id='word_1_155' title='bbox 285 2619 334 2682; x_wconf 92' lang='lat' dir='ltr'><strong>ita</strong></span> <span class='ocrx_word' id='word_1_156' title='bbox 348 2618 391 2680; x_wconf 91' lang='lat' dir='ltr'><strong>ab</strong></span> <span class='ocrx_word' id='word_1_157' title='bbox 414 2617 571 2680; x_wconf 88' lang='lat' dir='ltr'><strong>omnibus</strong></span> <span class='ocrx_word' id='word_1_158' title='bbox 586 2615 691 2680; x_wconf 85' lang='lat' dir='ltr'><strong>fuisse</strong></span> <span class='ocrx_word' id='word_1_159' title='bbox 708 2617 911 2697; x_wconf 89' lang='lat' dir='ltr'><strong>neglectam,</strong></span> <span class='ocrx_word' id='word_1_160' title='bbox 928 2621 969 2679; x_wconf 91' lang='lat' dir='ltr'><strong>ut</strong></span> <span class='ocrx_word' id='word_1_161' title='bbox 983 2619 1034 2680; x_wconf 92' lang='lat' dir='ltr'><strong>in·</strong></span> <span class='ocrx_word' id='word_1_162' title='bbox 1077 2615 1148 2675; x_wconf 88' lang='lat' dir='ltr'><strong>tam</strong></span> <span class='ocrx_word' id='word_1_163' title='bbox 1166 2614 1296 2677; x_wconf 76' lang='lat' dir='ltr'><strong>Pictavi</strong></span> <span class='ocrx_word' id='word_1_164' title='bbox 1313 2633 1414 2696; x_wconf 88' lang='lat' dir='ltr'><strong>quam</strong></span> <span class='ocrx_word' id='word_1_165' title='bbox 1442 2615 1587 2695; x_wconf 90' lang='lat' dir='ltr'><strong>insubri,</strong></span> <span class='ocrx_word' id='word_1_166' title='bbox 1603 2615 1674 2678; x_wconf 83' lang='lat' dir='ltr'><strong>tdm</strong></span> <span class='ocrx_word' id='word_1_167' title='bbox 1689 2616 1828 2696; x_wconf 84' lang='lat' dir='ltr'><strong>Cisalpi-</strong></span> 
     </span>
     <span class='ocr_line' id='line_1_19' title="bbox 287 2716 1830 2803; baseline -0.002 -18"><span class='ocrx_word' id='word_1_168' title='bbox 287 2726 388 2802; x_wconf 91' lang='lat' dir='ltr'><strong>tacta,</strong></span> <span class='ocrx_word' id='word_1_169' title='bbox 410 2725 486 2803; x_wconf 89' lang='lat' dir='ltr'><strong>post</strong></span> <span class='ocrx_word' id='word_1_170' title='bbox 503 2725 553 2784; x_wconf 87' lang='lat' dir='ltr'><strong>tot</strong></span> <span class='ocrx_word' id='word_1_171' title='bbox 568 2721 652 2784; x_wconf 89' lang='lat' dir='ltr'><strong>alios</strong></span> <span class='ocrx_word' id='word_1_172' title='bbox 673 2727 707 2784; x_wconf 92' lang='lat' dir='ltr'><strong>et</strong></span> <span class='ocrx_word' id='word_1_173' title='bbox 725 2721 1032 2802; x_wconf 71' lang='lat' dir='ltr'><strong>praestantissimos,</strong></span> <span class='ocrx_word' id='word_1_174' title='bbox 1077 2716 1114 2778; x_wconf 96' lang='lat' dir='ltr'><strong>ni</strong></span> <span class='ocrx_word' id='word_1_175' title='bbox 1130 2733 1233 2796; x_wconf 88' lang='lat' dir='ltr'><strong>quam</strong></span> <span class='ocrx_word' id='word_1_176' title='bbox 1249 2719 1461 2800; x_wconf 80' lang='lat' dir='ltr'><strong>Transalpini</strong></span> <span class='ocrx_word' id='word_1_177' title='bbox 1478 2720 1567 2784; x_wconf 87' lang='lat' dir='ltr'><strong>Galli</strong></span> <span class='ocrx_word' id='word_1_178' title='bbox 1584 2736 1652 2782; x_wconf 92' lang='lat' dir='ltr'><strong>uno</strong></span> <span class='ocrx_word' id='word_1_179' title='bbox 1668 2736 1724 2782; x_wconf 89' lang='lat' dir='ltr'><strong>ore</strong></span> <span class='ocrx_word' id='word_1_180' title='bbox 1741 2719 1830 2782; x_wconf 92' lang='lat' dir='ltr'><strong>idem</strong></span> 
     </span>
     <span class='ocr_line' id='line_1_20' title="bbox 286 2821 1828 2908; baseline -0.003 -18"><span class='ocrx_word' id='word_1_181' title='bbox 286 2827 371 2890; x_wconf 91' lang='lat' dir='ltr'><strong>mihi</strong></span> <span class='ocrx_word' id='word_1_182' title='bbox 395 2826 547 2889; x_wconf 91' lang='lat' dir='ltr'><strong>omnium</strong></span> <span class='ocrx_word' id='word_1_183' title='bbox 571 2826 691 2888; x_wconf 92' lang='lat' dir='ltr'><strong>ultimo</strong></span> <span class='ocrx_word' id='word_1_184' title='bbox 714 2825 832 2888; x_wconf 87' lang='lat' dir='ltr'><strong>relicta</strong></span> <span class='ocrx_word' id='word_1_185' title='bbox 851 2823 965 2905; x_wconf 80' lang='lat' dir='ltr'><strong>fuerit,</strong></span> <span class='ocrx_word' id='word_1_186' title='bbox 981 2826 1033 2888; x_wconf 94' lang='lat' dir='ltr'><strong>uti</strong></span> <span class='ocrx_word' id='word_1_187' title='bbox 1077 2821 1248 2883; x_wconf 86' lang='lat' dir='ltr'><strong>canticum</strong></span> <span class='ocrx_word' id='word_1_188' title='bbox 1283 2821 1552 2908; x_wconf 81' lang='lat' dir='ltr'><strong>frequentabant.</strong></span> <span class='ocrx_word' id='word_1_189' title='bbox 1585 2822 1671 2899; x_wconf 87' lang='lat' dir='ltr'><strong>Quid</strong></span> <span class='ocrx_word' id='word_1_190' title='bbox 1704 2823 1733 2887; x_wconf 91' lang='lat' dir='ltr'><strong>si</strong></span> <span class='ocrx_word' id='word_1_191' title='bbox 1756 2822 1828 2903; x_wconf 88' lang='lat' dir='ltr'><strong>jam</strong></span> 
     </span>
     <span class='ocr_line' id='line_1_21' title="bbox 285 2927 1829 3009; baseline -0.002 -17"><span class='ocrx_word' id='word_1_192' title='bbox 285 2931 455 3009; x_wconf 88' lang='lat' dir='ltr'><strong>universa,</strong></span> <span class='ocrx_word' id='word_1_193' title='bbox 479 2945 589 3009; x_wconf 92' lang='lat' dir='ltr'><strong>neque</strong></span> <span class='ocrx_word' id='word_1_194' title='bbox 604 2946 686 2992; x_wconf 87' lang='lat' dir='ltr'><strong>sane</strong></span> <span class='ocrx_word' id='word_1_195' title='bbox 709 2929 846 3008; x_wconf 84' lang='lat' dir='ltr'><strong>exigua,</strong></span> <span class='ocrx_word' id='word_1_196' title='bbox 876 2930 1034 3007; x_wconf 89' lang='lat' dir='ltr'><strong>Origenis</strong></span> <span class='ocrx_word' id='word_1_197' title='bbox 1078 2928 1267 3006; x_wconf 85' lang='lat' dir='ltr'><strong>martyrum</strong></span> <span class='ocrx_word' id='word_1_198' title='bbox 1276 2927 1312 2988; x_wconf 93' lang='lat' dir='ltr'><strong>in</strong></span> <span class='ocrx_word' id='word_1_199' title='bbox 1322 2943 1404 3006; x_wconf 70' lang='lat' dir='ltr'><strong>aevo,</strong></span> <span class='ocrx_word' id='word_1_200' title='bbox 1412 2929 1576 3006; x_wconf 88' lang='lat' dir='ltr'><strong>Origenes</strong></span> <span class='ocrx_word' id='word_1_201' title='bbox 1585 2928 1716 2991; x_wconf 88' lang='lat' dir='ltr'><strong>audivit</strong></span> <span class='ocrx_word' id='word_1_202' title='bbox 1727 2944 1829 3006; x_wconf 89' lang='lat' dir='ltr'><strong>grau·</strong></span> 
     </span>
     <span class='ocr_line' id='line_1_22' title="bbox 285 3027 1828 3115; baseline -0.001 -20"><span class='ocrx_word' id='word_1_203' title='bbox 285 3033 321 3096; x_wconf 92' lang='lat' dir='ltr'><strong>in</strong></span> <span class='ocrx_word' id='word_1_204' title='bbox 337 3050 448 3097; x_wconf 90' lang='lat' dir='ltr'><strong>sacros</strong></span> <span class='ocrx_word' id='word_1_205' title='bbox 463 3033 567 3096; x_wconf 90' lang='lat' dir='ltr'><strong>libros</strong></span> <span class='ocrx_word' id='word_1_206' title='bbox 583 3033 906 3096; x_wconf 84' lang='lat' dir='ltr'><strong>commentationum</strong></span> <span class='ocrx_word' id='word_1_207' title='bbox 922 3035 1034 3115; x_wconf 90' lang='lat' dir='ltr'><strong>supel-</strong></span> <span class='ocrx_word' id='word_1_208' title='bbox 1078 3027 1119 3091; x_wconf 91' lang='lat' dir='ltr'><strong>de</strong></span> <span class='ocrx_word' id='word_1_209' title='bbox 1130 3029 1216 3092; x_wconf 93' lang='lat' dir='ltr'><strong>illud</strong></span> <span class='ocrx_word' id='word_1_210' title='bbox 1227 3036 1289 3092; x_wconf 82' lang='grc' dir='ltr'><strong>τῶν</strong></span> <span class='ocrx_word' id='word_1_211' title='bbox 1301 3037 1475 3113; x_wconf 69' lang='lat' dir='ltr'><strong>propropter</strong></span> <span class='ocrx_word' id='word_1_212' title='bbox 1482 3033 1697 3113; x_wconf 71' lang='lat' dir='ltr'><strong>praeconium,</strong></span> <span class='ocrx_word' id='word_1_213' title='bbox 1707 3031 1743 3094; x_wconf 91' lang='lat' dir='ltr'><strong>in</strong></span> <span class='ocrx_word' id='word_1_214' title='bbox 1752 3032 1828 3094; x_wconf 83' lang='lat' dir='ltr'><strong>Ale·</strong></span> 
     </span>
     <span class='ocr_line' id='line_1_23' title="bbox 287 3134 1827 3215; baseline -0.003 -15"><span class='ocrx_word' id='word_1_215' title='bbox 287 3138 343 3200; x_wconf 88' lang='lat' dir='ltr'><strong>lex</strong></span> <span class='ocrx_word' id='word_1_216' title='bbox 360 3155 377 3200; x_wconf 92' lang='lat' dir='ltr'><strong>e</strong></span> <span class='ocrx_word' id='word_1_217' title='bbox 390 3138 539 3200; x_wconf 85' lang='lat' dir='ltr'><strong>tenebris</strong></span> <span class='ocrx_word' id='word_1_218' title='bbox 554 3136 713 3200; x_wconf 89' lang='lat' dir='ltr'><strong>eruenda.</strong></span> <span class='ocrx_word' id='word_1_219' title='bbox 1078 3134 1373 3214; x_wconf 82' lang='lat' dir='ltr'><strong>xandrinostadio,</strong></span> <span class='ocrx_word' id='word_1_220' title='bbox 1386 3135 1588 3212; x_wconf 87' lang='lat' dir='ltr'><strong>interroges</strong></span> <span class='ocrx_word' id='word_1_221' title='bbox 1600 3139 1633 3198; x_wconf 90' lang='lat' dir='ltr'><strong>et</strong></span> <span class='ocrx_word' id='word_1_222' title='bbox 1645 3135 1827 3215; x_wconf 74' lang='lat' dir='ltr'><strong>aquuleos,</strong></span> 
     </span>
    </p>

    <p class='ocr_par' dir='ltr' id='par_1_8' title="bbox 330 3237 1679 3324">
     <span class='ocr_line' id='line_1_24' title="bbox 330 3237 1679 3324; baseline -0.004 -18"><span class='ocrx_word' id='word_1_223' title='bbox 330 3242 500 3324; x_wconf 78' lang='lat' dir='ltr'><strong>suspicari</strong></span> <span class='ocrx_word' id='word_1_224' title='bbox 511 3242 603 3305; x_wconf 90' lang='lat' dir='ltr'><strong>haud</strong></span> <span class='ocrx_word' id='word_1_225' title='bbox 618 3243 771 3323; x_wconf 92' lang='lat' dir='ltr'><strong>ineptum</strong></span> <span class='ocrx_word' id='word_1_226' title='bbox 788 3245 847 3321; x_wconf 87' lang='lat' dir='ltr'><strong>est,</strong></span> <span class='ocrx_word' id='word_1_227' title='bbox 859 3242 1034 3322; x_wconf 86' lang='lat' dir='ltr'><strong>integrum</strong></span> <span class='ocrx_word' id='word_1_228' title='bbox 1079 3237 1255 3300; x_wconf 85' lang='lat' dir='ltr'><strong>intereras</strong></span> <span class='ocrx_word' id='word_1_229' title='bbox 1270 3242 1304 3300; x_wconf 90' lang='lat' dir='ltr'><strong>et</strong></span> <span class='ocrx_word' id='word_1_230' title='bbox 1316 3239 1448 3318; x_wconf 84' lang='lat' dir='ltr'><strong>altaria,</strong></span> <span class='ocrx_word' id='word_1_231' title='bbox 1464 3240 1679 3302; x_wconf 76' lang='lat' dir='ltr'><strong>insonuisse?</strong></span> 
     </span>
    </p>

    <p class='ocr_par' dir='ltr' id='par_1_9' title="bbox 283 3341 1836 4780">
     <span class='ocr_line' id='line_1_25' title="bbox 287 3341 1833 3430; baseline -0.005 -19"><span class='ocrx_word' id='word_1_232' title='bbox 287 3365 372 3430; x_wconf 91' lang='lat' dir='ltr'><strong>opus</strong></span> <span class='ocrx_word' id='word_1_233' title='bbox 401 3347 646 3424; x_wconf 89' lang='lat' dir='ltr'><strong>Origenianum</strong></span> <span class='ocrx_word' id='word_1_234' title='bbox 671 3346 706 3408; x_wconf 92' lang='lat' dir='ltr'><strong>in</strong></span> <span class='ocrx_word' id='word_1_235' title='bbox 733 3345 903 3427; x_wconf 91' lang='lat' dir='ltr'><strong>psalmum</strong></span> <span class='ocrx_word' id='word_1_236' title='bbox 926 3361 1035 3408; x_wconf 77' lang='lat' dir='ltr'><strong>oxum</strong></span> <span class='ocrx_word' id='word_1_237' title='bbox 1123 3343 1260 3406; x_wconf 87' lang='lat' dir='ltr'><strong>Utinam</strong></span> <span class='ocrx_word' id='word_1_238' title='bbox 1287 3347 1419 3406; x_wconf 87' lang='lat' dir='ltr'><strong>veteres</strong></span> <span class='ocrx_word' id='word_1_239' title='bbox 1444 3343 1677 3406; x_wconf 88' lang='lat' dir='ltr'><strong>consenserint</strong></span> <span class='ocrx_word' id='word_1_240' title='bbox 1700 3343 1736 3404; x_wconf 93' lang='lat' dir='ltr'><strong>in</strong></span> <span class='ocrx_word' id='word_1_241' title='bbox 1763 3341 1833 3404; x_wconf 83' lang='lat' dir='ltr'><strong>exi·</strong></span> 
     </span>
     <span class='ocr_line' id='line_1_26' title="bbox 286 3446 1834 3533; baseline -0.005 -17"><span class='ocrx_word' id='word_1_242' title='bbox 286 3453 479 3533; x_wconf 87' lang='lat' dir='ltr'><strong>pervenisse</strong></span> <span class='ocrx_word' id='word_1_243' title='bbox 490 3457 564 3514; x_wconf 95' lang='lat' dir='ltr'><strong>tum</strong></span> <span class='ocrx_word' id='word_1_244' title='bbox 578 3450 619 3513; x_wconf 89' lang='lat' dir='ltr'><strong>ad</strong></span> <span class='ocrx_word' id='word_1_245' title='bbox 632 3450 846 3514; x_wconf 84' lang='lat' dir='ltr'><strong>Ambrosium</strong></span> <span class='ocrx_word' id='word_1_246' title='bbox 859 3467 937 3512; x_wconf 91' lang='lat' dir='ltr'><strong>cum</strong></span> <span class='ocrx_word' id='word_1_247' title='bbox 949 3451 1036 3513; x_wconf 93' lang='lat' dir='ltr'><strong>mul·</strong></span> <span class='ocrx_word' id='word_1_248' title='bbox 1079 3446 1183 3509; x_wconf 90' lang='lat' dir='ltr'><strong>miam</strong></span> <span class='ocrx_word' id='word_1_249' title='bbox 1195 3447 1392 3510; x_wconf 89' lang='lat' dir='ltr'><strong>Bellarmini</strong></span> <span class='ocrx_word' id='word_1_250' title='bbox 1405 3446 1765 3525; x_wconf 74' lang='lat' dir='ltr'><strong>sententiamscilicet,</strong></span> <span class='ocrx_word' id='word_1_251' title='bbox 1778 3461 1834 3526; x_wconf 90' lang='lat' dir='ltr'><strong>pe·</strong></span> 
     </span>
     <span class='ocr_line' id='line_1_27' title="bbox 285 3549 1833 3634; baseline -0.005 -15"><span class='ocrx_word' id='word_1_252' title='bbox 285 3557 330 3620; x_wconf 84' lang='lat' dir='ltr'><strong>tis</strong></span> <span class='ocrx_word' id='word_1_253' title='bbox 342 3557 480 3620; x_wconf 82' lang='lat' dir='ltr'><strong>Graeciae</strong></span> <span class='ocrx_word' id='word_1_254' title='bbox 493 3561 526 3618; x_wconf 91' lang='lat' dir='ltr'><strong>et</strong></span> <span class='ocrx_word' id='word_1_255' title='bbox 538 3556 759 3618; x_wconf 89' lang='lat' dir='ltr'><strong>Orientalium</strong></span> <span class='ocrx_word' id='word_1_256' title='bbox 781 3555 975 3634; x_wconf 68' lang='lat' dir='ltr'><strong>geniatum</strong></span> <span class='ocrx_word' id='word_1_257' title='bbox 993 3555 1035 3618; x_wconf 90' lang='lat' dir='ltr'><strong>ad</strong></span> <span class='ocrx_word' id='word_1_258' title='bbox 1079 3549 1175 3613; x_wconf 89' lang='lat' dir='ltr'><strong>riude</strong></span> <span class='ocrx_word' id='word_1_259' title='bbox 1205 3567 1245 3613; x_wconf 89' lang='lat' dir='ltr'><strong>ac</strong></span> <span class='ocrx_word' id='word_1_260' title='bbox 1275 3550 1469 3630; x_wconf 88' lang='lat' dir='ltr'><strong>quindecim</strong></span> <span class='ocrx_word' id='word_1_261' title='bbox 1499 3553 1679 3630; x_wconf 88' lang='lat' dir='ltr'><strong>sequentes</strong></span> <span class='ocrx_word' id='word_1_262' title='bbox 1709 3549 1833 3631; x_wconf 88' lang='lat' dir='ltr'><strong>psalmi</strong></span> 
     </span>
     <span class='ocr_line' id='line_1_28' title="bbox 289 3652 1831 3739; baseline -0.005 -16"><span class='ocrx_word' id='word_1_263' title='bbox 289 3661 457 3723; x_wconf 88' lang='lat' dir='ltr'><strong>Hilarium</strong></span> <span class='ocrx_word' id='word_1_264' title='bbox 485 3664 649 3738; x_wconf 91' lang='lat' dir='ltr'><strong>nostrum,</strong></span> <span class='ocrx_word' id='word_1_265' title='bbox 666 3659 725 3739; x_wconf 92' lang='lat' dir='ltr'><strong>qui</strong></span> <span class='ocrx_word' id='word_1_266' title='bbox 740 3658 783 3720; x_wconf 86' lang='lat' dir='ltr'><strong>ab</strong></span> <span class='ocrx_word' id='word_1_267' title='bbox 799 3658 901 3721; x_wconf 82' lang='lat' dir='ltr'><strong>exilio</strong></span> <span class='ocrx_word' id='word_1_268' title='bbox 928 3659 1036 3722; x_wconf 84' lang='lat' dir='ltr'><strong>redux</strong></span> <span class='ocrx_word' id='word_1_269' title='bbox 1079 3654 1250 3732; x_wconf 82' lang='lat' dir='ltr'><strong>graduum</strong></span> <span class='ocrx_word' id='word_1_270' title='bbox 1269 3654 1410 3718; x_wconf 92' lang='lat' dir='ltr'><strong>totidem</strong></span> <span class='ocrx_word' id='word_1_271' title='bbox 1433 3658 1514 3718; x_wconf 89' lang='lat' dir='ltr'><strong>sunt</strong></span> <span class='ocrx_word' id='word_1_272' title='bbox 1527 3655 1689 3718; x_wconf 88' lang='lat' dir='ltr'><strong>stationes</strong></span> <span class='ocrx_word' id='word_1_273' title='bbox 1705 3655 1742 3717; x_wconf 91' lang='lat' dir='ltr'><strong>iu</strong></span> <span class='ocrx_word' id='word_1_274' title='bbox 1763 3652 1831 3716; x_wconf 88' lang='lat' dir='ltr'><strong>sin-</strong></span> 
     </span>
     <span class='ocr_line' id='line_1_29' title="bbox 288 3758 1833 3844; baseline -0.004 -18"><span class='ocrx_word' id='word_1_275' title='bbox 288 3767 322 3826; x_wconf 89' lang='lat' dir='ltr'><strong>et</strong></span> <span class='ocrx_word' id='word_1_276' title='bbox 337 3780 451 3842; x_wconf 85' lang='lat' dir='ltr'><strong>ovans,</strong></span> <span class='ocrx_word' id='word_1_277' title='bbox 466 3761 539 3825; x_wconf 84' lang='lat' dir='ltr'><strong>haec</strong></span> <span class='ocrx_word' id='word_1_278' title='bbox 554 3763 666 3844; x_wconf 90' lang='lat' dir='ltr'><strong>opima</strong></span> <span class='ocrx_word' id='word_1_279' title='bbox 681 3779 797 3825; x_wconf 87' lang='lat' dir='ltr'><strong>secum</strong></span> <span class='ocrx_word' id='word_1_280' title='bbox 812 3763 921 3842; x_wconf 88' lang='lat' dir='ltr'><strong>spolia</strong></span> <span class='ocrx_word' id='word_1_281' title='bbox 936 3762 1034 3827; x_wconf 86' lang='lat' dir='ltr'><strong>facile</strong></span> <span class='ocrx_word' id='word_1_282' title='bbox 1080 3759 1173 3835; x_wconf 71' lang='lat' dir='ltr'><strong>gallis</strong></span> <span class='ocrx_word' id='word_1_283' title='bbox 1187 3761 1266 3822; x_wconf 90' lang='lat' dir='ltr'><strong>atrii</strong></span> <span class='ocrx_word' id='word_1_284' title='bbox 1281 3758 1445 3838; x_wconf 82' lang='lat' dir='ltr'><strong>gradibus</strong></span> <span class='ocrx_word' id='word_1_285' title='bbox 1456 3759 1715 3822; x_wconf 87' lang='lat' dir='ltr'><strong>consistentium</strong></span> <span class='ocrx_word' id='word_1_286' title='bbox 1727 3760 1833 3821; x_wconf 86' lang='lat' dir='ltr'><strong>Israe-</strong></span> 
     </span>
     <span class='ocr_line' id='line_1_30' title="bbox 286 3862 1832 3946; baseline -0.001 -19"><span class='ocrx_word' id='word_1_287' title='bbox 286 3866 524 3946; x_wconf 82' lang='lat' dir='ltr'><strong>reportaverit:</strong></span> <span class='ocrx_word' id='word_1_288' title='bbox 536 3869 610 3928; x_wconf 89' lang='lat' dir='ltr'><strong>tum</strong></span> <span class='ocrx_word' id='word_1_289' title='bbox 624 3865 726 3928; x_wconf 91' lang='lat' dir='ltr'><strong>etiam</strong></span> <span class='ocrx_word' id='word_1_290' title='bbox 739 3863 912 3944; x_wconf 92' lang='lat' dir='ltr'><strong>ambobus,</strong></span> <span class='ocrx_word' id='word_1_291' title='bbox 926 3865 962 3929; x_wconf 92' lang='lat' dir='ltr'><strong>in</strong></span> <span class='ocrx_word' id='word_1_292' title='bbox 973 3867 1035 3930; x_wconf 90' lang='lat' dir='ltr'><strong>hos</strong></span> <span class='ocrx_word' id='word_1_293' title='bbox 1078 3863 1227 3941; x_wconf 88' lang='lat' dir='ltr'><strong>litarum,</strong></span> <span class='ocrx_word' id='word_1_294' title='bbox 1252 3864 1452 3941; x_wconf 89' lang='lat' dir='ltr'><strong>augustiora</strong></span> <span class='ocrx_word' id='word_1_295' title='bbox 1468 3862 1553 3926; x_wconf 85' lang='lat' dir='ltr'><strong>festa</strong></span> <span class='ocrx_word' id='word_1_296' title='bbox 1569 3863 1832 3936; x_wconf 81' lang='lat' dir='ltr'><strong>celebrantium3</strong></span> 
     </span>
     <span class='ocr_line' id='line_1_31' title="bbox 286 3967 1834 4049; baseline -0.001 -19"><span class='ocrx_word' id='word_1_297' title='bbox 286 3967 463 4032; x_wconf 89' lang='lat' dir='ltr'><strong>thesauros</strong></span> <span class='ocrx_word' id='word_1_298' title='bbox 479 3968 707 4032; x_wconf 89' lang='lat' dir='ltr'><strong>incidentibus</strong></span> <span class='ocrx_word' id='word_1_299' title='bbox 722 3967 875 4030; x_wconf 89' lang='lat' dir='ltr'><strong>eamdem</strong></span> <span class='ocrx_word' id='word_1_300' title='bbox 892 3969 1036 4034; x_wconf 89' lang='lat' dir='ltr'><strong>subiisse</strong></span> <span class='ocrx_word' id='word_1_301' title='bbox 1080 3967 1362 4049; x_wconf 88' lang='lat' dir='ltr'><strong>quemadmodum</strong></span> <span class='ocrx_word' id='word_1_302' title='bbox 1378 3968 1491 4048; x_wconf 90' lang='lat' dir='ltr'><strong>etiam,</strong></span> <span class='ocrx_word' id='word_1_303' title='bbox 1507 3969 1536 4031; x_wconf 87' lang='lat' dir='ltr'><strong>si</strong></span> <span class='ocrx_word' id='word_1_304' title='bbox 1556 3967 1697 4046; x_wconf 89' lang='lat' dir='ltr'><strong>Origeni</strong></span> <span class='ocrx_word' id='word_1_305' title='bbox 1719 3971 1834 4030; x_wconf 88' lang='lat' dir='ltr'><strong>nostro</strong></span> 
     </span>
     <span class='ocr_line' id='line_1_32' title="bbox 287 4065 1836 4153; baseline -0.003 -18"><span class='ocrx_word' id='word_1_306' title='bbox 287 4074 547 4153; x_wconf 76' lang='lat' dir='ltr'><strong>aemulationem,</strong></span> <span class='ocrx_word' id='word_1_307' title='bbox 570 4073 630 4136; x_wconf 90' lang='lat' dir='ltr'><strong>sed</strong></span> <span class='ocrx_word' id='word_1_308' title='bbox 655 4071 806 4134; x_wconf 87' lang='lat' dir='ltr'><strong>dilatatis</strong></span> <span class='ocrx_word' id='word_1_309' title='bbox 839 4069 1036 4135; x_wconf 86' lang='lat' dir='ltr'><strong>robustiori·</strong></span> <span class='ocrx_word' id='word_1_310' title='bbox 1079 4065 1211 4150; x_wconf 72' lang='lat' dir='ltr'><strong>fides2l,</strong></span> <span class='ocrx_word' id='word_1_311' title='bbox 1229 4071 1344 4134; x_wconf 90' lang='lat' dir='ltr'><strong>eadem</strong></span> <span class='ocrx_word' id='word_1_312' title='bbox 1363 4087 1411 4133; x_wconf 86' lang='lat' dir='ltr'><strong>xv</strong></span> <span class='ocrx_word' id='word_1_313' title='bbox 1433 4072 1566 4134; x_wconf 89' lang='lat' dir='ltr'><strong>cantica</strong></span> <span class='ocrx_word' id='word_1_314' title='bbox 1588 4070 1729 4133; x_wconf 89' lang='lat' dir='ltr'><strong>totidem</strong></span> <span class='ocrx_word' id='word_1_315' title='bbox 1753 4071 1836 4132; x_wconf 87' lang='lat' dir='ltr'><strong>sunt</strong></span> 
     </span>
     <span class='ocr_line' id='line_1_33' title="bbox 286 4173 1833 4256; baseline -0.005 -15"><span class='ocrx_word' id='word_1_316' title='bbox 286 4177 351 4242; x_wconf 91' lang='lat' dir='ltr'><strong>bus</strong></span> <span class='ocrx_word' id='word_1_317' title='bbox 374 4177 519 4256; x_wconf 89' lang='lat' dir='ltr'><strong>lacertis,</strong></span> <span class='ocrx_word' id='word_1_318' title='bbox 545 4174 634 4238; x_wconf 94' lang='lat' dir='ltr'><strong>idem</strong></span> <span class='ocrx_word' id='word_1_319' title='bbox 661 4192 782 4239; x_wconf 80' lang='lat' dir='ltr'><strong>saxum</strong></span> <span class='ocrx_word' id='word_1_320' title='bbox 808 4174 977 4256; x_wconf 85' lang='lat' dir='ltr'><strong>volvendi,</strong></span> <span class='ocrx_word' id='word_1_321' title='bbox 992 4177 1036 4240; x_wconf 90' lang='lat' dir='ltr'><strong>si·</strong></span> <span class='ocrx_word' id='word_1_322' title='bbox 1079 4177 1188 4238; x_wconf 89' lang='lat' dir='ltr'><strong>stadia</strong></span> <span class='ocrx_word' id='word_1_323' title='bbox 1210 4175 1358 4238; x_wconf 88' lang='lat' dir='ltr'><strong>militum</strong></span> <span class='ocrx_word' id='word_1_324' title='bbox 1381 4174 1424 4237; x_wconf 92' lang='lat' dir='ltr'><strong>ab</strong></span> <span class='ocrx_word' id='word_1_325' title='bbox 1439 4176 1511 4237; x_wconf 92' lang='lat' dir='ltr'><strong>acie</strong></span> <span class='ocrx_word' id='word_1_326' title='bbox 1526 4173 1759 4237; x_wconf 89' lang='lat' dir='ltr'><strong>redeuntium:</strong></span> <span class='ocrx_word' id='word_1_327' title='bbox 1783 4173 1833 4234; x_wconf 81' lang='lat' dir='ltr'><strong>ita</strong></span> 
     </span>
     <span class='ocr_line' id='line_1_34' title="bbox 285 4278 1832 4362; baseline -0.003 -18"><span class='ocrx_word' id='word_1_328' title='bbox 285 4282 469 4362; x_wconf 89' lang='lat' dir='ltr'><strong>milemque</strong></span> <span class='ocrx_word' id='word_1_329' title='bbox 507 4280 665 4343; x_wconf 85' lang='lat' dir='ltr'><strong>exerendi</strong></span> <span class='ocrx_word' id='word_1_330' title='bbox 707 4280 743 4342; x_wconf 94' lang='lat' dir='ltr'><strong>in</strong></span> <span class='ocrx_word' id='word_1_331' title='bbox 786 4279 1035 4360; x_wconf 87' lang='lat' dir='ltr'><strong>amplissimum</strong></span> <span class='ocrx_word' id='word_1_332' title='bbox 1079 4281 1229 4360; x_wconf 90' lang='lat' dir='ltr'><strong>psalmus</strong></span> <span class='ocrx_word' id='word_1_333' title='bbox 1240 4295 1358 4357; x_wconf 83' lang='lat' dir='ltr'><strong>cxvur,</strong></span> <span class='ocrx_word' id='word_1_334' title='bbox 1371 4279 1664 4359; x_wconf 86' lang='lat' dir='ltr'><strong>peregrinantium</strong></span> <span class='ocrx_word' id='word_1_335' title='bbox 1677 4278 1743 4340; x_wconf 89' lang='lat' dir='ltr'><strong>erit</strong></span> <span class='ocrx_word' id='word_1_336' title='bbox 1754 4293 1832 4339; x_wconf 90' lang='lat' dir='ltr'><strong>can·</strong></span> 
     </span>
     <span class='ocr_line' id='line_1_35' title="bbox 285 4379 1835 4468; baseline -0.005 -19"><span class='ocrx_word' id='word_1_337' title='bbox 285 4388 454 4468; x_wconf 89' lang='lat' dir='ltr'><strong>psalmum</strong></span> <span class='ocrx_word' id='word_1_338' title='bbox 468 4385 639 4467; x_wconf 91' lang='lat' dir='ltr'><strong>publicam</strong></span> <span class='ocrx_word' id='word_1_339' title='bbox 652 4384 927 4466; x_wconf 87' lang='lat' dir='ltr'><strong>disputationem.</strong></span> <span class='ocrx_word' id='word_1_340' title='bbox 942 4384 1036 4448; x_wconf 91' lang='lat' dir='ltr'><strong>Unde</strong></span> <span class='ocrx_word' id='word_1_341' title='bbox 1080 4384 1196 4463; x_wconf 89' lang='lat' dir='ltr'><strong>ticum,</strong></span> <span class='ocrx_word' id='word_1_342' title='bbox 1219 4400 1278 4464; x_wconf 90' lang='lat' dir='ltr'><strong>per</strong></span> <span class='ocrx_word' id='word_1_343' title='bbox 1294 4383 1376 4461; x_wconf 89' lang='lat' dir='ltr'><strong>vias,</strong></span> <span class='ocrx_word' id='word_1_344' title='bbox 1393 4383 1516 4465; x_wconf 87' lang='lat' dir='ltr'><strong>sylvas,</strong></span> <span class='ocrx_word' id='word_1_345' title='bbox 1534 4385 1567 4444; x_wconf 88' lang='lat' dir='ltr'><strong>et</strong></span> <span class='ocrx_word' id='word_1_346' title='bbox 1581 4382 1729 4463; x_wconf 88' lang='lat' dir='ltr'><strong>compita</strong></span> <span class='ocrx_word' id='word_1_347' title='bbox 1751 4379 1835 4443; x_wconf 92' lang='lat' dir='ltr'><strong>reci-</strong></span> 
     </span>
     <span class='ocr_line' id='line_1_36' title="bbox 289 4486 1833 4572; baseline -0.003 -20"><span class='ocrx_word' id='word_1_348' title='bbox 289 4494 517 4572; x_wconf 92' lang='lat' dir='ltr'><strong>opportunum</strong></span> <span class='ocrx_word' id='word_1_349' title='bbox 533 4488 703 4568; x_wconf 87' lang='lat' dir='ltr'><strong>duximus,</strong></span> <span class='ocrx_word' id='word_1_350' title='bbox 720 4488 852 4569; x_wconf 89' lang='lat' dir='ltr'><strong>quoties</strong></span> <span class='ocrx_word' id='word_1_351' title='bbox 865 4492 979 4550; x_wconf 90' lang='lat' dir='ltr'><strong>nostra</strong></span> <span class='ocrx_word' id='word_1_352' title='bbox 994 4489 1037 4552; x_wconf 90' lang='lat' dir='ltr'><strong>ab</strong></span> <span class='ocrx_word' id='word_1_353' title='bbox 1079 4491 1199 4566; x_wconf 90' lang='lat' dir='ltr'><strong>tatum,</strong></span> <span class='ocrx_word' id='word_1_354' title='bbox 1215 4487 1350 4568; x_wconf 91' lang='lat' dir='ltr'><strong>quando</strong></span> <span class='ocrx_word' id='word_1_355' title='bbox 1360 4491 1413 4549; x_wconf 91' lang='lat' dir='ltr'><strong>ter</strong></span> <span class='ocrx_word' id='word_1_356' title='bbox 1428 4487 1465 4549; x_wconf 92' lang='lat' dir='ltr'><strong>iu</strong></span> <span class='ocrx_word' id='word_1_357' title='bbox 1476 4503 1564 4548; x_wconf 90' lang='lat' dir='ltr'><strong>auno</strong></span> <span class='ocrx_word' id='word_1_358' title='bbox 1577 4503 1618 4548; x_wconf 88' lang='lat' dir='ltr'><strong>ex</strong></span> <span class='ocrx_word' id='word_1_359' title='bbox 1631 4486 1723 4552; x_wconf 92' lang='lat' dir='ltr'><strong>omni</strong></span> <span class='ocrx_word' id='word_1_360' title='bbox 1738 4489 1833 4567; x_wconf 89' lang='lat' dir='ltr'><strong>parta</strong></span> 
     </span>
     <span class='ocr_line' id='line_1_37' title="bbox 287 4589 1831 4676; baseline -0.005 -17"><span class='ocrx_word' id='word_1_361' title='bbox 287 4600 434 4676; x_wconf 88' lang='lat' dir='ltr'><strong>utroque</strong></span> <span class='ocrx_word' id='word_1_362' title='bbox 450 4609 582 4657; x_wconf 93' lang='lat' dir='ltr'><strong>summo</strong></span> <span class='ocrx_word' id='word_1_363' title='bbox 601 4593 786 4673; x_wconf 89' lang='lat' dir='ltr'><strong>interprete</strong></span> <span class='ocrx_word' id='word_1_364' title='bbox 802 4589 920 4654; x_wconf 84' lang='lat' dir='ltr'><strong>referri</strong></span> <span class='ocrx_word' id='word_1_365' title='bbox 945 4591 1038 4654; x_wconf 87' lang='lat' dir='ltr'><strong>vide·</strong></span> <span class='ocrx_word' id='word_1_366' title='bbox 1080 4590 1208 4655; x_wconf 83' lang='lat' dir='ltr'><strong>Judaeae</strong></span> <span class='ocrx_word' id='word_1_367' title='bbox 1229 4592 1302 4655; x_wconf 83' lang='lat' dir='ltr'><strong>sive</strong></span> <span class='ocrx_word' id='word_1_368' title='bbox 1317 4590 1360 4653; x_wconf 94' lang='lat' dir='ltr'><strong>ad</strong></span> <span class='ocrx_word' id='word_1_369' title='bbox 1385 4607 1498 4653; x_wconf 87' lang='lat' dir='ltr'><strong>arcam</strong></span> <span class='ocrx_word' id='word_1_370' title='bbox 1513 4590 1734 4670; x_wconf 88' lang='lat' dir='ltr'><strong>tabernaculi,</strong></span> <span class='ocrx_word' id='word_1_371' title='bbox 1757 4591 1831 4654; x_wconf 88' lang='lat' dir='ltr'><strong>sive</strong></span> 
     </span>
     <span class='ocr_line' id='line_1_38' title="bbox 283 4693 1834 4780; baseline -0.005 -16"><span class='ocrx_word' id='word_1_372' title='bbox 283 4699 418 4780; x_wconf 91' lang='lat' dir='ltr'><strong>bantur,</strong></span> <span class='ocrx_word' id='word_1_373' title='bbox 431 4698 591 4777; x_wconf 80' lang='lat' dir='ltr'><strong>religiose</strong></span> <span class='ocrx_word' id='word_1_374' title='bbox 603 4697 740 4760; x_wconf 92' lang='lat' dir='ltr'><strong>illorum</strong></span> <span class='ocrx_word' id='word_1_375' title='bbox 753 4695 947 4758; x_wconf 90' lang='lat' dir='ltr'><strong>testimonia</strong></span> <span class='ocrx_word' id='word_1_376' title='bbox 959 4695 1038 4759; x_wconf 82' lang='lat' dir='ltr'><strong>sub</strong></span> <span class='ocrx_word' id='word_1_377' title='bbox 1080 4693 1123 4758; x_wconf 91' lang='lat' dir='ltr'><strong>ad</strong></span> <span class='ocrx_word' id='word_1_378' title='bbox 1134 4695 1495 4776; x_wconf 87' lang='lat' dir='ltr'><strong>Salomonistemplum</strong></span> <span class='ocrx_word' id='word_1_379' title='bbox 1504 4693 1760 4758; x_wconf 89' lang='lat' dir='ltr'><strong>concurrebant.</strong></span> <span class='ocrx_word' id='word_1_380' title='bbox 1769 4695 1834 4757; x_wconf 92' lang='lat' dir='ltr'><strong>Im-</strong></span> 
     </span>
    </p>
   </div>
   <div class='ocr_carea' id='block_1_7' title="bbox 278 4912 1836 5259">
    <p class='ocr_par' dir='ltr' id='par_1_10' title="bbox 278 4912 1836 5259">
     <span class='ocr_line' id='line_1_39' title="bbox 318 4912 1836 4990; baseline -0.001 -17.977"><span class='ocrx_word' id='word_1_381' title='bbox 318 4917 346 4990; x_wconf 85' lang='lat'><strong>1)</strong></span> <span class='ocrx_word' id='word_1_382' title='bbox 359 4917 532 4988; x_wconf 67' lang='lat' dir='ltr'><strong>spicilegium</strong></span> <span class='ocrx_word' id='word_1_383' title='bbox 544 4917 657 4972; x_wconf 69' lang='lat' dir='ltr'><strong>Saltem.</strong></span> <span class='ocrx_word' id='word_1_384' title='bbox 670 4920 692 4971; x_wconf 89' lang='lat' dir='ltr'><strong>t.</strong></span> <span class='ocrx_word' id='word_1_385' title='bbox 704 4931 741 4972; x_wconf 89' lang='lat'><strong>111</strong></span> <span class='ocrx_word' id='word_1_386' title='bbox 742 4931 790 4988; x_wconf 88' lang='lat' dir='ltr'><strong>,.p</strong></span> <span class='ocrx_word' id='word_1_387' title='bbox 803 4913 864 4969; x_wconf 81' lang='lat'><strong>311</strong></span> <span class='ocrx_word' id='word_1_388' title='bbox 878 4913 1037 4971; x_wconf 80' lang='lat' dir='ltr'><strong>Particulae</strong></span> <span class='ocrx_word' id='word_1_389' title='bbox 1081 4913 1206 4968; x_wconf 80' lang='lat' dir='ltr'><strong>suimus:</strong></span> <span class='ocrx_word' id='word_1_390' title='bbox 1219 4930 1314 4985; x_wconf 83' lang='lat' dir='ltr'><strong>noque</strong></span> <span class='ocrx_word' id='word_1_391' title='bbox 1324 4915 1413 4970; x_wconf 86' lang='lat' dir='ltr'><strong>etiam</strong></span> <span class='ocrx_word' id='word_1_392' title='bbox 1424 4913 1496 4970; x_wconf 81' lang='lat' dir='ltr'><strong>satis</strong></span> <span class='ocrx_word' id='word_1_393' title='bbox 1506 4913 1624 4972; x_wconf 84' lang='lat' dir='ltr'><strong>videtur</strong></span> <span class='ocrx_word' id='word_1_394' title='bbox 1633 4912 1795 4984; x_wconf 82' lang='lat' dir='ltr'><strong>significari</strong></span> <span class='ocrx_word' id='word_1_395' title='bbox 1804 4913 1836 4970; x_wconf 87' lang='lat' dir='ltr'><strong>in</strong></span> 
     </span>
     <span class='ocr_line' id='line_1_40' title="bbox 278 4999 1835 5075; baseline -0.001 -17"><span class='ocrx_word' id='word_1_396' title='bbox 278 5002 341 5075; x_wconf 84' lang='lat' dir='ltr'><strong>jam</strong></span> <span class='ocrx_word' id='word_1_397' title='bbox 354 5004 441 5060; x_wconf 78' lang='lat' dir='ltr'><strong>editae</strong></span> <span class='ocrx_word' id='word_1_398' title='bbox 453 5003 555 5059; x_wconf 85' lang='lat' dir='ltr'><strong>decrat</strong></span> <span class='ocrx_word' id='word_1_399' title='bbox 567 5001 734 5074; x_wconf 83' lang='lat' dir='ltr'><strong>Oatalogus,</strong></span> <span class='ocrx_word' id='word_1_400' title='bbox 752 5018 802 5072; x_wconf 86' lang='lat' dir='ltr'><strong>qur</strong></span> <span class='ocrx_word' id='word_1_401' title='bbox 793 4999 947 5074; x_wconf 82' lang='lat' dir='ltr'><strong>prolixus</strong></span> <span class='ocrx_word' id='word_1_402' title='bbox 959 4999 1037 5070; x_wconf 91' lang='lat' dir='ltr'><strong>lieet,</strong></span> <span class='ocrx_word' id='word_1_403' title='bbox 1081 4999 1137 5055; x_wconf 88' lang='lat' dir='ltr'><strong>hac</strong></span> <span class='ocrx_word' id='word_1_404' title='bbox 1150 4999 1282 5072; x_wconf 77' lang='lat' dir='ltr'><strong>epistola,</strong></span> <span class='ocrx_word' id='word_1_405' title='bbox 1295 5001 1446 5074; x_wconf 90' lang='lat' dir='ltr'><strong>copiosum</strong></span> <span class='ocrx_word' id='word_1_406' title='bbox 1456 5000 1592 5073; x_wconf 84' lang='lat' dir='ltr'><strong>Origenis</strong></span> <span class='ocrx_word' id='word_1_407' title='bbox 1603 4999 1751 5074; x_wconf 83' lang='lat' dir='ltr'><strong>attriplex</strong></span> <span class='ocrx_word' id='word_1_408' title='bbox 1761 5017 1835 5074; x_wconf 85' lang='lat' dir='ltr'><strong>opus</strong></span> 
     </span>
     <span class='ocr_line' id='line_1_41' title="bbox 283 5085 1285 5160; baseline 0 -16"><span class='ocrx_word' id='word_1_409' title='bbox 283 5088 378 5151; x_wconf 81' lang='lat' dir='ltr'><strong>adhuc</strong></span> <span class='ocrx_word' id='word_1_410' title='bbox 390 5088 511 5145; x_wconf 88' lang='lat' dir='ltr'><strong>mutilus</strong></span> <span class='ocrx_word' id='word_1_411' title='bbox 523 5094 576 5160; x_wconf 82' lang='lat' dir='ltr'><strong>eet,</strong></span> <span class='ocrx_word' id='word_1_412' title='bbox 589 5093 620 5144; x_wconf 91' lang='lat' dir='ltr'><strong>et</strong></span> <span class='ocrx_word' id='word_1_413' title='bbox 631 5087 742 5144; x_wconf 84' lang='lat' dir='ltr'><strong>ctiam</strong></span> <span class='ocrx_word' id='word_1_414' title='bbox 733 5105 765 5142; x_wconf 91' lang='lat' dir='ltr'><strong>m</strong></span> <span class='ocrx_word' id='word_1_415' title='bbox 777 5102 812 5142; x_wconf 86' lang='lat' dir='ltr'><strong>eo</strong></span> <span class='ocrx_word' id='word_1_416' title='bbox 833 5085 1040 5142; x_wconf 82' lang='lat' dir='ltr'><strong>desiderantur</strong></span> <span class='ocrx_word' id='word_1_417' title='bbox 1081 5086 1165 5160; x_wconf 84' lang='lat' dir='ltr'><strong>inps.</strong></span> <span class='ocrx_word' id='word_1_418' title='bbox 1180 5104 1285 5148; x_wconf 80' lang='lat' dir='ltr'><strong>cxvrm</strong></span> 
     </span>
     <span class='ocr_line' id='line_1_42' title="bbox 284 5172 1792 5259; baseline -0.001 -27"><span class='ocrx_word' id='word_1_419' title='bbox 284 5175 389 5232; x_wconf 76' lang='lat' dir='ltr'><strong>saltem</strong></span> <span class='ocrx_word' id='word_1_420' title='bbox 402 5194 467 5238; x_wconf 81' lang='lat' dir='ltr'><strong>xxv</strong></span> <span class='ocrx_word' id='word_1_421' title='bbox 470 5194 583 5259; x_wconf 82' lang='lat' dir='ltr'><strong>opera,</strong></span> <span class='ocrx_word' id='word_1_422' title='bbox 602 5192 668 5247; x_wconf 86' lang='lat' dir='ltr'><strong>quaa</strong></span> <span class='ocrx_word' id='word_1_423' title='bbox 685 5173 795 5230; x_wconf 85' lang='lat' dir='ltr'><strong>ibidem</strong></span> <span class='ocrx_word' id='word_1_424' title='bbox 812 5173 921 5248; x_wconf 85' lang='lat' dir='ltr'><strong>raptim</strong></span> <span class='ocrx_word' id='word_1_425' title='bbox 937 5191 1038 5230; x_wconf 74' lang='lat' dir='ltr'><strong>recem</strong></span> <span class='ocrx_word' id='word_1_426' title='bbox 1115 5175 1144 5246; x_wconf 77' lang='lat'><strong>2)</strong></span> <span class='ocrx_word' id='word_1_427' title='bbox 1157 5172 1201 5228; x_wconf 77' lang='lat' dir='ltr'><strong>ef.</strong></span> <span class='ocrx_word' id='word_1_428' title='bbox 1215 5174 1289 5248; x_wconf 88' lang='lat' dir='ltr'><strong>Opp.</strong></span> <span class='ocrx_word' id='word_1_429' title='bbox 1301 5179 1323 5232; x_wconf 87' lang='lat' dir='ltr'><strong>t.</strong></span> <span class='ocrx_word' id='word_1_430' title='bbox 1334 5192 1367 5248; x_wconf 88' lang='grc' dir='ltr'>ιι,</span> <span class='ocrx_word' id='word_1_431' title='bbox 1380 5175 1435 5232; x_wconf 77' lang='lat' dir='ltr'><strong>col.</strong></span> <span class='ocrx_word' id='word_1_432' title='bbox 1447 5176 1508 5245; x_wconf 84' lang='lat'><strong>818,</strong></span> <span class='ocrx_word' id='word_1_433' title='bbox 1521 5180 1552 5232; x_wconf 83' lang='lat' dir='ltr'><strong>et</strong></span> <span class='ocrx_word' id='word_1_434' title='bbox 1563 5173 1695 5249; x_wconf 77' lang='lat' dir='ltr'><strong>infraps.</strong></span> <span class='ocrx_word' id='word_1_435' title='bbox 1709 5190 1792 5234; x_wconf 81' lang='lat' dir='ltr'><strong>cxlx</strong></span> 
     </span>
    </p>
   </div>
   <div class='ocr_carea' id='block_1_8' title="bbox 0 0 2014 6098">
    <p class='ocr_par' dir='ltr' id='par_1_11' title="bbox 0 0 2014 6098">
     <span class='ocr_line' id='line_1_43' title="bbox 0 0 2014 6098; baseline 0 0"><span class='ocrx_word' id='word_1_436' title='bbox 0 0 2014 6098; x_wconf 95' lang='lat' dir='ltr'><strong> </strong></span> 
     </span>
    </p>
   </div>
  </div>
 </body>
</html>
