4008 6094
784 425 827 486 IN
850 423 1035 488 PSALMOS
1639 431 1680 494 35

138 559 279 642 πράξεως,
303 559 355 626 διὰ
377 568 439 625 τῶν
462 562 675 647 εύαγγελικῦν
698 565 878 650 παραγγελ-
924 585 990 648 que
1005 583 1107 647 super
1122 561 1221 630 baees'
1237 569 1427 647 purissimae
1444 572 1576 634 animm.
1590 571 1676 638 Tum

140 664 435 748 carcinomatum,
448 667 502 730 καὶ
514 665 650 753 βαδίζειν
666 667 804 745 εὐκόλως
819 677 880 734 τῶν
924 670 1044 733 deinde
1059 669 1184 732 direxit
1191 671 1294 750 plana
1312 688 1446 753 ρατιονε
1459 679 1594 755 malros,
1615 693 1673 738 no-

141 766 267 832 ἐντολύν
281 769 337 845 τὰς
353 768 444 846 ὁδούς
459 769 600 855 ἐποίησε,
616 770 720 850 δείξας
734 781 800 849 πῶς
815 774 879 860 χρὴ
924 777 1002 837 strar
1035 774 1199 837 nimirum
1238 775 1391 854 actioniS,
1422 792 1482 856 per
1517 777 1677 840 mandata

140 871 194 954 τὴν
208 870 292 956 ζωην
307 871 436 954 ὁδεύειν,
453 874 533 939 ὥστε
550 877 584 938 τδ
598 875 653 960 μέν
666 877 709 961 μὴ
723 878 881 962 μοιχεύειν
924 877 1133 956 evangelica,
1147 879 1347 958 curavitque
1359 878 1515 942 terendas
1522 885 1676 961 prompto

135 975 301 1060 κατορθοῦν
315 976 351 1042 ἐν
366 987 409 1063 τῷ
426 979 498 1065 μηδ’
513 981 593 1058 δλως
608 981 776 1067 ἐπιθυμεῖν,
793 986 828 1048 τὸ
844 983 880 1048 δέ
924 981 1007 1062 pede
1022 982 1097 1045 vias
1113 977 1368 1063 praeceptorum,
1393 983 1573 1046 ostendens
1595 1003 1676 1066 quo·

138 1083 176 1166 μη
188 1080 328 1166 μονεύειν
343 1081 377 1146 ἐν
393 1093 437 1170 τῷ
453 1083 534 1169 μηδέ
549 1086 608 1170 την
623 1084 728 1172 ἀρχὴν
740 1085 881 1172 δργίζεσ-
924 1084 1023 1148 ιιιούο
1040 1090 1194 1166 oporteat
1214 1088 1320 1149 vitam
1343 1087 1534 1150 ambulare:
1555 1088 1602 1151 ita
1617 1089 1680 1152 soi·

136 1182 191 1266 θαι,
207 1185 241 1247 τὸ
257 1183 292 1248 δέ
310 1186 353 1271 μὴ
373 1184 565 1270 ἁμαρτάνειν
587 1189 630 1265 είς
646 1190 758 1273 θρκους
780 1191 814 1256 ἐν
836 1199 879 1278 τῷ
927 1183 1062 1253 Ιίοωθίιί
1076 1191 1131 1253 lex
1153 1185 1270 1253 contra
1293 1190 1500 1254 adulterium
1523 1190 1680 1255 reforme-

137 1288 174 1372 μὴ
191 1287 315 1371 ὀμνύειν
332 1289 375 1374 μὴ
392 1290 762 1378 μικρὸνήμέγανύρκον.
778 1292 878 1360 Ἀντι-
924 1297 981 1356 tur
1007 1295 1043 1356 in
1068 1294 1224 1358 illicitam
1248 1310 1498 1375 quamcumque
1522 1295 1679 1375 concupi-

133 1389 307 1456 διέσταλται
321 1391 356 1456 δέ
370 1393 392 1478 η
408 1393 510 1479 πέτρα
528 1403 572 1480 τῷ
594 1403 651 1480 της
675 1396 759 1474 ἰλύος
774 1398 877 1484 πηλῷ,
925 1400 1106 1479 ocentiam3
1138 1405 1177 1462 ut
1206 1400 1351 1462 vetitum
1382 1399 1603 1463 homicidium
1633 1401 1680 1464 ait

134 1497 181 1560 τὸν
195 1497 320 1582 εὐπαγῆ
338 1497 481 1583 δηλοῦσα
495 1509 550 1564 τοῦ
567 1499 696 1586 στεῤῥοῦ
714 1500 810 1588 λύγου
829 1503 878 1568 θε-
923 1505 1026 1567 etiam
1043 1498 1188 1566 vetitum
1207 1504 1266 1566 irae
1290 1501 1443 1583 initium;
1468 1509 1507 1567 ut
1528 1504 1676 1585 prohibi-

132 1599 239 1684 μίλιον·
921 1615 995 1673 tum
1030 1609 1198 1672 nefarium
1228 1608 1463 1688 juramentum
1498 1609 1676 1690 prohibeat

493 1713 495 1720 '
922 1731 965 1778 ne
992 1715 1037 1777 sit
1063 1713 1300 1794 quodcumque
1327 1712 1400 1774 aive
1427 1729 1580 1791 parvum,
1604 1712 1677 1774 aive

922 1811 1087 1897 magnum
1114 1814 1365 1897 jusjurandum.
1395 1815 1472 1878 Luti
1494 1819 1608 1877 autem
1638 1817 1677 1878 li-

921 1942 976 1987 mo
991 1925 1144 2005 opposita
1160 1927 1211 1986 est
1226 1926 1331 2002 petra,
1347 1925 1386 1983 ut
1408 1937 1469 2000 per
1492 1937 1566 1982 eam
1582 1923 1674 2000 pate-

921 2027 981 2090 fiat
997 2027 1138 2105 egregie
1154 2022 1367 2106 compactum
1379 2024 1478 2087 solidi
1491 2023 1585 2086 verbi
1598 2022 1674 2087 fun·

925 2132 1132 2195 damentum.

165 2248 194 2291 ν.
209 2229 240 2292 4.
255 2226 321 2293 Καί
336 2225 484 2294 ἐνέύαλεν
495 2229 539 2307 είς
553 2231 588 2293 τὸ
601 2227 704 2314 στόμα
716 2249 775 2314 μου
787 2229 875 2315 ᾆσμα
964 2255 995 2298 ν.
1012 2236 1042 2298 4.
1059 2237 1104 2299 Ec
1124 2232 1264 2297 immitit
1284 2233 1321 2295 ia
1335 2249 1370 2295 οι·
1384 2247 1488 2294 mmm
1510 2231 1669 2295 coriticam

125 2335 237 2416 καινὸν,
258 2334 354 2418 ύμνον
369 2342 412 2419 τῷ
428 2332 500 2418 Θεῷ
514 2332 614 2418 ἡμῦν.
923 2343 1048 2418 maor,
1075 2338 1229 2420 Ιιρκιπυυι
1252 2338 1318 2399 Deo
1340 2338 1459 2399 nostro.
1641 2417 1645 2426 .

162 2431 279 2521 Ὗμνος
302 2437 386 2502 ἐστίν
412 2437 561 2522 ἔκπληξις
584 2439 664 2524 μετὰ
689 2437 873 2525 δοξολογίας
964 2445 1120 2526 Hymnus
1136 2447 1187 2506 est
1201 2439 1380 2504 admiratio
1396 2457 1474 2502 cum
1494 2437 1675 2515 doxologia

123 2542 169 2606 ἐπί
182 2551 222 2628 τῷ
242 2541 359 2628 θεωρίᾳ
373 2543 629 2630 τῦνγεγονύτων.
645 2542 760 2610 Ἀλλο.
785 2544 874 2630 Πρῦ-
919 2552 1056 2628 propter
1071 2545 1390 2625 contemplationem
1403 2559 1516 2606 rerum
1535 2559 1612 2622 quae
1628 2540 1676 2603 sa-

124 2648 205 2712 τονθ
227 2647 312 2724 Θεὸς
336 2647 447 2734 ἀνάγει
469 2650 539 2713 τινὰ
561 2649 599 2714 ἐκ
621 2648 744 2713 λάκκου
767 2649 875 2714 ταλαι-
920 2654 982 2714 ctae
998 2654 1087 2713 sunt.
1115 2650 1238 2713 Aliter:
1263 2649 1382 2729 prim0,
1405 2648 1496 2710 Deus
1523 2647 1673 2726 aliquem

123 2751 256 2835 πυρίας·
281 2751 436 2836 δεύτερον,
455 2752 507 2818 ἐπί
522 2752 639 2837 πέτραν
654 2755 776 2838 ίστησιν
799 2756 873 2831 τοὺς
920 2754 1059 2818 adducit
1075 2771 1092 2816 e
1111 2755 1188 2817 lacu
1204 2753 1367 2832 miseriae3
1391 2751 1549 2830 secundo,
1572 2767 1674 2830 super

122 2855 216 2934 πθδας
232 2858 351 2921 αὐτοῦ·
367 2856 478 2941 τρίτον,
503 2859 686 2924 κατευθύνει
709 2860 750 2922 τδι
764 2857 872 2944 διαδῷ·
919 2863 1049 2939 petram
1067 2858 1187 2922 statuit
1202 2857 1303 2938 pedes
1320 2855 1410 2936 ejua;
1427 2855 1537 2933 tertio,
1554 2853 1676 2931 dirigit

115 2981 217 3044 ματα·
245 2960 406 3045 τέταρτον,
437 2961 526 3048 ᾆσμα
555 2960 721 3050 χαρίζεται
742 2962 868 3028 καινόν·
920 2979 1077 3042 gressus3
1091 2966 1222 3044 quarto,
1230 2963 1402 3025 canticum
1414 2976 1540 3022 novum
1554 2959 1675 3039 imper-

120 3063 270 3148 πέμπτον,
288 3066 383 3149 ύμνον
398 3073 441 3150 τῷ
457 3063 538 3150 Θεῷ.
556 3064 648 3150 Πλὴν
669 3063 871 3151 σημειωτέον,
917 3067 1019 3147 titur;
1037 3067 1166 3148 quinto,
1175 3066 1342 3149 hymnum
1355 3066 1434 3128 Deo.
1444 3063 1584 3127 Interim
1596 3077 1674 3124 con-

120 3167 163 3231 δτι
178 3168 195 3232 δ
210 3167 359 3253 ἐμπεσὼν
381 3168 426 3244 είς
441 3170 494 3232 τὸν
517 3167 648 3249 λάκκον,
663 3169 741 3234 ποτέ
756 3170 816 3234 οὐκ
829 3169 870 3254 ἠν
917 3169 1030 3234 sidera
1046 3171 1135 3252 quod
1151 3172 1211 3252 qui
1234 3170 1357 3234 cecidit
1379 3169 1414 3232 in
1438 3169 1561 3247 lacum,
1586 3166 1667 3228 olim

122 3271 176 3357 [ἐν]
191 3279 236 3357 τῷ
251 3269 383 3355 λάκκῳ·
399 3270 547 3357 ζητήσεις
569 3273 604 3337 δέ
619 3267 753 3357 πότερον
776 3274 870 3351 αὐτὸς
918 3277 954 3338 in
971 3277 1049 3339 lacu
1064 3293 1132 3338 nou
1145 3279 1226 3340 erat.
1240 3275 1326 3338 Tum
1339 3289 1469 3354 quares
1482 3275 1598 3334 utrum
1611 3270 1669 3331 ille

120 3375 323 3460 ἐμπέπτωκεν
338 3376 390 3460 ὑφ’
405 3375 528 3460 ἑαυτοῦ,
551 3379 574 3463 ἢ
597 3377 649 3462 ὑφ’
664 3376 772 3461 ἐτέρου
788 3379 869 3454 τινὸς
917 3379 1077 3444 ceciderit
1091 3397 1112 3442 a
1126 3381 1247 3461 seipso,
1264 3397 1309 3441 an
1326 3395 1406 3441 vero
1420 3376 1590 3457 abaliquo
1604 3373 1672 3437 alio

119 3478 284 3566 ἐνεθλήθη,
300 3481 322 3566 η
338 3482 392 3544 καί
407 3479 459 3565 ὑφ’
474 3479 587 3546 ἑαυτοῦ
602 3483 656 3546 καί
671 3479 724 3566 ὑφ’
739 3479 856 3565 ἐτέρου.
918 3482 1067 3563 deiectus
1083 3483 1196 3565 fuerit,
1219 3501 1264 3546 an
1288 3483 1391 3546 simul
1414 3485 1488 3544 tum
1510 3497 1531 3542 a
1550 3479 1671 3560 seipso,

918 3591 994 3650 tum
1010 3586 1053 3649 ab
1069 3588 1185 3650 altero.

163 3709 194 3753 ν.
219 3691 251 3755 5.
276 3686 440 3774 Μακάριος
463 3689 544 3775 ἀνὴρ
567 3691 604 3754 ού
627 3688 693 3754 ἐστί
714 3690 750 3753 τὸ
773 3689 874 3773 ὄνομα
960 3709 993 3753 ν.
1009 3693 1040 3754 5.
1063 3691 1262 3768 Bactaacir,
1289 3690 1383 3770 majac
1404 3693 1453 3752 cot
1473 3703 1585 3751 ιιοοιστι
1608 3689 1671 3748 Do-

122 3791 240 3878 Κυρίου
256 3793 345 3871 ἐλπὶς
368 3795 474 3876 αὐτοῦ,
489 3797 545 3859 καί
560 3777 619 3859 ούκ
636 3791 810 3877 ἐπέύλεψεν
826 3793 870 3870 είς
915 3795 1000 3858 mini
1020 3812 1092 3877 spec
1110 3796 1191 3875 ejde,
1211 3798 1242 3858 et
1256 3810 1319 3855 που
1333 3793 1476 3873 θαυμαστά
1490 3791 1528 3855 io
1542 3791 1668 3856 conita-

121 3896 335 3982 ματαιύτητας
349 3899 404 3962 καί
420 3896 533 3984 μανίας
547 3897 682 3982 ψευδεῖς.
815 3967 816 3970 ,
917 3903 964 3964 tao
985 3903 1018 3964 et
1038 3899 1188 3963 insanias
1201 3897 1330 3981 soloas,

160 4002 233 4088 Ἐφ’
248 4002 335 4088 ἡμᾶς
350 4004 405 4066 καί
421 4002 437 4067 δ
454 4012 653 4089 μακαρισμοῦ
667 4012 739 4079 νοῦς
754 4003 871 4089 κεκλη-
959 4003 1011 4066 Ad
1026 4018 1087 4066 nos
1104 4017 1248 4083 quoque,
1265 4001 1325 4082 qui
1341 4001 1469 4064 fuimus
1486 3999 1669 4063 Christiani

120 4105 229 4190 μένους
250 4107 466 4192 χριστιανούς·
483 4117 574 4171 τοῦτο
595 4105 659 4191 γάρ
674 4106 741 4171 ἐστι
763 4109 799 4171 τὸ
814 4128 872 4172 κα·
916 4108 1093 4185 nominati,
1109 4111 1240 4188 spectat
1250 4106 1419 4170 charisma
1435 4104 1666 4169 beatitudinis.

120 4208 173 4274 λδν
189 4211 302 4295 δνομα,
316 4212 354 4274 τὸ
376 4209 546 4294 ἐπικληθὲν
561 4209 611 4295 ἐφ’
624 4209 719 4295 ἡμᾶς.
736 4209 873 4296 Λέγεται
916 4213 987 4275 Hoc
1003 4211 1128 4292 quippe
1144 4215 1195 4273 est
1213 4226 1335 4273 nomen
1360 4209 1552 4290 pulchrum,
1577 4206 1667 4287 quod

118 4312 151 4376 δὲ
174 4311 350 4398 ματαιύτης
371 4316 426 4378 καί
441 4313 539 4400 μανία
561 4314 680 4400 ψευδὴς
702 4317 757 4379 καί
771 4314 793 4400 η
809 4324 871 4380 τῦν
915 4332 1095 4396 supernos
1123 4313 1189 4377 suit
1212 4315 1417 4376 invocatum.
1442 4315 1589 4375 Vocatur
1611 4329 1670 4374 au·

118 4415 255 4482 είδύλων
269 4416 410 4500 λατρεία.
434 4416 594 4502 Παύσατε,
612 4419 747 4504 μαντικὴ
766 4421 821 4484 καί
836 4421 871 4484 ά·
914 4425 983 4483 tem
998 4420 1129 4484 canitae
1143 4422 1176 4482 at
1186 4415 1285 4499 sclao
1299 4417 1433 4481 τίκτῦκίῦ
1451 4417 1523 4496 ipsa
1544 4417 1667 4495 religio

117 4539 204 4584 πασα
219 4520 409 4606 ἐτεροδοξία.
425 4520 605 4607 Γέγραπται
619 4531 713 4607 γοῦν·
731 4522 871 4608 Περιτεί-
914 4523 1090 4586 idolorum.
1107 4524 1224 4602 Apage
1244 4521 1455 4598 vaticinium,
1480 4523 1514 4582 et
1536 4522 1662 4600 qualis·

117 4645 175 4689 νων
191 4625 260 4690 ἐστί
275 4623 389 4710 μανίαν
403 4626 437 4691 ἐν
453 4626 529 4710 οἴκῳ
541 4625 670 4711 Κυρίου,
686 4627 870 4713 κατέπηξαν
914 4644 1060 4707 cumque
1076 4627 1189 4688 aliena
1204 4625 1375 4688 doctrina!
1392 4625 1562 4704 Scriptum
1582 4641 1685 4703 ergo·

118 4727 263 4811 δηλονότι
278 4729 336 4814 την
359 4728 518 4815 μαντείαν.
541 4729 695 4796 Πλεῖστον
713 4734 775 4818 γὰρ
791 4735 821 4799 oi
836 4734 870 4815 ἐξ
914 4731 994 4796 luit:
1014 4733 1100 4794 «Est
1116 4730 1175 4810 qui
1192 4729 1344 4792 extendit
1360 4729 1527 4792 insaniam
1551 4729 1587 4791 in
1610 4729 1667 4792 do-

115 4823 329 4919 Ἱερυυσαλὴμ
359 4833 617 4919 ψευδοπροφῆται
644 4835 806 4921 γεγόνασι,
829 4840 870 4906 τὰ
914 4853 968 4898 mo
984 4834 1130 4913 Domini,
1144 4855 1161 4893 »
1180 4833 1310 4897 scilicet
1325 4834 1538 4900 intruserunt
1550 4833 1667 4897 vatici-

149 5072 177 5111 v.
190 5054 217 5108 4.
233 5055 301 5110 Vct.
314 5055 340 5110 5.
912 5054 1079 5111 cionentem
1091 5059 1122 5109 et
1133 5050 1365 5108 Alexandrinum
1377 5067 1443 5106 cum
1454 5013 1553 5122 hlagis
1566 5059 1597 5108 et
1615 5053 1665 5108 Sa-

149 5158 177 5198 v.
190 5141 216 5196 θ.
231 5141 299 5199 Vct.
313 5141 354 5198 14.
367 5142 447 5201 Audi
460 5143 609 5201 doctorem
621 5143 699 5201 inter
708 5145 788 5203 idola
801 5163 867 5202 con·
912 5141 959 5215 gis
973 5140 1178 5200 decertantem.
1193 5169 1228 5181 -
1237 5136 1352 5196 Addnci
1363 5135 1482 5197 videtur
1494 5138 1570 5197 osea
1588 5157 1630 5212 rx,
1643 5141 1668 5194 8·
