<?xml version="1.0" encoding="UTF-8"?>
<!DOCTYPE html PUBLIC "-//W3C//DTD XHTML 1.0 Transitional//EN"
    "http://www.w3.org/TR/xhtml1/DTD/xhtml1-transitional.dtd">
<html xmlns="http://www.w3.org/1999/xhtml" xml:lang="en" lang="en">
 <head>
  <title>
</title>
<meta http-equiv="Content-Type" content="text/html;charset=utf-8" />
  <meta name='ocr-system' content='tesseract 3.04.00' />
  <meta name='ocr-capabilities' content='ocr_page ocr_carea ocr_par ocr_line ocrx_word'/>
</head>
<body>
  <div class='ocr_page' id='page_1' title='image "./lta-11000/analectasacrasp00pitrgoog/analectasacrasp00pitrgoog_0478.png"; bbox 0 0 3966 6108; ppageno 0'>
   <div class='ocr_carea' id='block_1_1' title="bbox 830 499 1709 565">
    <p class='ocr_par' dir='ltr' id='par_1_1' title="bbox 830 499 1709 565">
     <span class='ocr_line' id='line_1_1' title="bbox 830 499 1709 565; baseline -0.003 -1"><span class='ocrx_word' id='word_1_1' title='bbox 830 499 1039 565; x_wconf 82' lang='lat' dir='ltr'><strong><em>EUSEBIUS</em></strong></span> <span class='ocrx_word' id='word_1_2' title='bbox 1645 499 1709 562; x_wconf 82' lang='grc'>467</span> 
     </span>
    </p>
   </div>
   <div class='ocr_carea' id='block_1_2' title="bbox 162 635 1702 934">
    <p class='ocr_par' dir='ltr' id='par_1_2' title="bbox 162 635 1702 934">
     <span class='ocr_line' id='line_1_2' title="bbox 162 635 1702 724; baseline 0.001 -22"><span class='ocrx_word' id='word_1_3' title='bbox 162 656 261 724; x_wconf 99' lang='grc' dir='ltr'>ματος</span> <span class='ocrx_word' id='word_1_4' title='bbox 283 635 377 723; x_wconf 82' lang='grc' dir='ltr'>λόγος</span> <span class='ocrx_word' id='word_1_5' title='bbox 394 636 506 723; x_wconf 82' lang='grc' dir='ltr'>σοφίας</span> <span class='ocrx_word' id='word_1_6' title='bbox 529 636 584 702; x_wconf 84' lang='grc' dir='ltr'>καὶ</span> <span class='ocrx_word' id='word_1_7' title='bbox 599 637 639 702; x_wconf 85' lang='grc' dir='ltr'>τά</span> <span class='ocrx_word' id='word_1_8' title='bbox 662 636 756 722; x_wconf 80' lang='grc' dir='ltr'>ἕτερα</span> <span class='ocrx_word' id='word_1_9' title='bbox 775 646 835 704; x_wconf 84' lang='grc' dir='ltr'>τιῖιν</span> <span class='ocrx_word' id='word_1_10' title='bbox 850 658 910 724; x_wconf 83' lang='grc' dir='ltr'>χα-</span> <span class='ocrx_word' id='word_1_11' title='bbox 997 637 1097 724; x_wconf 79' lang='grc' dir='ltr'>Ὠριγ</span> <span class='ocrx_word' id='word_1_12' title='bbox 1112 637 1221 706; x_wconf 85' lang='grc' dir='ltr'>Ἀθαν.</span> <span class='ocrx_word' id='word_1_13' title='bbox 1237 637 1320 724; x_wconf 88' lang='grc' dir='ltr'>Ὀρη</span> <span class='ocrx_word' id='word_1_14' title='bbox 1343 637 1479 705; x_wconf 78' lang='grc' dir='ltr'>ἐνταῦθα</span> <span class='ocrx_word' id='word_1_15' title='bbox 1494 637 1550 717; x_wconf 82' lang='grc' dir='ltr'>τάς</span> <span class='ocrx_word' id='word_1_16' title='bbox 1570 638 1702 705; x_wconf 78' lang='grc' dir='ltr'>ἀντικει-</span> 
     </span>
     <span class='ocr_line' id='line_1_3' title="bbox 163 732 1702 833; baseline 0.001 -25"><span class='ocrx_word' id='word_1_17' title='bbox 163 742 332 829; x_wconf 87' lang='grc' dir='ltr'>ρισμάτων.</span> <span class='ocrx_word' id='word_1_18' title='bbox 348 743 436 808; x_wconf 72' lang='lat' dir='ltr'>leid.</span> <span class='ocrx_word' id='word_1_19' title='bbox 957 740 1053 827; x_wconf 81' lang='grc' dir='ltr'>μίνας</span> <span class='ocrx_word' id='word_1_20' title='bbox 1068 743 1214 833; x_wconf 81' lang='grc' dir='ltr'>δυνάμεις</span> <span class='ocrx_word' id='word_1_21' title='bbox 1236 743 1349 829; x_wconf 82' lang='grc' dir='ltr'>φησίν·</span> <span class='ocrx_word' id='word_1_22' title='bbox 1367 732 1534 828; x_wconf 77' lang='grc' dir='ltr'>ἑτοίμασον</span> <span class='ocrx_word' id='word_1_23' title='bbox 1548 743 1584 809; x_wconf 76' lang='grc' dir='ltr'>δὲ</span> <span class='ocrx_word' id='word_1_24' title='bbox 1599 744 1644 820; x_wconf 84' lang='grc' dir='ltr'>τίς</span> <span class='ocrx_word' id='word_1_25' title='bbox 1659 764 1702 810; x_wconf 89' lang='grc' dir='ltr'>τι·</span> 
     </span>
     <span class='ocr_line' id='line_1_4' title="bbox 207 843 1086 934; baseline -0.002 -20"><span class='ocrx_word' id='word_1_26' title='bbox 207 869 239 914; x_wconf 89' lang='grc' dir='ltr'>ν.</span> <span class='ocrx_word' id='word_1_27' title='bbox 257 850 286 912; x_wconf 84' lang='grc'>7.</span> <span class='ocrx_word' id='word_1_28' title='bbox 299 843 491 933; x_wconf 80' lang='grc' dir='ltr'>Ἑτοίμασον</span> <span class='ocrx_word' id='word_1_29' title='bbox 506 847 565 932; x_wconf 89' lang='grc' dir='ltr'>όρη</span> <span class='ocrx_word' id='word_1_30' title='bbox 582 846 615 914; x_wconf 78' lang='grc' dir='ltr'>ἐν</span> <span class='ocrx_word' id='word_1_31' title='bbox 630 847 669 931; x_wconf 78' lang='grc' dir='ltr'>τῇ</span> <span class='ocrx_word' id='word_1_32' title='bbox 686 843 774 933; x_wconf 73' lang='grc' dir='ltr'>ἰσχύϊ</span> <span class='ocrx_word' id='word_1_33' title='bbox 788 867 854 912; x_wconf 91' lang='grc' dir='ltr'>σου.</span> <span class='ocrx_word' id='word_1_34' title='bbox 958 846 1086 934; x_wconf 90' lang='grc' dir='ltr'>μωρίαν.</span> 
     </span>
    </p>
   </div>
   <div class='ocr_carea' id='block_1_3' title="bbox 750 1034 1123 1116">
    <p class='ocr_par' dir='ltr' id='par_1_3' title="bbox 750 1034 1123 1116">
     <span class='ocr_line' id='line_1_5' title="bbox 750 1034 1123 1116; baseline -0.003 -1"><span class='ocrx_word' id='word_1_35' title='bbox 750 1037 918 1116; x_wconf 78' lang='lat' dir='ltr'>Facimus</span> <span class='ocrx_word' id='word_1_36' title='bbox 944 1034 1123 1116; x_wconf 80' lang='lat' dir='ltr'><strong><em>LXVII.</em></strong></span> 
     </span>
    </p>
   </div>
   <div class='ocr_carea' id='block_1_4' title="bbox 160 1247 1710 2582">
    <p class='ocr_par' dir='ltr' id='par_1_4' title="bbox 160 1247 1707 1440">
     <span class='ocr_line' id='line_1_6' title="bbox 204 1247 1707 1335; baseline 0.002 -21"><span class='ocrx_word' id='word_1_37' title='bbox 204 1270 237 1315; x_wconf 91' lang='grc' dir='ltr'>ν.</span> <span class='ocrx_word' id='word_1_38' title='bbox 256 1252 306 1315; x_wconf 91' lang='grc'><strong>16.</strong></span> <span class='ocrx_word' id='word_1_39' title='bbox 321 1247 419 1333; x_wconf 87' lang='grc' dir='ltr'>Ὄρος</span> <span class='ocrx_word' id='word_1_40' title='bbox 442 1259 498 1314; x_wconf 79' lang='grc' dir='ltr'>τοῦ</span> <span class='ocrx_word' id='word_1_41' title='bbox 520 1248 614 1331; x_wconf 85' lang='grc' dir='ltr'>Θεοῦ,</span> <span class='ocrx_word' id='word_1_42' title='bbox 638 1249 710 1334; x_wconf 86' lang='grc' dir='ltr'>όρος</span> <span class='ocrx_word' id='word_1_43' title='bbox 732 1247 813 1330; x_wconf 85' lang='grc' dir='ltr'>πίον,</span> <span class='ocrx_word' id='word_1_44' title='bbox 839 1249 911 1335; x_wconf 87' lang='grc' dir='ltr'>όρος</span> <span class='ocrx_word' id='word_1_45' title='bbox 1000 1269 1032 1314; x_wconf 75' lang='grc' dir='ltr'>νε</span> <span class='ocrx_word' id='word_1_46' title='bbox 1051 1251 1101 1314; x_wconf 90' lang='grc'><strong>16.</strong></span> <span class='ocrx_word' id='word_1_47' title='bbox 1122 1251 1216 1316; x_wconf 80' lang='lat' dir='ltr'>Mons</span> <span class='ocrx_word' id='word_1_48' title='bbox 1238 1249 1310 1329; x_wconf 75' lang='lat' dir='ltr'>bei,</span> <span class='ocrx_word' id='word_1_49' title='bbox 1336 1269 1427 1316; x_wconf 73' lang='lat' dir='ltr'>merae</span> <span class='ocrx_word' id='word_1_50' title='bbox 1441 1251 1590 1334; x_wconf 74' lang='grc' dir='ltr'>ρίορνλν,</span> <span class='ocrx_word' id='word_1_51' title='bbox 1616 1267 1707 1318; x_wconf 69' lang='lat' dir='ltr'>mmm</span> 
     </span>
     <span class='ocr_line' id='line_1_7' title="bbox 160 1353 1422 1440; baseline -0.002 -21"><span class='ocrx_word' id='word_1_52' title='bbox 160 1353 382 1440; x_wconf 87' lang='grc' dir='ltr'>τετυρωμίνον,</span> <span class='ocrx_word' id='word_1_53' title='bbox 398 1355 471 1439; x_wconf 87' lang='grc' dir='ltr'>όρος</span> <span class='ocrx_word' id='word_1_54' title='bbox 487 1353 567 1420; x_wconf 84' lang='grc' dir='ltr'>ττίον.</span> <span class='ocrx_word' id='word_1_55' title='bbox 586 1357 685 1424; x_wconf 79' lang='lat' dir='ltr'>Vatic.</span> <span class='ocrx_word' id='word_1_56' title='bbox 703 1358 776 1435; x_wconf 91' lang='grc'><strong>664,</strong></span> <span class='ocrx_word' id='word_1_57' title='bbox 793 1357 823 1418; x_wconf 84' lang='grc'>2.</span> <span class='ocrx_word' id='word_1_58' title='bbox 957 1355 1156 1437; x_wconf 71' lang='lat' dir='ltr'>coagulatus,</span> <span class='ocrx_word' id='word_1_59' title='bbox 1174 1371 1264 1418; x_wconf 75' lang='lat' dir='ltr'>cecus</span> <span class='ocrx_word' id='word_1_60' title='bbox 1273 1355 1422 1435; x_wconf 76' lang='grc' dir='ltr'>ρίιιρνίο.</span> 
     </span>
    </p>

    <p class='ocr_par' dir='ltr' id='par_1_5' title="bbox 160 1457 1709 1961">
     <span class='ocr_line' id='line_1_8' title="bbox 203 1457 1708 1546; baseline -0.003 -21"><span class='ocrx_word' id='word_1_61' title='bbox 203 1457 339 1546; x_wconf 84' lang='grc' dir='ltr'>Ὠριγίν.</span> <span class='ocrx_word' id='word_1_62' title='bbox 362 1457 580 1543; x_wconf 77' lang='grc' dir='ltr'>Θεοδωρητου.</span> <span class='ocrx_word' id='word_1_63' title='bbox 608 1457 690 1535; x_wconf 85' lang='grc' dir='ltr'>Τοὺς</span> <span class='ocrx_word' id='word_1_64' title='bbox 713 1457 909 1536; x_wconf 81' lang='grc' dir='ltr'>ἀποστόλους</span> <span class='ocrx_word' id='word_1_65' title='bbox 1002 1464 1174 1540; x_wconf 81' lang='lat' dir='ltr'>Ourcnrus,</span> <span class='ocrx_word' id='word_1_66' title='bbox 1191 1459 1599 1541; x_wconf 79' lang='lat' dir='ltr'>TunononnrnAposiolcs</span> <span class='ocrx_word' id='word_1_67' title='bbox 1615 1458 1708 1538; x_wconf 80' lang='lat' dir='ltr'>dicit,</span> 
     </span>
     <span class='ocr_line' id='line_1_9' title="bbox 162 1559 1709 1648; baseline -0.001 -22"><span class='ocrx_word' id='word_1_68' title='bbox 162 1559 257 1648; x_wconf 78' lang='grc' dir='ltr'>φησί·</span> <span class='ocrx_word' id='word_1_69' title='bbox 280 1560 350 1628; x_wconf 81' lang='grc' dir='ltr'>τίον</span> <span class='ocrx_word' id='word_1_70' title='bbox 372 1561 407 1626; x_wconf 83' lang='grc' dir='ltr'>δὲ</span> <span class='ocrx_word' id='word_1_71' title='bbox 429 1562 484 1626; x_wconf 81' lang='grc' dir='ltr'>καὶ</span> <span class='ocrx_word' id='word_1_72' title='bbox 506 1560 718 1648; x_wconf 84' lang='grc' dir='ltr'>τετυρωμίνον</span> <span class='ocrx_word' id='word_1_73' title='bbox 745 1561 847 1643; x_wconf 77' lang='grc' dir='ltr'>καλεῖ,</span> <span class='ocrx_word' id='word_1_74' title='bbox 871 1561 913 1640; x_wconf 84' lang='grc' dir='ltr'>ὡς</span> <span class='ocrx_word' id='word_1_75' title='bbox 956 1569 1174 1645; x_wconf 85' lang='lat' dir='ltr'>montemque</span> <span class='ocrx_word' id='word_1_76' title='bbox 1198 1568 1296 1627; x_wconf 85' lang='lat' dir='ltr'>vocat</span> <span class='ocrx_word' id='word_1_77' title='bbox 1309 1563 1475 1644; x_wconf 82' lang='lat' dir='ltr'>pinguem</span> <span class='ocrx_word' id='word_1_78' title='bbox 1491 1566 1526 1626; x_wconf 86' lang='lat' dir='ltr'>et</span> <span class='ocrx_word' id='word_1_79' title='bbox 1545 1563 1709 1640; x_wconf 87' lang='lat' dir='ltr'>congula-</span> 
     </span>
     <span class='ocr_line' id='line_1_10' title="bbox 161 1658 1707 1751; baseline -0.001 -21"><span class='ocrx_word' id='word_1_80' title='bbox 161 1664 284 1750; x_wconf 80' lang='grc' dir='ltr'>πολλὴν</span> <span class='ocrx_word' id='word_1_81' title='bbox 298 1667 419 1750; x_wconf 78' lang='grc' dir='ltr'>τροφὴν</span> <span class='ocrx_word' id='word_1_82' title='bbox 433 1673 502 1743; x_wconf 81' lang='grc' dir='ltr'>ταῖς</span> <span class='ocrx_word' id='word_1_83' title='bbox 518 1664 553 1730; x_wconf 79' lang='grc' dir='ltr'>ἐν</span> <span class='ocrx_word' id='word_1_84' title='bbox 567 1664 653 1750; x_wconf 84' lang='grc' dir='ltr'>αὐτῷ</span> <span class='ocrx_word' id='word_1_85' title='bbox 668 1663 865 1751; x_wconf 86' lang='grc' dir='ltr'>μεμωμίναις</span> <span class='ocrx_word' id='word_1_86' title='bbox 877 1666 912 1731; x_wconf 82' lang='grc' dir='ltr'>ά·</span> <span class='ocrx_word' id='word_1_87' title='bbox 956 1671 1040 1747; x_wconf 87' lang='lat' dir='ltr'>tum,</span> <span class='ocrx_word' id='word_1_88' title='bbox 1054 1674 1092 1732; x_wconf 79' lang='lat' dir='ltr'>ut</span> <span class='ocrx_word' id='word_1_89' title='bbox 1105 1658 1164 1748; x_wconf 81' lang='lat' dir='ltr'>q‘ui</span> <span class='ocrx_word' id='word_1_90' title='bbox 1175 1668 1349 1749; x_wconf 85' lang='lat' dir='ltr'>copiosum</span> <span class='ocrx_word' id='word_1_91' title='bbox 1361 1668 1475 1730; x_wconf 90' lang='lat' dir='ltr'>cibum</span> <span class='ocrx_word' id='word_1_92' title='bbox 1491 1666 1658 1745; x_wconf 79' lang='lat' dir='ltr'>gregibus</span> <span class='ocrx_word' id='word_1_93' title='bbox 1671 1667 1707 1728; x_wconf 95' lang='lat' dir='ltr'>in</span> 
     </span>
     <span class='ocr_line' id='line_1_11' title="bbox 160 1767 1708 1856; baseline 0 -22"><span class='ocrx_word' id='word_1_94' title='bbox 160 1768 269 1856; x_wconf 82' lang='grc' dir='ltr'>γόλαις</span> <span class='ocrx_word' id='word_1_95' title='bbox 283 1767 435 1855; x_wconf 83' lang='grc' dir='ltr'>παρέχον,</span> <span class='ocrx_word' id='word_1_96' title='bbox 459 1770 518 1834; x_wconf 77' lang='grc' dir='ltr'>ὑπὸ</span> <span class='ocrx_word' id='word_1_97' title='bbox 533 1777 591 1854; x_wconf 83' lang='grc' dir='ltr'>της</span> <span class='ocrx_word' id='word_1_98' title='bbox 604 1767 696 1847; x_wconf 76' lang='grc' dir='ltr'>δείας</span> <span class='ocrx_word' id='word_1_99' title='bbox 711 1769 845 1855; x_wconf 87' lang='grc' dir='ltr'>χάριτος</span> <span class='ocrx_word' id='word_1_100' title='bbox 863 1768 912 1834; x_wconf 86' lang='grc' dir='ltr'>δε·</span> <span class='ocrx_word' id='word_1_101' title='bbox 957 1789 996 1836; x_wconf 92' lang='lat' dir='ltr'>eo</span> <span class='ocrx_word' id='word_1_102' title='bbox 1010 1772 1226 1855; x_wconf 83' lang='lat' dir='ltr'>pascentibus</span> <span class='ocrx_word' id='word_1_103' title='bbox 1240 1772 1387 1853; x_wconf 83' lang='lat' dir='ltr'>praebet,</span> <span class='ocrx_word' id='word_1_104' title='bbox 1403 1771 1649 1852; x_wconf 86' lang='lat' dir='ltr'>pinguedinem</span> <span class='ocrx_word' id='word_1_105' title='bbox 1666 1788 1708 1835; x_wconf 81' lang='lat' dir='ltr'>ex</span> 
     </span>
     <span class='ocr_line' id='line_1_12' title="bbox 161 1872 1573 1961; baseline 0.001 -22"><span class='ocrx_word' id='word_1_106' title='bbox 161 1872 296 1961; x_wconf 79' lang='grc' dir='ltr'>ξάμενον</span> <span class='ocrx_word' id='word_1_107' title='bbox 311 1877 372 1959; x_wconf 79' lang='grc' dir='ltr'>τὴν</span> <span class='ocrx_word' id='word_1_108' title='bbox 386 1873 531 1958; x_wconf 80' lang='grc' dir='ltr'>πιότητα.</span> <span class='ocrx_word' id='word_1_109' title='bbox 546 1875 717 1941; x_wconf 66' lang='lat' dir='ltr'>Barbarie.</span> <span class='ocrx_word' id='word_1_110' title='bbox 734 1894 783 1956; x_wconf 84' lang='grc' dir='ltr'>ιιι,</span> <span class='ocrx_word' id='word_1_111' title='bbox 798 1875 829 1938; x_wconf 92' lang='grc'><strong>6.</strong></span> <span class='ocrx_word' id='word_1_112' title='bbox 955 1876 1072 1940; x_wconf 87' lang='lat' dir='ltr'>divina</span> <span class='ocrx_word' id='word_1_113' title='bbox 1086 1877 1200 1955; x_wconf 85' lang='lat' dir='ltr'>gratia</span> <span class='ocrx_word' id='word_1_114' title='bbox 1214 1878 1412 1958; x_wconf 76' lang='lat' dir='ltr'>suscipione.</span> <span class='ocrx_word' id='word_1_115' title='bbox 1569 1883 1573 1898; x_wconf 76' lang='grc'><em>“</em></span> 
     </span>
    </p>

    <p class='ocr_par' dir='ltr' id='par_1_6' title="bbox 163 1976 1705 2169">
     <span class='ocr_line' id='line_1_13' title="bbox 205 1976 1705 2064; baseline 0.001 -22"><span class='ocrx_word' id='word_1_116' title='bbox 205 1999 237 2042; x_wconf 89' lang='grc' dir='ltr'>ν.</span> <span class='ocrx_word' id='word_1_117' title='bbox 254 1980 307 2043; x_wconf 87' lang='grc'>34.</span> <span class='ocrx_word' id='word_1_118' title='bbox 322 1976 405 2042; x_wconf 89' lang='grc' dir='ltr'>Ἰδοὺ</span> <span class='ocrx_word' id='word_1_119' title='bbox 420 1976 515 2043; x_wconf 84' lang='grc' dir='ltr'>δίισει</span> <span class='ocrx_word' id='word_1_120' title='bbox 529 1979 564 2044; x_wconf 82' lang='grc' dir='ltr'>ὲν</span> <span class='ocrx_word' id='word_1_121' title='bbox 574 1986 614 2064; x_wconf 81' lang='grc' dir='ltr'>τη</span> <span class='ocrx_word' id='word_1_122' title='bbox 630 1985 718 2064; x_wconf 80' lang='grc' dir='ltr'>ρωνη</span> <span class='ocrx_word' id='word_1_123' title='bbox 735 1979 832 2042; x_wconf 83' lang='grc' dir='ltr'>αὐτοῦ</span> <span class='ocrx_word' id='word_1_124' title='bbox 848 1999 911 2064; x_wconf 88' lang='grc' dir='ltr'>φω-</span> <span class='ocrx_word' id='word_1_125' title='bbox 998 1998 1030 2042; x_wconf 88' lang='lat' dir='ltr'>v.</span> <span class='ocrx_word' id='word_1_126' title='bbox 1047 1981 1099 2042; x_wconf 85' lang='grc'><strong>34.</strong></span> <span class='ocrx_word' id='word_1_127' title='bbox 1115 1979 1195 2046; x_wconf 74' lang='lat' dir='ltr'>Ecce</span> <span class='ocrx_word' id='word_1_128' title='bbox 1209 1977 1299 2044; x_wconf 79' lang='lat' dir='ltr'>dubit</span> <span class='ocrx_word' id='word_1_129' title='bbox 1311 1981 1349 2044; x_wconf 81' lang='grc' dir='ltr'>αἰι</span> <span class='ocrx_word' id='word_1_130' title='bbox 1362 1996 1434 2046; x_wconf 78' lang='lat' dir='ltr'>cece</span> <span class='ocrx_word' id='word_1_131' title='bbox 1447 1997 1510 2045; x_wconf 79' lang='grc' dir='ltr'>συα</span> <span class='ocrx_word' id='word_1_132' title='bbox 1523 1997 1627 2045; x_wconf 82' lang='lat' dir='ltr'>ccccm</span> <span class='ocrx_word' id='word_1_133' title='bbox 1637 1979 1705 2044; x_wconf 82' lang='lat' dir='ltr'>cir·</span> 
     </span>
     <span class='ocr_line' id='line_1_14' title="bbox 163 2080 1046 2169; baseline 0 -23"><span class='ocrx_word' id='word_1_134' title='bbox 163 2083 221 2169; x_wconf 78' lang='grc' dir='ltr'>νην</span> <span class='ocrx_word' id='word_1_135' title='bbox 236 2080 407 2166; x_wconf 80' lang='grc' dir='ltr'>δυνάμεως.</span> <span class='ocrx_word' id='word_1_136' title='bbox 481 2125 483 2133; x_wconf 51' lang='lat'><em>2</em></span> <span class='ocrx_word' id='word_1_137' title='bbox 955 2084 1046 2149; x_wconf 78' lang='lat' dir='ltr'>tuiis.</span> 
     </span>
    </p>

    <p class='ocr_par' dir='ltr' id='par_1_7' title="bbox 160 2181 1710 2582">
     <span class='ocr_line' id='line_1_15' title="bbox 206 2181 1710 2271; baseline -0.001 -20"><span class='ocrx_word' id='word_1_138' title='bbox 206 2184 305 2271; x_wconf 85' lang='grc' dir='ltr'>Ὤριγ.</span> <span class='ocrx_word' id='word_1_139' title='bbox 321 2181 538 2269; x_wconf 79' lang='grc' dir='ltr'>Θεοδωρήτου.</span> <span class='ocrx_word' id='word_1_140' title='bbox 558 2183 712 2270; x_wconf 82' lang='grc' dir='ltr'>Σημαίνει</span> <span class='ocrx_word' id='word_1_141' title='bbox 726 2183 778 2251; x_wconf 86' lang='grc' dir='ltr'>διά</span> <span class='ocrx_word' id='word_1_142' title='bbox 792 2184 910 2250; x_wconf 81' lang='grc' dir='ltr'>τούτων</span> <span class='ocrx_word' id='word_1_143' title='bbox 998 2187 1200 2254; x_wconf 64' lang='lat' dir='ltr'>sommam.</span> <span class='ocrx_word' id='word_1_144' title='bbox 1224 2191 1287 2252; x_wconf 90' lang='lat' dir='ltr'>Per</span> <span class='ocrx_word' id='word_1_145' title='bbox 1309 2188 1381 2251; x_wconf 83' lang='lat' dir='ltr'>haec</span> <span class='ocrx_word' id='word_1_146' title='bbox 1402 2186 1505 2250; x_wconf 83' lang='lat' dir='ltr'>verba</span> <span class='ocrx_word' id='word_1_147' title='bbox 1534 2185 1710 2265; x_wconf 80' lang='lat' dir='ltr'>significat</span> 
     </span>
     <span class='ocr_line' id='line_1_16' title="bbox 161 2286 1708 2375; baseline -0.001 -19"><span class='ocrx_word' id='word_1_148' title='bbox 161 2291 220 2375; x_wconf 74' lang='grc' dir='ltr'>τὴν</span> <span class='ocrx_word' id='word_1_149' title='bbox 235 2290 315 2375; x_wconf 83' lang='grc' dir='ltr'>μετὰ</span> <span class='ocrx_word' id='word_1_150' title='bbox 328 2290 389 2375; x_wconf 76' lang='grc' dir='ltr'>την</span> <span class='ocrx_word' id='word_1_151' title='bbox 412 2289 570 2375; x_wconf 78' lang='grc' dir='ltr'>ἀνάληψιν</span> <span class='ocrx_word' id='word_1_152' title='bbox 585 2299 641 2353; x_wconf 82' lang='grc' dir='ltr'>τοῦ</span> <span class='ocrx_word' id='word_1_153' title='bbox 664 2297 806 2374; x_wconf 76' lang='grc' dir='ltr'>σωτῆρος</span> <span class='ocrx_word' id='word_1_154' title='bbox 821 2286 911 2374; x_wconf 78' lang='grc' dir='ltr'>ἡμῶν</span> <span class='ocrx_word' id='word_1_155' title='bbox 955 2293 1162 2357; x_wconf 81' lang='lat' dir='ltr'>sanctissimi</span> <span class='ocrx_word' id='word_1_156' title='bbox 1175 2292 1321 2374; x_wconf 87' lang='lat' dir='ltr'>Spiritus</span> <span class='ocrx_word' id='word_1_157' title='bbox 1333 2291 1527 2370; x_wconf 78' lang='lat' dir='ltr'>adventum,</span> <span class='ocrx_word' id='word_1_158' title='bbox 1540 2291 1599 2372; x_wconf 93' lang='lat' dir='ltr'>qui</span> <span class='ocrx_word' id='word_1_159' title='bbox 1612 2291 1708 2356; x_wconf 83' lang='lat' dir='ltr'>nobis</span> 
     </span>
     <span class='ocr_line' id='line_1_17' title="bbox 160 2391 1652 2480; baseline 0.001 -22"><span class='ocrx_word' id='word_1_160' title='bbox 160 2391 334 2480; x_wconf 71' lang='grc' dir='ltr'>γενομένην</span> <span class='ocrx_word' id='word_1_161' title='bbox 348 2402 405 2458; x_wconf 86' lang='grc' dir='ltr'>τοῦ</span> <span class='ocrx_word' id='word_1_162' title='bbox 420 2392 575 2480; x_wconf 85' lang='grc' dir='ltr'>παναγίου</span> <span class='ocrx_word' id='word_1_163' title='bbox 591 2392 774 2480; x_wconf 85' lang='grc' dir='ltr'>Πνεύματος</span> <span class='ocrx_word' id='word_1_164' title='bbox 790 2391 909 2479; x_wconf 71' lang='grc' dir='ltr'>ἰατροί·</span> <span class='ocrx_word' id='word_1_165' title='bbox 954 2397 1101 2475; x_wconf 81' lang='lat' dir='ltr'>contigit</span> <span class='ocrx_word' id='word_1_166' title='bbox 1119 2401 1196 2477; x_wconf 86' lang='lat' dir='ltr'>post</span> <span class='ocrx_word' id='word_1_167' title='bbox 1209 2397 1393 2461; x_wconf 74' lang='lat' dir='ltr'>salvatoris</span> <span class='ocrx_word' id='word_1_168' title='bbox 1409 2397 1652 2460; x_wconf 88' lang='lat' dir='ltr'>ascensionem.</span> 
     </span>
     <span class='ocr_line' id='line_1_18' title="bbox 162 2497 366 2582; baseline -0.005 -21"><span class='ocrx_word' id='word_1_169' title='bbox 162 2516 263 2582; x_wconf 91' lang='grc' dir='ltr'>τησιν.</span> <span class='ocrx_word' id='word_1_170' title='bbox 280 2497 366 2562; x_wconf 67' lang='lat' dir='ltr'>liic</span> 
     </span>
    </p>
   </div>
   <div class='ocr_carea' id='block_1_5' title="bbox 734 2668 1141 2752">
    <p class='ocr_par' dir='ltr' id='par_1_8' title="bbox 734 2668 1141 2752">
     <span class='ocr_line' id='line_1_19' title="bbox 734 2668 1141 2752; baseline 0.002 -4"><span class='ocrx_word' id='word_1_171' title='bbox 734 2669 907 2750; x_wconf 74' lang='lat' dir='ltr'>Pessimus</span> <span class='ocrx_word' id='word_1_172' title='bbox 934 2668 1141 2752; x_wconf 83' lang='lat' dir='ltr'><strong><em>LXVIII.</em></strong></span> 
     </span>
    </p>
   </div>
   <div class='ocr_carea' id='block_1_6' title="bbox 91 2880 1712 4946">
    <p class='ocr_par' dir='ltr' id='par_1_9' title="bbox 160 2880 1712 3076">
     <span class='ocr_line' id='line_1_20' title="bbox 204 2880 1712 2970; baseline 0.003 -22"><span class='ocrx_word' id='word_1_173' title='bbox 204 2903 237 2949; x_wconf 91' lang='grc' dir='ltr'>ν.</span> <span class='ocrx_word' id='word_1_174' title='bbox 253 2883 284 2950; x_wconf 88' lang='grc'><strong>4.</strong></span> <span class='ocrx_word' id='word_1_175' title='bbox 300 2882 481 2950; x_wconf 81' lang='grc' dir='ltr'>Ἐκοπίασα</span> <span class='ocrx_word' id='word_1_176' title='bbox 501 2882 638 2968; x_wconf 78' lang='grc' dir='ltr'>κράζων,</span> <span class='ocrx_word' id='word_1_177' title='bbox 661 2880 873 2970; x_wconf 79' lang='grc' dir='ltr'>ἐβραγχίασεν</span> <span class='ocrx_word' id='word_1_178' title='bbox 896 2882 913 2947; x_wconf 89' lang='grc' dir='ltr'>ό</span> <span class='ocrx_word' id='word_1_179' title='bbox 1003 2902 1035 2949; x_wconf 91' lang='grc' dir='ltr'>ν.</span> <span class='ocrx_word' id='word_1_180' title='bbox 1043 2887 1074 2949; x_wconf 92' lang='grc'><strong>4.</strong></span> <span class='ocrx_word' id='word_1_181' title='bbox 1082 2884 1242 2950; x_wconf 64' lang='grc' dir='ltr'>[ιιιόυναυί</span> <span class='ocrx_word' id='word_1_182' title='bbox 1251 2885 1408 2965; x_wconf 73' lang='grc' dir='ltr'>σίσαρον,</span> <span class='ocrx_word' id='word_1_183' title='bbox 1419 2884 1712 2969; x_wconf 66' lang='lat' dir='ltr'>rcwaesuciceuci</span> 
     </span>
     <span class='ocr_line' id='line_1_21' title="bbox 160 2986 1170 3076; baseline -0.002 -22"><span class='ocrx_word' id='word_1_184' title='bbox 160 2987 283 3075; x_wconf 79' lang='grc' dir='ltr'>λάρυγξ</span> <span class='ocrx_word' id='word_1_185' title='bbox 300 3009 369 3076; x_wconf 89' lang='grc' dir='ltr'>μου.</span> <span class='ocrx_word' id='word_1_186' title='bbox 394 2991 492 3058; x_wconf 72' lang='lat' dir='ltr'>Vatis.</span> <span class='ocrx_word' id='word_1_187' title='bbox 509 2991 585 3054; x_wconf 88' lang='grc'><strong>665.</strong></span> <span class='ocrx_word' id='word_1_188' title='bbox 602 2990 633 3054; x_wconf 84' lang='grc'>2.</span> <span class='ocrx_word' id='word_1_189' title='bbox 949 2986 1070 3071; x_wconf 69' lang='lat' dir='ltr'>scucos</span> <span class='ocrx_word' id='word_1_190' title='bbox 1085 3007 1170 3055; x_wconf 78' lang='grc' dir='ltr'>αισα.</span> 
     </span>
    </p>

    <p class='ocr_par' dir='ltr' id='par_1_10' title="bbox 163 3090 1710 3386">
     <span class='ocr_line' id='line_1_22' title="bbox 207 3090 1709 3180; baseline 0 -20"><span class='ocrx_word' id='word_1_191' title='bbox 207 3090 307 3179; x_wconf 86' lang='grc' dir='ltr'>Ὡριγ.</span> <span class='ocrx_word' id='word_1_192' title='bbox 338 3091 500 3180; x_wconf 82' lang='grc' dir='ltr'>Ἡσυχίαω</span> <span class='ocrx_word' id='word_1_193' title='bbox 532 3091 649 3176; x_wconf 82' lang='grc' dir='ltr'>Κύριος</span> <span class='ocrx_word' id='word_1_194' title='bbox 677 3099 831 3157; x_wconf 81' lang='grc' dir='ltr'>κοπιᾶσαι</span> <span class='ocrx_word' id='word_1_195' title='bbox 857 3093 914 3177; x_wconf 82' lang='grc' dir='ltr'>μὲν</span> <span class='ocrx_word' id='word_1_196' title='bbox 1003 3095 1174 3176; x_wconf 72' lang='lat' dir='ltr'>Ouramma,</span> <span class='ocrx_word' id='word_1_197' title='bbox 1191 3094 1366 3160; x_wconf 80' lang='lat' dir='ltr'>Hnsrcnrr.</span> <span class='ocrx_word' id='word_1_198' title='bbox 1389 3097 1555 3161; x_wconf 90' lang='lat' dir='ltr'>Dominus</span> <span class='ocrx_word' id='word_1_199' title='bbox 1577 3096 1709 3161; x_wconf 91' lang='lat' dir='ltr'>labora-</span> 
     </span>
     <span class='ocr_line' id='line_1_23' title="bbox 163 3194 1710 3283; baseline 0.004 -23"><span class='ocrx_word' id='word_1_200' title='bbox 163 3194 317 3283; x_wconf 83' lang='grc' dir='ltr'>φαίνεται,</span> <span class='ocrx_word' id='word_1_201' title='bbox 335 3196 443 3282; x_wconf 75' lang='grc' dir='ltr'>ἐπειδὴ</span> <span class='ocrx_word' id='word_1_202' title='bbox 456 3195 561 3261; x_wconf 82' lang='grc' dir='ltr'>πολλοὶ</span> <span class='ocrx_word' id='word_1_203' title='bbox 573 3195 654 3282; x_wconf 80' lang='grc' dir='ltr'>βοῶν</span> <span class='ocrx_word' id='word_1_204' title='bbox 669 3196 724 3259; x_wconf 84' lang='grc' dir='ltr'>καί</span> <span class='ocrx_word' id='word_1_205' title='bbox 738 3195 912 3281; x_wconf 88' lang='grc' dir='ltr'>κηρίιττων,</span> <span class='ocrx_word' id='word_1_206' title='bbox 958 3197 1047 3261; x_wconf 85' lang='lat' dir='ltr'>visse</span> <span class='ocrx_word' id='word_1_207' title='bbox 1070 3197 1214 3279; x_wconf 84' lang='lat' dir='ltr'>videtur,</span> <span class='ocrx_word' id='word_1_208' title='bbox 1237 3201 1318 3280; x_wconf 90' lang='lat' dir='ltr'>quia</span> <span class='ocrx_word' id='word_1_209' title='bbox 1337 3201 1486 3264; x_wconf 86' lang='lat' dir='ltr'>multum</span> <span class='ocrx_word' id='word_1_210' title='bbox 1507 3203 1658 3265; x_wconf 87' lang='lat' dir='ltr'>clamans</span> <span class='ocrx_word' id='word_1_211' title='bbox 1675 3206 1710 3266; x_wconf 85' lang='lat' dir='ltr'>et</span> 
     </span>
     <span class='ocr_line' id='line_1_24' title="bbox 164 3297 1596 3386; baseline 0.003 -22"><span class='ocrx_word' id='word_1_212' title='bbox 164 3302 238 3377; x_wconf 82' lang='grc' dir='ltr'>τοὺς</span> <span class='ocrx_word' id='word_1_213' title='bbox 253 3297 426 3376; x_wconf 86' lang='grc' dir='ltr'>Ἰουδαίους</span> <span class='ocrx_word' id='word_1_214' title='bbox 441 3300 500 3364; x_wconf 77' lang='grc' dir='ltr'>ουκ</span> <span class='ocrx_word' id='word_1_215' title='bbox 516 3298 648 3365; x_wconf 82' lang='grc' dir='ltr'>ἔπειθεν.</span> <span class='ocrx_word' id='word_1_216' title='bbox 958 3299 1155 3382; x_wconf 84' lang='lat' dir='ltr'>praedicans,</span> <span class='ocrx_word' id='word_1_217' title='bbox 1170 3303 1192 3366; x_wconf 88' lang='lat' dir='ltr'>J</span> <span class='ocrx_word' id='word_1_218' title='bbox 1194 3302 1319 3366; x_wconf 89' lang='lat' dir='ltr'>udaeos</span> <span class='ocrx_word' id='word_1_219' title='bbox 1334 3321 1401 3367; x_wconf 90' lang='lat' dir='ltr'>non</span> <span class='ocrx_word' id='word_1_220' title='bbox 1417 3307 1596 3386; x_wconf 78' lang='lat' dir='ltr'>persuasit.</span> 
     </span>
    </p>

    <p class='ocr_par' dir='ltr' id='par_1_11' title="bbox 206 3399 1710 3489">
     <span class='ocr_line' id='line_1_25' title="bbox 206 3399 1710 3489; baseline 0.003 -21"><span class='ocrx_word' id='word_1_221' title='bbox 206 3424 238 3469; x_wconf 87' lang='grc' dir='ltr'>ν.</span> <span class='ocrx_word' id='word_1_222' title='bbox 256 3407 286 3486; x_wconf 87' lang='lat'>9,</span> <span class='ocrx_word' id='word_1_223' title='bbox 302 3405 352 3470; x_wconf 92' lang='lat'>10.</span> <span class='ocrx_word' id='word_1_224' title='bbox 366 3399 688 3489; x_wconf 75' lang='grc' dir='ltr'>Ἀπηλλωτριωμὲνος</span> <span class='ocrx_word' id='word_1_225' title='bbox 700 3401 835 3489; x_wconf 80' lang='grc' dir='ltr'>ἐγενήθη</span> <span class='ocrx_word' id='word_1_226' title='bbox 848 3409 913 3480; x_wconf 81' lang='grc' dir='ltr'>τοῖς</span> <span class='ocrx_word' id='word_1_227' title='bbox 1001 3420 1031 3466; x_wconf 83' lang='grc' dir='ltr'>ο.</span> <span class='ocrx_word' id='word_1_228' title='bbox 1048 3406 1078 3481; x_wconf 88' lang='grc'>9,</span> <span class='ocrx_word' id='word_1_229' title='bbox 1096 3405 1147 3467; x_wconf 91' lang='grc'>10.</span> <span class='ocrx_word' id='word_1_230' title='bbox 1163 3405 1349 3471; x_wconf 76' lang='grc' dir='ltr'>Εσίααοουε</span> <span class='ocrx_word' id='word_1_231' title='bbox 1362 3404 1482 3489; x_wconf 76' lang='lat' dir='ltr'>suctus</span> <span class='ocrx_word' id='word_1_232' title='bbox 1494 3425 1568 3472; x_wconf 77' lang='grc' dir='ltr'>τινα</span> <span class='ocrx_word' id='word_1_233' title='bbox 1581 3407 1710 3489; x_wconf 72' lang='lat' dir='ltr'>frutri-</span> 
     </span>
    </p>

    <p class='ocr_par' dir='ltr' id='par_1_12' title="bbox 91 3503 1711 3907">
     <span class='ocr_line' id='line_1_26' title="bbox 162 3503 1702 3594; baseline 0.002 -21"><span class='ocrx_word' id='word_1_234' title='bbox 162 3507 311 3593; x_wconf 82' lang='grc' dir='ltr'>άδελροίς</span> <span class='ocrx_word' id='word_1_235' title='bbox 335 3528 404 3594; x_wconf 91' lang='grc' dir='ltr'>μου,</span> <span class='ocrx_word' id='word_1_236' title='bbox 420 3508 475 3572; x_wconf 76' lang='grc' dir='ltr'>καὶ</span> <span class='ocrx_word' id='word_1_237' title='bbox 497 3503 584 3587; x_wconf 77' lang='grc' dir='ltr'>ξένος</span> <span class='ocrx_word' id='word_1_238' title='bbox 608 3511 672 3583; x_wconf 82' lang='grc' dir='ltr'>τοῖς</span> <span class='ocrx_word' id='word_1_239' title='bbox 695 3505 771 3583; x_wconf 84' lang='grc' dir='ltr'>υἱοῖς</span> <span class='ocrx_word' id='word_1_240' title='bbox 795 3504 912 3591; x_wconf 89' lang='grc' dir='ltr'>μητρός</span> <span class='ocrx_word' id='word_1_241' title='bbox 956 3503 1013 3571; x_wconf 75' lang='lat' dir='ltr'>bus</span> <span class='ocrx_word' id='word_1_242' title='bbox 1027 3507 1117 3586; x_wconf 72' lang='lat' dir='ltr'>mcIc,</span> <span class='ocrx_word' id='word_1_243' title='bbox 1137 3512 1169 3572; x_wconf 82' lang='lat' dir='ltr'>et</span> <span class='ocrx_word' id='word_1_244' title='bbox 1175 3509 1470 3592; x_wconf 67' lang='lat' dir='ltr'>peregrinucstliis</span> <span class='ocrx_word' id='word_1_245' title='bbox 1484 3513 1603 3576; x_wconf 74' lang='lat' dir='ltr'>metria</span> <span class='ocrx_word' id='word_1_246' title='bbox 1617 3528 1702 3591; x_wconf 75' lang='lat' dir='ltr'>mcc,</span> 
     </span>
     <span class='ocr_line' id='line_1_27' title="bbox 91 3596 1711 3698; baseline 0.001 -21"><span class='ocrx_word' id='word_1_247' title='bbox 91 3596 94 3606; x_wconf 43' lang='lat'><strong>¹</strong></span> <span class='ocrx_word' id='word_1_248' title='bbox 163 3633 233 3698; x_wconf 91' lang='grc' dir='ltr'>μου,</span> <span class='ocrx_word' id='word_1_249' title='bbox 249 3611 297 3676; x_wconf 82' lang='grc' dir='ltr'>ὅτι</span> <span class='ocrx_word' id='word_1_250' title='bbox 312 3610 409 3698; x_wconf 78' lang='grc' dir='ltr'>ζῆλος</span> <span class='ocrx_word' id='word_1_251' title='bbox 432 3612 520 3676; x_wconf 86' lang='grc' dir='ltr'>οίκου</span> <span class='ocrx_word' id='word_1_252' title='bbox 536 3631 593 3675; x_wconf 89' lang='grc' dir='ltr'>σου</span> <span class='ocrx_word' id='word_1_253' title='bbox 612 3606 775 3698; x_wconf 82' lang='grc' dir='ltr'>κατίφαγὲ</span> <span class='ocrx_word' id='word_1_254' title='bbox 792 3631 841 3696; x_wconf 85' lang='grc' dir='ltr'>με,</span> <span class='ocrx_word' id='word_1_255' title='bbox 856 3611 912 3675; x_wconf 84' lang='grc' dir='ltr'>καὶ</span> <span class='ocrx_word' id='word_1_256' title='bbox 955 3609 1106 3691; x_wconf 76' lang='lat' dir='ltr'>quoniam</span> <span class='ocrx_word' id='word_1_257' title='bbox 1119 3611 1207 3676; x_wconf 74' lang='lat' dir='ltr'>zelus</span> <span class='ocrx_word' id='word_1_258' title='bbox 1228 3609 1339 3676; x_wconf 72' lang='lat' dir='ltr'>dumbs</span> <span class='ocrx_word' id='word_1_259' title='bbox 1363 3617 1424 3677; x_wconf 74' lang='lat' dir='ltr'>tuce</span> <span class='ocrx_word' id='word_1_260' title='bbox 1446 3612 1579 3679; x_wconf 79' lang='lat' dir='ltr'>romedii</span> <span class='ocrx_word' id='word_1_261' title='bbox 1599 3633 1659 3695; x_wconf 81' lang='lat' dir='ltr'>me,</span> <span class='ocrx_word' id='word_1_262' title='bbox 1678 3619 1711 3681; x_wconf 77' lang='lat' dir='ltr'>ei</span> 
     </span>
     <span class='ocr_line' id='line_1_28' title="bbox 162 3712 1708 3804; baseline 0.001 -22"><span class='ocrx_word' id='word_1_263' title='bbox 162 3717 192 3782; x_wconf 87' lang='grc' dir='ltr'>οί</span> <span class='ocrx_word' id='word_1_264' title='bbox 213 3715 379 3804; x_wconf 77' lang='grc' dir='ltr'>ὀνειδισμοὶ</span> <span class='ocrx_word' id='word_1_265' title='bbox 400 3725 461 3782; x_wconf 79' lang='grc' dir='ltr'>τῶν</span> <span class='ocrx_word' id='word_1_266' title='bbox 477 3712 688 3794; x_wconf 71' lang='grc' dir='ltr'>ὀνειδιζόντων</span> <span class='ocrx_word' id='word_1_267' title='bbox 704 3735 740 3779; x_wconf 92' lang='grc' dir='ltr'>σε</span> <span class='ocrx_word' id='word_1_268' title='bbox 756 3712 911 3780; x_wconf 81' lang='grc' dir='ltr'>ἐσέπεσον</span> <span class='ocrx_word' id='word_1_269' title='bbox 955 3712 1124 3795; x_wconf 68' lang='lat' dir='ltr'>opprobriis</span> <span class='ocrx_word' id='word_1_270' title='bbox 1151 3713 1411 3796; x_wconf 65' lang='lat' dir='ltr'>exprobrantium</span> <span class='ocrx_word' id='word_1_271' title='bbox 1433 3715 1493 3780; x_wconf 77' lang='lat' dir='ltr'>cibi</span> <span class='ocrx_word' id='word_1_272' title='bbox 1525 3716 1708 3784; x_wconf 70' lang='grc' dir='ltr'>οοοίάοινιοί</span> 
     </span>
     <span class='ocr_line' id='line_1_29' title="bbox 163 3819 1129 3907; baseline -0.005 -21"><span class='ocrx_word' id='word_1_273' title='bbox 163 3819 292 3907; x_wconf 72' lang='grc' dir='ltr'>ἔτ’ὲμέ.</span> <span class='ocrx_word' id='word_1_274' title='bbox 954 3834 1129 3898; x_wconf 72' lang='lat' dir='ltr'>superbie.</span> 
     </span>
    </p>

    <p class='ocr_par' dir='ltr' id='par_1_13' title="bbox 161 3919 1708 4946">
     <span class='ocr_line' id='line_1_30' title="bbox 206 3919 1708 4011; baseline 0.001 -20"><span class='ocrx_word' id='word_1_275' title='bbox 206 3924 282 3991; x_wconf 84' lang='grc' dir='ltr'>Είισ.</span> <span class='ocrx_word' id='word_1_276' title='bbox 293 3920 704 4011; x_wconf 76' lang='grc' dir='ltr'>ΣύμμαχοςΚατηνάλωσέ</span> <span class='ocrx_word' id='word_1_277' title='bbox 713 3941 763 4008; x_wconf 79' lang='grc' dir='ltr'>με,</span> <span class='ocrx_word' id='word_1_278' title='bbox 772 3919 909 4005; x_wconf 80' lang='grc' dir='ltr'>εἴρηκεν.</span> <span class='ocrx_word' id='word_1_279' title='bbox 998 3923 1147 3988; x_wconf 86' lang='lat' dir='ltr'>Eusnsrr.</span> <span class='ocrx_word' id='word_1_280' title='bbox 1171 3923 1393 4005; x_wconf 79' lang='lat' dir='ltr'>Symmachus</span> <span class='ocrx_word' id='word_1_281' title='bbox 1410 3923 1475 3989; x_wconf 82' lang='lat' dir='ltr'>aii:</span> <span class='ocrx_word' id='word_1_282' title='bbox 1503 3925 1708 4008; x_wconf 66' lang='lat' dir='ltr'>mincmpric</span> 
     </span>
     <span class='ocr_line' id='line_1_31' title="bbox 162 4022 1706 4116; baseline -0.002 -19"><span class='ocrx_word' id='word_1_283' title='bbox 162 4025 200 4097; x_wconf 85' lang='lat' dir='ltr'>‘O</span> <span class='ocrx_word' id='word_1_284' title='bbox 212 4029 248 4094; x_wconf 77' lang='grc' dir='ltr'>δὲ</span> <span class='ocrx_word' id='word_1_285' title='bbox 259 4029 396 4116; x_wconf 88' lang='grc' dir='ltr'>Χριστός</span> <span class='ocrx_word' id='word_1_286' title='bbox 408 4031 484 4113; x_wconf 82' lang='grc' dir='ltr'>πρὸς</span> <span class='ocrx_word' id='word_1_287' title='bbox 496 4030 549 4092; x_wconf 86' lang='grc' dir='ltr'>τὸν</span> <span class='ocrx_word' id='word_1_288' title='bbox 557 4026 702 4112; x_wconf 82' lang='grc' dir='ltr'>Πατέρα·</span> <span class='ocrx_word' id='word_1_289' title='bbox 714 4022 911 4110; x_wconf 80' lang='grc' dir='ltr'>Ἠρνήσαντό</span> <span class='ocrx_word' id='word_1_290' title='bbox 954 4043 1012 4091; x_wconf 76' lang='lat' dir='ltr'>rue.</span> <span class='ocrx_word' id='word_1_291' title='bbox 1028 4029 1072 4090; x_wconf 76' lang='lat' dir='ltr'>At</span> <span class='ocrx_word' id='word_1_292' title='bbox 1083 4027 1238 4092; x_wconf 83' lang='lat' dir='ltr'>christus</span> <span class='ocrx_word' id='word_1_293' title='bbox 1253 4027 1295 4091; x_wconf 89' lang='lat' dir='ltr'>ad</span> <span class='ocrx_word' id='word_1_294' title='bbox 1308 4029 1441 4092; x_wconf 90' lang='lat' dir='ltr'>Patrem</span> <span class='ocrx_word' id='word_1_295' title='bbox 1459 4031 1580 4112; x_wconf 81' lang='lat' dir='ltr'>inquii:</span> <span class='ocrx_word' id='word_1_296' title='bbox 1596 4033 1706 4111; x_wconf 88' lang='lat' dir='ltr'>Nega·</span> 
     </span>
     <span class='ocr_line' id='line_1_32' title="bbox 164 4126 1708 4220; baseline 0.002 -23"><span class='ocrx_word' id='word_1_297' title='bbox 164 4154 213 4220; x_wconf 87' lang='grc' dir='ltr'>με,</span> <span class='ocrx_word' id='word_1_298' title='bbox 229 4135 334 4218; x_wconf 81' lang='grc' dir='ltr'>φησίν,</span> <span class='ocrx_word' id='word_1_299' title='bbox 346 4131 496 4216; x_wconf 80' lang='grc' dir='ltr'>Ἑόραίοι,</span> <span class='ocrx_word' id='word_1_300' title='bbox 509 4130 616 4217; x_wconf 77' lang='grc' dir='ltr'>ἐπειδὴ</span> <span class='ocrx_word' id='word_1_301' title='bbox 633 4130 773 4216; x_wconf 79' lang='grc' dir='ltr'>ηλεγχον</span> <span class='ocrx_word' id='word_1_302' title='bbox 788 4126 912 4206; x_wconf 68' lang='lat' dir='ltr'>casseu</span> <span class='ocrx_word' id='word_1_303' title='bbox 956 4137 1080 4195; x_wconf 88' lang='lat' dir='ltr'>verunt</span> <span class='ocrx_word' id='word_1_304' title='bbox 1091 4148 1145 4196; x_wconf 90' lang='lat' dir='ltr'>me</span> <span class='ocrx_word' id='word_1_305' title='bbox 1153 4133 1175 4196; x_wconf 87' lang='lat' dir='ltr'>J</span> <span class='ocrx_word' id='word_1_306' title='bbox 1177 4131 1274 4211; x_wconf 78' lang='lat' dir='ltr'>adai,</span> <span class='ocrx_word' id='word_1_307' title='bbox 1283 4135 1445 4213; x_wconf 91' lang='lat' dir='ltr'>quoniam</span> <span class='ocrx_word' id='word_1_308' title='bbox 1456 4150 1512 4198; x_wconf 87' lang='lat' dir='ltr'>eos</span> <span class='ocrx_word' id='word_1_309' title='bbox 1520 4136 1708 4213; x_wconf 81' lang='lat' dir='ltr'>arguebam</span> 
     </span>
     <span class='ocr_line' id='line_1_33' title="bbox 164 4233 1708 4323; baseline 0.001 -21"><span class='ocrx_word' id='word_1_310' title='bbox 164 4237 278 4315; x_wconf 84' lang='grc' dir='ltr'>αὐτοὺς</span> <span class='ocrx_word' id='word_1_311' title='bbox 293 4235 480 4323; x_wconf 79' lang='grc' dir='ltr'>γινομένους</span> <span class='ocrx_word' id='word_1_312' title='bbox 495 4237 583 4320; x_wconf 82' lang='grc' dir='ltr'>παρά</span> <span class='ocrx_word' id='word_1_313' title='bbox 604 4237 658 4301; x_wconf 87' lang='grc' dir='ltr'>τόν</span> <span class='ocrx_word' id='word_1_314' title='bbox 673 4235 760 4301; x_wconf 85' lang='grc' dir='ltr'>οίκον</span> <span class='ocrx_word' id='word_1_315' title='bbox 775 4236 828 4298; x_wconf 82' lang='grc' dir='ltr'>τὸν</span> <span class='ocrx_word' id='word_1_316' title='bbox 844 4235 909 4315; x_wconf 84' lang='grc' dir='ltr'>σόν,</span> <span class='ocrx_word' id='word_1_317' title='bbox 956 4236 1078 4316; x_wconf 90' lang='lat' dir='ltr'>impios</span> <span class='ocrx_word' id='word_1_318' title='bbox 1100 4233 1175 4299; x_wconf 88' lang='lat' dir='ltr'>fieri</span> <span class='ocrx_word' id='word_1_319' title='bbox 1198 4236 1359 4301; x_wconf 86' lang='lat' dir='ltr'>adversus</span> <span class='ocrx_word' id='word_1_320' title='bbox 1382 4236 1519 4302; x_wconf 89' lang='lat' dir='ltr'>domum</span> <span class='ocrx_word' id='word_1_321' title='bbox 1542 4242 1649 4319; x_wconf 83' lang='lat' dir='ltr'>tuam,</span> <span class='ocrx_word' id='word_1_322' title='bbox 1673 4245 1708 4303; x_wconf 79' lang='lat' dir='ltr'>et</span> 
     </span>
     <span class='ocr_line' id='line_1_34' title="bbox 163 4335 1706 4429; baseline 0.001 -23"><span class='ocrx_word' id='word_1_323' title='bbox 163 4344 218 4406; x_wconf 86' lang='grc' dir='ltr'>καί</span> <span class='ocrx_word' id='word_1_324' title='bbox 233 4340 372 4429; x_wconf 76' lang='grc' dir='ltr'>ηλαυνον</span> <span class='ocrx_word' id='word_1_325' title='bbox 389 4342 468 4427; x_wconf 80' lang='grc' dir='ltr'>μετὰ</span> <span class='ocrx_word' id='word_1_326' title='bbox 484 4335 686 4426; x_wconf 87' lang='grc' dir='ltr'>ρραγελλίου.</span> <span class='ocrx_word' id='word_1_327' title='bbox 702 4336 749 4405; x_wconf 79' lang='lat' dir='ltr'>Ob</span> <span class='ocrx_word' id='word_1_328' title='bbox 766 4337 860 4424; x_wconf 89' lang='grc' dir='ltr'>μόνον</span> <span class='ocrx_word' id='word_1_329' title='bbox 876 4337 911 4402; x_wconf 77' lang='grc' dir='ltr'>δὲ</span> <span class='ocrx_word' id='word_1_330' title='bbox 956 4337 1133 4420; x_wconf 80' lang='lat' dir='ltr'>ejiciebam</span> <span class='ocrx_word' id='word_1_331' title='bbox 1156 4357 1213 4404; x_wconf 90' lang='lat' dir='ltr'>eos</span> <span class='ocrx_word' id='word_1_332' title='bbox 1229 4356 1306 4405; x_wconf 88' lang='lat' dir='ltr'>eum</span> <span class='ocrx_word' id='word_1_333' title='bbox 1330 4340 1478 4421; x_wconf 87' lang='lat' dir='ltr'>flagello.</span> <span class='ocrx_word' id='word_1_334' title='bbox 1499 4343 1572 4406; x_wconf 91' lang='lat' dir='ltr'>Non</span> <span class='ocrx_word' id='word_1_335' title='bbox 1595 4344 1706 4408; x_wconf 86' lang='lat' dir='ltr'>solum</span> 
     </span>
     <span class='ocr_line' id='line_1_35' title="bbox 162 4441 1707 4531; baseline 0.001 -22"><span class='ocrx_word' id='word_1_336' title='bbox 162 4441 249 4524; x_wconf 79' lang='grc' dir='ltr'>ξένος</span> <span class='ocrx_word' id='word_1_337' title='bbox 272 4444 436 4531; x_wconf 75' lang='grc' dir='ltr'>ἐγενόμην,</span> <span class='ocrx_word' id='word_1_338' title='bbox 460 4444 544 4509; x_wconf 85' lang='grc' dir='ltr'>άλλόι</span> <span class='ocrx_word' id='word_1_339' title='bbox 559 4445 614 4508; x_wconf 83' lang='grc' dir='ltr'>καί</span> <span class='ocrx_word' id='word_1_340' title='bbox 636 4443 861 4529; x_wconf 77' lang='grc' dir='ltr'>ὀνειδιζόμενος</span> <span class='ocrx_word' id='word_1_341' title='bbox 877 4442 910 4523; x_wconf 79' lang='grc' dir='ltr'>ἐξ</span> <span class='ocrx_word' id='word_1_342' title='bbox 955 4444 1158 4523; x_wconf 90' lang='lat' dir='ltr'>peregrinus</span> <span class='ocrx_word' id='word_1_343' title='bbox 1173 4442 1283 4508; x_wconf 83' lang='lat' dir='ltr'>iaetus</span> <span class='ocrx_word' id='word_1_344' title='bbox 1305 4461 1391 4526; x_wconf 89' lang='lat' dir='ltr'>sum,</span> <span class='ocrx_word' id='word_1_345' title='bbox 1408 4445 1466 4509; x_wconf 88' lang='lat' dir='ltr'>sed</span> <span class='ocrx_word' id='word_1_346' title='bbox 1483 4447 1646 4512; x_wconf 88' lang='lat' dir='ltr'>conviciis</span> <span class='ocrx_word' id='word_1_347' title='bbox 1661 4449 1707 4512; x_wconf 88' lang='lat' dir='ltr'>ia·</span> 
     </span>
     <span class='ocr_line' id='line_1_36' title="bbox 161 4547 1708 4633; baseline 0.001 -20"><span class='ocrx_word' id='word_1_348' title='bbox 161 4549 275 4633; x_wconf 74' lang='lat' dir='ltr'>ebriis,</span> <span class='ocrx_word' id='word_1_349' title='bbox 291 4555 352 4616; x_wconf 83' lang='grc' dir='ltr'>τῶν</span> <span class='ocrx_word' id='word_1_350' title='bbox 367 4549 430 4613; x_wconf 82' lang='grc' dir='ltr'>άττό</span> <span class='ocrx_word' id='word_1_351' title='bbox 445 4556 507 4614; x_wconf 84' lang='grc' dir='ltr'>τῶν</span> <span class='ocrx_word' id='word_1_352' title='bbox 519 4556 664 4633; x_wconf 82' lang='grc' dir='ltr'>πονηρῶν</span> <span class='ocrx_word' id='word_1_353' title='bbox 680 4547 821 4632; x_wconf 84' lang='grc' dir='ltr'>πράξεων</span> <span class='ocrx_word' id='word_1_354' title='bbox 833 4549 910 4613; x_wconf 88' lang='grc' dir='ltr'>όνει-</span> <span class='ocrx_word' id='word_1_355' title='bbox 954 4548 1096 4611; x_wconf 83' lang='lat' dir='ltr'>cessitas</span> <span class='ocrx_word' id='word_1_356' title='bbox 1112 4549 1250 4611; x_wconf 89' lang='lat' dir='ltr'>illorum</span> <span class='ocrx_word' id='word_1_357' title='bbox 1265 4549 1326 4631; x_wconf 89' lang='lat' dir='ltr'>qui</span> <span class='ocrx_word' id='word_1_358' title='bbox 1349 4566 1408 4629; x_wconf 91' lang='lat' dir='ltr'>per</span> <span class='ocrx_word' id='word_1_359' title='bbox 1433 4547 1586 4631; x_wconf 89' lang='lat' dir='ltr'>improba</span> <span class='ocrx_word' id='word_1_360' title='bbox 1606 4568 1708 4632; x_wconf 90' lang='lat' dir='ltr'>opera</span> 
     </span>
     <span class='ocr_line' id='line_1_37' title="bbox 162 4649 1705 4738; baseline 0.001 -20"><span class='ocrx_word' id='word_1_361' title='bbox 162 4654 309 4734; x_wconf 75' lang='grc' dir='ltr'>διζόντων</span> <span class='ocrx_word' id='word_1_362' title='bbox 331 4673 385 4718; x_wconf 86' lang='grc' dir='ltr'>σε·</span> <span class='ocrx_word' id='word_1_363' title='bbox 408 4652 448 4718; x_wconf 86' lang='grc' dir='ltr'>δι’</span> <span class='ocrx_word' id='word_1_364' title='bbox 458 4653 572 4731; x_wconf 80' lang='grc' dir='ltr'>αὐτοὺς</span> <span class='ocrx_word' id='word_1_365' title='bbox 592 4653 654 4738; x_wconf 84' lang='grc' dir='ltr'>γάρ</span> <span class='ocrx_word' id='word_1_366' title='bbox 678 4649 910 4738; x_wconf 83' lang='grc' dir='ltr'>βλασφημεῖται</span> <span class='ocrx_word' id='word_1_367' title='bbox 954 4649 1246 4732; x_wconf 81' lang='lat' dir='ltr'>exprobrauitibi:</span> <span class='ocrx_word' id='word_1_368' title='bbox 1262 4669 1387 4733; x_wconf 88' lang='lat' dir='ltr'>percos</span> <span class='ocrx_word' id='word_1_369' title='bbox 1396 4654 1425 4717; x_wconf 89' lang='lat' dir='ltr'>si</span> <span class='ocrx_word' id='word_1_370' title='bbox 1434 4655 1572 4734; x_wconf 89' lang='lat' dir='ltr'>quidem</span> <span class='ocrx_word' id='word_1_371' title='bbox 1582 4671 1705 4720; x_wconf 92' lang='lat' dir='ltr'>nomen</span> 
     </span>
     <span class='ocr_line' id='line_1_38' title="bbox 162 4749 1707 4844; baseline 0.001 -20"><span class='ocrx_word' id='word_1_372' title='bbox 162 4760 198 4824; x_wconf 89' lang='grc' dir='ltr'>τό</span> <span class='ocrx_word' id='word_1_373' title='bbox 215 4756 315 4844; x_wconf 87' lang='grc' dir='ltr'>όνομά</span> <span class='ocrx_word' id='word_1_374' title='bbox 337 4755 419 4842; x_wconf 91' lang='grc' dir='ltr'>[σου]</span> <span class='ocrx_word' id='word_1_375' title='bbox 444 4758 477 4823; x_wconf 83' lang='grc' dir='ltr'>ἐν</span> <span class='ocrx_word' id='word_1_376' title='bbox 499 4765 563 4834; x_wconf 83' lang='grc' dir='ltr'>τοῖς</span> <span class='ocrx_word' id='word_1_377' title='bbox 586 4755 714 4821; x_wconf 79' lang='grc' dir='ltr'>ἔθνεσιν.</span> <span class='ocrx_word' id='word_1_378' title='bbox 732 4749 778 4821; x_wconf 89' lang='grc' dir='ltr'><strong><em>Ἢ</em></strong></span> <span class='ocrx_word' id='word_1_379' title='bbox 801 4757 848 4822; x_wconf 88' lang='grc' dir='ltr'>ότι</span> <span class='ocrx_word' id='word_1_380' title='bbox 869 4759 910 4824; x_wconf 85' lang='grc' dir='ltr'>τά</span> <span class='ocrx_word' id='word_1_381' title='bbox 953 4761 1052 4819; x_wconf 81' lang='lat' dir='ltr'>inum</span> <span class='ocrx_word' id='word_1_382' title='bbox 1062 4755 1097 4817; x_wconf 91' lang='lat' dir='ltr'>in</span> <span class='ocrx_word' id='word_1_383' title='bbox 1110 4756 1270 4832; x_wconf 83' lang='lat' dir='ltr'>gentibus</span> <span class='ocrx_word' id='word_1_384' title='bbox 1279 4755 1544 4839; x_wconf 89' lang='lat' dir='ltr'>blasphematur.</span> <span class='ocrx_word' id='word_1_385' title='bbox 1554 4761 1615 4824; x_wconf 88' lang='lat' dir='ltr'>Vel</span> <span class='ocrx_word' id='word_1_386' title='bbox 1626 4762 1707 4842; x_wconf 90' lang='lat' dir='ltr'>quia</span> 
     </span>
     <span class='ocr_line' id='line_1_39' title="bbox 161 4856 1705 4946; baseline -0.001 -18"><span class='ocrx_word' id='word_1_387' title='bbox 161 4871 219 4928; x_wconf 82' lang='grc' dir='ltr'>τοῦ</span> <span class='ocrx_word' id='word_1_388' title='bbox 234 4861 359 4946; x_wconf 87' lang='grc' dir='ltr'>Πατρός</span> <span class='ocrx_word' id='word_1_389' title='bbox 375 4859 477 4945; x_wconf 85' lang='grc' dir='ltr'>όνείδη</span> <span class='ocrx_word' id='word_1_390' title='bbox 495 4860 597 4924; x_wconf 82' lang='grc' dir='ltr'>οἰκεῖα</span> <span class='ocrx_word' id='word_1_391' title='bbox 611 4856 788 4945; x_wconf 82' lang='grc' dir='ltr'>ἐλογίσατο,</span> <span class='ocrx_word' id='word_1_392' title='bbox 805 4861 910 4927; x_wconf 85' lang='grc' dir='ltr'>τάττε-</span> <span class='ocrx_word' id='word_1_393' title='bbox 955 4859 1064 4924; x_wconf 83' lang='lat' dir='ltr'>Patris</span> <span class='ocrx_word' id='word_1_394' title='bbox 1084 4857 1263 4938; x_wconf 89' lang='lat' dir='ltr'>opprobria</span> <span class='ocrx_word' id='word_1_395' title='bbox 1276 4859 1341 4922; x_wconf 89' lang='lat' dir='ltr'>sibi</span> <span class='ocrx_word' id='word_1_396' title='bbox 1365 4863 1501 4943; x_wconf 89' lang='lat' dir='ltr'>propria</span> <span class='ocrx_word' id='word_1_397' title='bbox 1523 4865 1705 4944; x_wconf 83' lang='lat' dir='ltr'>reputavit,</span> 
     </span>
    </p>
   </div>
   <div class='ocr_carea' id='block_1_7' title="bbox 162 4944 1845 5053">
    <p class='ocr_par' dir='ltr' id='par_1_14' title="bbox 162 4944 1845 5053">
     <span class='ocr_line' id='line_1_40' title="bbox 162 4944 1845 5053; baseline -0.003 -19"><span class='ocrx_word' id='word_1_398' title='bbox 162 4971 192 5053; x_wconf 89' lang='grc' dir='ltr'>ρί</span> <span class='ocrx_word' id='word_1_399' title='bbox 207 4973 267 5033; x_wconf 81' lang='grc' dir='ltr'>τῶν</span> <span class='ocrx_word' id='word_1_400' title='bbox 283 4963 528 5050; x_wconf 79' lang='grc' dir='ltr'>είδωλολατρῶν,</span> <span class='ocrx_word' id='word_1_401' title='bbox 545 4962 689 5048; x_wconf 84' lang='grc' dir='ltr'>καθάπερ</span> <span class='ocrx_word' id='word_1_402' title='bbox 705 4961 833 5043; x_wconf 81' lang='grc' dir='ltr'>Παῠλός</span> <span class='ocrx_word' id='word_1_403' title='bbox 848 4986 910 5051; x_wconf 85' lang='grc' dir='ltr'>ρη-</span> <span class='ocrx_word' id='word_1_404' title='bbox 955 4965 998 5028; x_wconf 91' lang='lat' dir='ltr'>ab</span> <span class='ocrx_word' id='word_1_405' title='bbox 1014 4962 1181 5026; x_wconf 90' lang='lat' dir='ltr'>idolorum</span> <span class='ocrx_word' id='word_1_406' title='bbox 1192 4963 1390 5045; x_wconf 72' lang='lat' dir='ltr'>cultoribus,</span> <span class='ocrx_word' id='word_1_407' title='bbox 1399 4970 1438 5028; x_wconf 83' lang='lat' dir='ltr'>ut</span> <span class='ocrx_word' id='word_1_408' title='bbox 1450 4965 1552 5030; x_wconf 86' lang='lat' dir='ltr'>habet</span> <span class='ocrx_word' id='word_1_409' title='bbox 1567 4968 1703 5032; x_wconf 82' lang='lat' dir='ltr'>Paulus:</span> <span class='ocrx_word' id='word_1_410' title='bbox 1840 4944 1845 4968; x_wconf 61' lang='lat'>⁸</span> 
     </span>
    </p>
   </div>
   <div class='ocr_carea' id='block_1_8' title="bbox 140 5135 1709 5296">
    <p class='ocr_par' dir='ltr' id='par_1_15' title="bbox 140 5135 1709 5296">
     <span class='ocr_line' id='line_1_41' title="bbox 196 5135 1709 5210; baseline -0.001 -12"><span class='ocrx_word' id='word_1_411' title='bbox 196 5142 246 5198; x_wconf 88' lang='lat' dir='ltr'>Ps.</span> <span class='ocrx_word' id='word_1_412' title='bbox 260 5153 366 5210; x_wconf 84' lang='lat' dir='ltr'>nxvrrr,</span> <span class='ocrx_word' id='word_1_413' title='bbox 378 5157 407 5196; x_wconf 90' lang='lat' dir='ltr'>v.</span> <span class='ocrx_word' id='word_1_414' title='bbox 419 5139 445 5194; x_wconf 90' lang='grc'>4.</span> <span class='ocrx_word' id='word_1_415' title='bbox 457 5137 525 5195; x_wconf 74' lang='lat' dir='ltr'>var.</span> <span class='ocrx_word' id='word_1_416' title='bbox 539 5141 564 5195; x_wconf 82' lang='grc'>7.</span> <span class='ocrx_word' id='word_1_417' title='bbox 957 5135 1047 5193; x_wconf 78' lang='lat' dir='ltr'>uxod.</span> <span class='ocrx_word' id='word_1_418' title='bbox 1061 5151 1160 5208; x_wconf 81' lang='lat' dir='ltr'>xxxii,</span> <span class='ocrx_word' id='word_1_419' title='bbox 1173 5135 1216 5193; x_wconf 87' lang='grc'><strong>62.</strong></span> <span class='ocrx_word' id='word_1_420' title='bbox 1231 5136 1334 5210; x_wconf 84' lang='lat' dir='ltr'>Pergit</span> <span class='ocrx_word' id='word_1_421' title='bbox 1347 5138 1500 5210; x_wconf 81' lang='lat' dir='ltr'>Eusebius,</span> <span class='ocrx_word' id='word_1_422' title='bbox 1514 5137 1667 5198; x_wconf 73' lang='lat' dir='ltr'>deficiente</span> <span class='ocrx_word' id='word_1_423' title='bbox 1679 5157 1709 5196; x_wconf 86' lang='lat' dir='ltr'>a·</span> 
     </span>
     <span class='ocr_line' id='line_1_42' title="bbox 140 5221 1138 5296; baseline -0.009 -9"><span class='ocrx_word' id='word_1_424' title='bbox 140 5289 141 5292; x_wconf 64' lang='grc'>,</span> <span class='ocrx_word' id='word_1_425' title='bbox 197 5248 224 5287; x_wconf 85' lang='grc' dir='ltr'>ν.</span> <span class='ocrx_word' id='word_1_426' title='bbox 237 5229 255 5284; x_wconf 88' lang='grc'>9</span> <span class='ocrx_word' id='word_1_427' title='bbox 267 5233 298 5284; x_wconf 82' lang='lat' dir='ltr'>ei</span> <span class='ocrx_word' id='word_1_428' title='bbox 309 5229 353 5284; x_wconf 86' lang='grc'>29.</span> <span class='ocrx_word' id='word_1_429' title='bbox 367 5227 473 5282; x_wconf 74' lang='lat' dir='ltr'>March.</span> <span class='ocrx_word' id='word_1_430' title='bbox 486 5225 560 5282; x_wconf 86' lang='lat' dir='ltr'>Ibid.</span> <span class='ocrx_word' id='word_1_431' title='bbox 575 5239 636 5296; x_wconf 82' lang='lat' dir='ltr'>xxi,</span> <span class='ocrx_word' id='word_1_432' title='bbox 651 5225 693 5280; x_wconf 93' lang='grc'>12.</span> <span class='ocrx_word' id='word_1_433' title='bbox 708 5223 792 5281; x_wconf 88' lang='lat' dir='ltr'>Rom.</span> <span class='ocrx_word' id='word_1_434' title='bbox 808 5244 856 5296; x_wconf 82' lang='lat' dir='ltr'>xv,</span> <span class='ocrx_word' id='word_1_435' title='bbox 871 5229 912 5282; x_wconf 86' lang='lat'>13.</span> <span class='ocrx_word' id='word_1_436' title='bbox 959 5221 999 5281; x_wconf 85' lang='lat' dir='ltr'>lio</span> <span class='ocrx_word' id='word_1_437' title='bbox 1013 5222 1138 5280; x_wconf 88' lang='lat' dir='ltr'>nomine.</span> 
     </span>
    </p>
   </div>
   <div class='ocr_carea' id='block_1_9' title="bbox 0 0 1988 6100">
    <p class='ocr_par' dir='ltr' id='par_1_16' title="bbox 0 0 1988 6100">
     <span class='ocr_line' id='line_1_43' title="bbox 0 0 1988 6100; baseline 0 0"><span class='ocrx_word' id='word_1_438' title='bbox 0 0 1988 6100; x_wconf 95' lang='lat' dir='ltr'> </span> 
     </span>
    </p>
   </div>
  </div>
 </body>
</html>
