3966 6108
845 485 1052 550 EUSEBIUS
1650 489 1712 552 481

170 625 222 691 ἐπὶ
233 634 291 712 της
302 633 363 710 γῆς
374 624 544 691 ἐθνῶνκαλ
555 625 590 689 τό
603 624 725 711 σφόδρα
736 625 918 710 ύπερυψῶσ·
961 645 1007 692 aae
1018 633 1126 707 terrae,
1143 632 1176 691 et
1191 629 1341 692 omnium
1355 630 1390 691 in
1404 627 1483 693 orbe
1495 631 1663 710 gentium,
1681 635 1714 693 et

170 729 223 794 θαι
238 731 333 797 αὐτόν
355 731 433 815 ὑπὲρ
455 729 577 807 πάντας
598 733 671 808 τοὺς
694 733 778 809 όπιυς
799 729 919 816 δήποτε
963 731 1053 814 quod
1068 731 1284 796 vehementer
1304 734 1471 796 exaltatus
1491 739 1542 797 eat
1563 752 1665 816 snper
1681 751 1714 797 o-

169 833 356 922 νοουμένους
369 833 476 912 ύιούς.
964 853 1060 899 mnes
1080 851 1293 917 quocumque
1317 835 1414 900 modo
1442 836 1520 901 deos
1544 838 1715 901 existima·

173 937 176 950 '
963 944 1025 1004 tos.

216 1064 249 1109 v.
268 1046 318 1109 10.
335 1041 373 1108 Oi
389 1042 574 1131 ἀγαπῶντες
588 1046 642 1109 τόν
657 1042 784 1129 Κύριον,
802 1052 919 1129 μισεῖτε
1007 1061 1038 1107 ν.
1057 1045 1107 1106 10.
1123 1044 1185 1120 Qui
1199 1042 1342 1125 delinitis
1353 1045 1536 1124 Dominam,
1551 1042 1634 1119 odite
1644 1059 1713 1107 mn-

170 1147 319 1232 πονηρόν.
342 1147 507 1212 Φυλάσσει-
528 1145 644 1231 Κύριος
659 1149 716 1225 τάς
738 1149 843 1234 ψυχάς
857 1157 918 1214 τῶν
962 1149 1040 1215 lem.
1052 1148 1717 1214 όνιιιοάίυάῶοιιιὶιιασοιιιιιιοιυαιιοιοαακι

171 1251 264 1318 όσόων
280 1253 386 1334 αὐτοῦ,
402 1254 457 1318 καὶ
479 1251 519 1316 έκ
532 1255 637 1338 χειρός
660 1251 849 1338 όιμαρτοιλοῦ
867 1252 918 1338 ρύ-
961 1267 1104 1331 eumont,
1134 1249 1215 1316 etde
1241 1268 1340 1316 meno
1358 1253 1540 1332 peccatorio
1566 1251 1716 1317 liberabit

169 1377 259 1422 σεται
274 1356 397 1434 αύτούς.
963 1373 1024 1421 eos.

213 1459 269 1537 Τίς
284 1460 301 1524 ό
316 1457 433 1544 τρόπος
454 1459 590 1545 ὑπάρχει
603 1468 662 1546 της
683 1461 754 1543 περὶ
775 1464 830 1526 τὸν
852 1459 916 1525 Κύ-
1005 1459 1121 1533 Qualis
1133 1457 1253 1522 modus
1265 1459 1310 1522 sit
1322 1477 1410 1523 verae
1423 1475 1506 1538 erga
1514 1461 1623 1524 Deum
1635 1460 1716 1524 cha·

170 1585 236 1650 ριον
251 1563 390 1648 ἀληθοῦς
405 1562 543 1649 ἀγάπης,
560 1562 709 1648 διασαφεῖ
721 1560 840 1648 λέγων·
860 1561 918 1628 Κι-
961 1563 1083 1642 utatis,
1095 1562 1243 1626 declarat
1254 1564 1378 1628 dicens:
1398 1563 1711 1630 oditemclcmme-

171 1676 255 1733 σεϊτε
269 1665 403 1750 πονηρά.
420 1667 465 1731 Ού
480 1667 541 1750 γάρ
553 1666 684 1730 δυνατόν
701 1668 780 1752 όμοῦ
795 1667 849 1732 καὶ
862 1689 918 1732 κα-
962 1667 992 1729 ri
1008 1667 1099 1730 enim
1115 1669 1235 1748 nequit
1246 1673 1285 1732 ut
1299 1671 1403 1733 simul
1417 1675 1450 1732 et
1465 1688 1534 1732 una
1546 1670 1715 1749 diligatur

171 1774 212 1837 τά
226 1773 342 1838 τοαυτό
357 1773 413 1836 καὶ
428 1774 481 1836 τόν
496 1769 613 1856 Κύριον
628 1773 735 1836 καὶτὰ
750 1775 874 1858 πονηρὰ
884 1772 920 1837 ά-
963 1774 996 1833 et
1011 1771 1175 1834 Dominus
1192 1776 1226 1834 et
1241 1774 1379 1835 malum.
1404 1774 1627 1848 Quamobrem
1643 1792 1715 1838 rec-

170 1885 295 1964 γαπᾶν·
310 1875 418 1960 διόπερ
432 1877 492 1962 την
507 1877 578 1960 περὶ
591 1877 646 1940 τόν
661 1875 778 1961 Κύριον
790 1876 919 1962 ἀγάπην
962 1879 1018 1937 tus
1037 1875 1117 1938 ordo
1139 1875 1315 1940 charitatis
1338 1878 1374 1940 in
1397 1879 1589 1959 Dominum,
1613 1879 1713 1943 debet

170 1981 388 2068 κατορθῶτὲον
411 1982 462 2046 διὰ
476 1991 532 2046 τοῦ
548 1989 647 2066 μισεῖν
669 1983 724 2045 καὶ
739 1980 920 2067 βδελύττεσ·
965 1995 1037 2043 esse
1063 1980 1179 2043 odium
1205 1987 1239 2044 et
1264 1981 1441 2044 detestatio
1465 1981 1712 2064 cujuscumque

171 2086 224 2152 θαι
244 2095 308 2151 πᾶν
329 2089 478 2172 πονηρόν,
504 2084 647 2151 τουτέστι
670 2088 727 2164 τὰς
749 2091 820 2152 κατ’
836 2087 917 2164 εἴδος
964 2084 1065 2163 mali,
1096 2084 1130 2147 id
1153 2089 1205 2148 eat
1227 2085 1366 2148 malitiae
1397 2084 1548 2164 euJusvie
1575 2089 1713 2165 generis

170 2188 297 2275 κακίας,
318 2193 353 2255 ui
372 2187 520 2275 πονηρίαι
534 2191 829 2276 προσαγορεύονται.
853 2191 918 2257 Φυ-
961 2203 1046 2267 quas
1061 2193 1183 2251 vocant
1208 2191 1388 2271 nequitias.
1418 2190 1581 2256 Custodiet
1604 2193 1713 2256 Domi

171 2292 284 2358 λάσσει
299 2294 334 2358 δέ
356 2293 472 2379 Κύριος
494 2296 552 2370 τάς
574 2294 689 2379 ψυχάς,
706 2294 743 2358 ού
765 2303 826 2360 τῶν
841 2294 918 2360 πάν·
960 2307 1024 2356 ooo
1037 2293 1175 2370 aereas,
1195 2309 1262 2356 non
1275 2293 1438 2372 omnium,
1454 2295 1513 2358 sed
1528 2298 1713 2361 cumeorum

171 2419 244 2480 τιυν,
257 2396 341 2462 άλλά
355 2406 416 2462 τῶν
428 2393 521 2462 ὁσίων
536 2395 642 2480 αὐτοῦ,
654 2398 709 2461 καὶ
720 2397 758 2462 ἐκ
768 2400 872 2484 χειρός
884 2398 919 2463 ά·
961 2413 1105 2476 merem,
1134 2401 1166 2460 et
1179 2396 1217 2462 de
1245 2415 1345 2462 oenoe
1355 2400 1537 2480 peccatoris
1562 2399 1714 2464 liberabit
1786 2474 1788 2478 ¹

175 2501 341 2587 μαρτυλοῦ
358 2500 486 2584 ῥύσεται
500 2501 623 2577 αύτούς.
636 2498 717 2566 Τότε
731 2502 803 2586 γὰρ,
819 2503 872 2567 ότε
884 2505 920 2567 τό
964 2517 1023 2564 eor.
1040 2499 1179 2576 Quando
1191 2501 1298 2564 enim:
1316 2503 1410 2582 [ριιύσ
1423 2506 1498 2566 arete
1512 2503 1621 2582 ajacem
1629 2519 1714 2585 pre·

171 2615 232 2689 πῦρ
248 2604 387 2670 ἐναντίον
404 2603 500 2669 αὐτοῦ
523 2605 760 2690 προπορεύεται,
776 2608 831 2671 καὶ
846 2607 921 2693 φλο-
964 2605 1059 2685 cedet,
1077 2610 1108 2670 et
1121 2605 1338 2691 inflammabit
1357 2606 1394 2670 ιἰι
1409 2607 1549 2671 niratica
1563 2607 1713 2674 inimicos

172 2718 236 2795 γιεῖ
247 2708 368 2787 πάντας
382 2711 454 2786 τούς
469 2707 602 2795 ἐχθρούς
617 2709 724 2793 αύτοῦ,
743 2711 801 2789 τόις
815 2712 922 2798 ψυχάς
965 2709 1045 2791 ejrer,
1077 2716 1161 2775 tunc
1189 2712 1317 2777 animer
1346 2715 1529 2776 scateam
1558 2712 1715 2778 mucor

169 2823 232 2880 τῶν
256 2811 348 2880 ὁσίων
371 2812 469 2878 αὐτοῦ
494 2813 624 2898 φυλάξει
639 2814 657 2878 ό
678 2812 804 2900 Κύριος,
820 2817 864 2894 εἰς
886 2817 922 2881 τὸ
964 2818 1133 2897 Dominus,
1152 2818 1200 2880 ita
1215 2822 1254 2880 ut
1269 2817 1356 2880 nihil
1371 2817 1413 2880 ab
1428 2817 1511 2895 igne
1527 2818 1711 2898 patiantur,

170 2918 269 3005 μηδὲν
291 2919 391 2996 αὐτάς
414 2919 474 2982 ύπύ
496 2928 553 2983 τοῦ
578 2919 675 3002 πυρός
696 2919 817 3003 παθεῖν,
841 2921 922 3008 μηδὲ
965 2938 1076 3003 neque
1113 2920 1443 3003 comprehendantur
1480 2921 1516 2985 in
1553 2922 1712 2986 manibus

168 3031 238 3101 ταῖς
253 3032 315 3091 τῶν
334 3021 529 3109 ἁμαρτωλῶν
544 3022 663 3108 χερσὶν,
686 3023 827 3090 τουτέστι
842 3025 921 3111 πρά·
963 3032 1188 3108 peccatorum,
1205 3025 1292 3091 idest
1306 3026 1342 3089 in
1357 3026 1495 3090 illorum
1511 3026 1679 3107 operibus.

165 3126 233 3206 ξεσι
247 3126 552 3213 συμπεριληφθῆναι.

214 3229 281 3297 Τοῦ
296 3231 393 3295 αύτοῦ
408 3230 513 3295 πάλιν.
528 3229 566 3296 ‘O
581 3229 675 3317 λόγος
691 3231 918 3320 ἐπαγγελτικὸς
1004 3233 1159 3315 mecam
1172 3234 1302 3298 iterem.
1314 3235 1524 3298 vaticinium
1540 3235 1655 3314 vergit
1670 3235 1712 3300 ad

169 3331 321 3419 τυγχάνει
335 3343 391 3398 τοῦ
406 3343 468 3399 τῶν
476 3334 613 3400 ,δικαίων
628 3333 748 3414 τέλους.
763 3334 859 3422 Καλῇ
883 3337 918 3402 δὲ
958 3338 1235 3414 annuntiandum
1249 3337 1352 3400 finem
1365 3337 1555 3419 justorum3
1578 3357 1618 3402 ac
1640 3341 1713 3420 pul·

167 3435 255 3516 τάξει
267 3434 432 3523 κέχρηται,
445 3440 486 3503 τά
498 3440 554 3523 μὲν
566 3438 737 3524 σκυθρωπά
748 3437 916 3525 προτάξας,
961 3439 1042 3502 σύτο
1059 3439 1212 3520 procedit
1226 3440 1354 3521 ordine,
1370 3448 1490 3505 moesta
1513 3444 1548 3505 iu
1564 3447 1713 3507 anteces-

169 3539 311 3628 ιρυλάξας
326 3543 362 3607 δέ
376 3543 418 3607 τά
432 3541 623 3628 ραιδρότερα
638 3543 682 3620 εἰς
701 3544 737 3608 τὸ
752 3541 842 3620 τέλος
857 3551 919 3610 τῶν
962 3560 1039 3606 sum
1050 3544 1270 3624 praemittens,
1287 3545 1450 3608 hilariora
1464 3550 1579 3610 autem
1591 3548 1627 3610 in
1641 3545 1711 3610 fine

167 3647 281 3734 λόγον.
963 3664 1157 3711 sermonum
1169 3665 1356 3714 reservans.

202 3856 230 3896 ν.
243 3839 286 3894 10.
299 3835 394 3895 Vatia.
407 3839 449 3908 11,
463 3838 506 3893 16.
519 3836 564 3892 cf.
577 3855 621 3911 ps.
635 3853 718 3896 xevr.
731 3838 758 3893 3.

747 4011 917 4090 Peolmur
941 4009 1116 4089 XCVII.

207 4263 238 4308 v.
255 4246 285 4309 2.
302 4242 509 4328 Ἀπεκάλυψε
520 4245 578 4330 την
590 4243 791 4328 δικαιοσύνην
802 4221 910 4307 αύτοῦ.
955 4239 1020 4308 τίον
1035 4242 1160 4308 πάντων
1174 4251 1235 4311 τῶν
1246 4243 1342 4311 ἐθνῶν
1358 4244 1575 4333 ἀπεκάλυψεν·
1591 4249 1628 4312 ού
1643 4247 1705 4333 γάρ

206 4347 324 4434 Κρόνος
349 4351 367 4414 ό
393 4348 510 4433 Κύριος
536 4345 657 4414 δίκαιον
686 4348 766 4413 εἶναι
792 4346 912 4425 πάντας
957 4347 1060 4424 άλλως
1076 4347 1208 4414 δυνατόν
1222 4349 1264 4435 ην
1280 4351 1356 4414 αύτό
1370 4349 1561 4435 θεάσασθαι,
1578 4353 1622 4437 μη
1639 4350 1711 4438 ούχλ

161 4454 235 4530 τούς
250 4447 432 4537 ἀνθρώπους
447 4452 480 4533 ἐξ
494 4453 564 4517 ἴσου
579 4460 636 4537 της
654 4450 729 4537 παρ’
741 4453 837 4516 αὐτοῦ
854 4473 913 4516 συ·
957 4461 1014 4536 τῆς
1029 4451 1158 4538 χάριτος
1172 4461 1228 4517 τοῦ
1242 4451 1361 4539 Κυρίου
1377 4452 1633 4540 ἀποκαλυψάσης
1650 4455 1706 4518 αύ-

161 4556 272 4643 τηρύας
286 4557 490 4642 καταξιῶσαι,
502 4558 539 4621 τό
552 4555 706 4642 σιοτηριον
718 4557 814 4622 αὐτοῦ
825 4557 913 4622 έναν-
957 4564 1012 4642 τῷ.
1037 4559 1135 4624 Velie.
1154 4559 1205 4621 16.

195 4775 245 4834 Pa.
265 4793 362 4850 xovn,
374 4796 402 4836 v.
419 4781 445 4850 2,
458 4780 484 4834 6.
506 4778 602 4835 Vatia.
616 4779 659 4834 16.
678 4777 857 4846 Quibuscum
874 4777 912 4834 ei.
957 4781 1091 4850 pergant,
1105 4781 1153 4830 τοῦ
1170 4779 1247 4832 dccii
1266 4777 1383 4846 omisso,
1401 4783 1525 4849 ποιοῦμεν
1543 4784 1620 4851 ἡμεῖς
1637 4784 1710 4852 λογι·

159 4881 225 4938 quea
237 4864 431 4938 euprafuaiua
441 4865 473 4921 in
483 4871 586 4922 nostro
596 4865 733 4938 Origene,
742 4884 770 4939 p.
782 4867 841 4938 187,
852 4867 913 4927 188·
956 4867 1009 4930 κάς
1025 4866 1137 4931 κιθάρας
1153 4868 1188 4917 τὰ
1204 4867 1322 4933 ημότιρα
1339 4869 1489 4934 στόματα...
1506 4869 1638 4936 πλάκτρον
1652 4872 1708 4924 οῦ...

159 4953 257 5022 Atque
269 4951 379 5022 legesis
391 4951 430 5007 ad
441 4969 469 5010 ν.
480 4953 505 5007 6.
519 4950 625 5007 acholii
636 4950 834 5022 fragmentum
851 4953 914 5025 pln-
957 4953 1009 5005 τῶν
1020 4954 1219 5018 κρουσμάτων...
1229 4968 1282 5022 pro
1295 4954 1420 5020 μουσικός
1432 4955 1587 5022 έπιστημον,
1598 4959 1644 5010 eat
1656 4955 1708 5010 ali-

38 5050 41 5058 ’
157 5055 276 5094 uacum
296 5035 464 5093 Eusebiano
477 5042 706 5093 consentaneum
722 5037 755 5092 in
770 5037 823 5093 col.
844 5039 912 5095 1231
956 5036 988 5093 bi
1000 5041 1125 5107 μουσικός
1136 5041 1192 5107 μετ’
1205 5041 1356 5108 ἐπιστήμης.
1370 5037 1427 5094 Sed
1446 5037 1537 5095 taedat
1554 5040 1644 5096 toties
1656 5059 1708 5098 na·

158 5125 190 5196 0,
202 5141 258 5182 nac
268 5124 352 5199 piget
367 5141 415 5180 me
426 5141 494 5180 mea
505 5123 668 5195 emandare,
681 5141 747 5196 quae
757 5123 858 5180 malim
871 5124 914 5181 eie
956 5128 1021 5179 tera
1034 5122 1153 5180 eosdem
1165 5140 1230 5181 aeae
1249 5129 1280 5181 et
1298 5124 1436 5197 Origenia
1449 5131 1480 5182 at
1496 5125 1617 5184 Eusebii
1630 5145 1707 5185 com-

158 5211 318 5286 incipiant:
330 5215 384 5267 Καὶ
394 5217 489 5267 τοῦτον
500 5215 547 5267 τόν
555 5215 638 5282 νόμον
649 5215 739 5267 ῑῦιιν...
747 5210 835 5284 paulo
845 5218 913 5285 post
957 5209 1126 5268 manierias.

240 5319 390 5364 ινιιιιστι
411 5320 454 5380 ιιι,
477 5305 523 5361 31.
