3966 6104
385 558 544 626 modom
557 537 783 643 amodsslms,
801 560 842 625 de
857 561 1103 626 resurrectione
1158 606 1382 624 .....
1431 577 1439 596 ·
1484 605 1491 621 .
1541 608 1548 624 .
1594 604 1603 623 .
1647 575 1727 644 pag.
1774 562 1839 626 613

472 669 521 731 De
535 666 642 731 libero
656 670 797 734 arbitrio
830 713 1276 732 .........
1291 669 1294 675 “
1324 712 1661 731 .......
1773 666 1839 732 615

472 775 521 839 De
536 773 608 838 vita
622 779 657 839 et
671 777 803 840 actibus
818 776 943 840 rationi
957 775 1192 840 consentaneis
1216 818 1663 838 .........
1758 769 1838 838 ibid.

469 885 518 948 De
533 886 618 950 cibis
633 884 676 950 ad
692 884 866 948 Chilonam
885 927 1113 948 .....
1119 905 1122 910 ·
1158 925 1662 945 ..........
1758 875 1838 944 ibid.

469 990 518 1053 De
533 992 628 1073 lepra
643 990 685 1053 ad
700 991 854 1054 Istelium
883 1033 1656 1053 ...............
1770 988 1835 1051 616

470 1096 520 1159 De
534 1096 750 1176 sanguisuga
764 1099 817 1160 eto
833 1139 1657 1159 ................
1755 1090 1834 1158 thui.

468 1203 508 1265 In
524 1202 684 1267 Genesim
721 1243 1655 1267 ..................
1768 1199 1835 1264 617

388 1308 488 1376 Varia
501 1313 533 1375 et
544 1315 640 1377 auom
658 1309 868 1376 coislimna.
884 1311 933 1375 De
947 1309 1195 1374 resurrectione
1210 1351 1655 1373 .........
1689 1305 1832 1371 617-621

467 1417 517 1481 De
532 1417 695 1500 martyrio
721 1455 1654 1482 ..................
1769 1410 1831 1475 621

468 1522 639 1587 Delibero
655 1523 796 1587 arbitrio
829 1563 1656 1586 ................
1770 1516 1836 1581 622

467 1628 517 1692 De
532 1629 702 1693 creatione
717 1671 1656 1691 ..................
1768 1622 1836 1688 624

379 1733 431 1797 Ad
446 1733 636 1799 Ohronioon
649 1732 802 1817 praefatio
816 1733 907 1798 Petri
922 1733 1111 1798 monaehi.
1157 1780 1165 1797 .
1211 1781 1220 1798 .
1259 1750 1266 1764 ·
1267 1775 1656 1797 ........
1769 1728 1835 1793 627

291 1837 396 1905 Aucta
409 1839 620 1906 emundata
662 1883 1654 1906 ...................
1767 1836 1831 1903 628

291 1945 429 2014 lodices.

379 2054 490 2120 series
503 2053 597 2118 codd.
613 2071 691 2118 mss.
708 2054 769 2136 qui
783 2052 998 2137 potissimum
1012 2056 1104 2118 tomo
1119 2053 1349 2120 inservierunt
1371 2095 1653 2118 ......
1766 2049 1833 2114 632

377 2165 561 2244 catalogus
576 2167 731 2229 veterum
746 2164 951 2247 scriptorum
988 2209 998 2228 .
1048 2205 1655 2229 ............
1768 2161 1834 2226 633

377 2267 484 2332 Index
498 2269 637 2333 moralis
652 2286 695 2332 ex
708 2272 799 2333 tomo
813 2287 840 2334 11
854 2271 958 2335 simul
974 2273 1009 2334 et
1023 2287 1062 2333 111
1099 2313 1652 2334 ...........
1764 2266 1832 2332 634

381 2371 552 2443 Elenohus
566 2377 739 2443 variarum
753 2394 868 2442 rerum
885 2422 1272 2442 ........
1296 2426 1299 2434 .
1319 2421 1655 2441 .......
1767 2375 1833 2440 636
