4008 6094
310 449 350 512 10
968 454 1178 522 ORIGENES

306 587 517 676 supputatam
528 589 643 675 αὐτῶν,
655 601 694 678 τῇ
709 590 795 678 δόξη,
808 602 852 679 τῷ
862 591 996 678 πλούτῳ,
1011 604 1052 680 τη
1097 597 1142 660 da
1163 615 1280 660 rernm
1303 597 1427 679 qrsrbns
1442 604 1602 664 utuntur:
1619 599 1747 684 gloria,
1763 601 1848 668 divi·

308 693 455 780 εὐωχίᾳ·
472 695 564 760 οἱονεί
574 697 636 781 γὰρ
651 695 803 764 ἐσθίουσιν
815 699 938 781 αύτούς,
951 697 1055 782 ὥσπερ
1099 703 1237 781 tiaram,
1265 703 1506 783 prosperitatis.
1529 705 1583 768 Sic
1603 707 1694 768 enim
1709 725 1776 788 eos,
1792 726 1847 771 ve-

308 796 432 883 χόρτον,
449 798 478 863 οἱ
493 799 729 879 κολακεύοντες.
745 801 811 867 Καὶ
825 803 866 866 τόι
880 800 1007 888 λάχανα
1021 802 1056 865 δὲ
1100 806 1154 869 lut
1191 805 1329 886 fenum,
1359 807 1546 871 corrodunt
1574 807 1775 874 adulatores.
1805 811 1849 874 Et

308 903 350 968 τὰ
364 912 421 988 τής
436 903 536 990 χλόης
551 904 600 970 ἐπ’
619 905 724 991 ὀλίγον
747 905 843 990 ἀνθεῖ,
866 905 921 970 εἰτ’
943 905 1056 982 εὐθέος
1101 908 1160 971 illa
1182 909 1362 973 herbarum
1386 911 1481 973 olera
1495 929 1603 992 pauco
1626 912 1849 994 temperatio

307 1006 430 1071 πίπτει·
451 1009 478 1074 εί
500 1010 554 1074 ούν
572 1009 762 1094 πρόσκαιρος
784 1009 930 1095 δχόρτος
944 1009 999 1073 καί
1020 1010 1056 1072 τό
1101 1016 1185 1091 rent,
1207 1017 1282 1076 tum
1305 1013 1397 1077 illico
1424 1014 1593 1078 decidunt.
1617 1015 1652 1079 Si
1675 1032 1758 1094 ergo
1780 1032 1849 1079 mo·

308 1109 459 1197 λάχανον,
484 1115 512 1178 εἰ
537 1113 572 1178 δὲ
587 1113 767 1199 ἁμαρτωλοί
788 1111 907 1190 τούτοις
925 1112 1056 1178 ἀπεικά-
1100 1115 1167 1178 dici
1189 1116 1252 1178 aevi
1275 1116 1391 1180 fenum
1418 1121 1478 1197 cst,
1501 1119 1591 1182 sicut
1619 1121 1720 1199 olera,
1735 1135 1849 1200 pecca·

307 1215 424 1300 ζονται,
440 1216 624 1302 πρόσκαιροι
638 1217 678 1282 ἂν
693 1218 764 1282 τίεν.
781 1217 882 1282 Πάλιν
905 1216 932 1282 εἰ
954 1214 1055 1301 λόιχα·
1099 1223 1188 1283 tores
1211 1237 1290 1284 vero
1313 1223 1342 1285 si
1364 1222 1458 1286 hisce
1480 1221 1583 1286 rebus
1606 1224 1848 1304 assimilantur,

308 1342 360 1386 νον
376 1324 431 1387 καί
446 1322 560 1409 χόρτος
582 1321 794 1410 ἐπισυμβαίνει
815 1331 854 1407 τῇ
876 1331 929 1407 γη,
951 1319 1056 1407 χόρτῳ
1098 1323 1246 1387 breviter
1258 1322 1413 1388 duraturi
1427 1329 1518 1389 sunt.
1535 1328 1662 1390 Iterum
1677 1328 1798 1391 siclus
1815 1333 1849 1390 et

307 1427 344 1492 δὲ
359 1430 414 1493 καί
427 1430 558 1516 λαχάνῳ
574 1430 734 1517 ὁμοιοῦται
754 1429 777 1515 η
800 1426 908 1513 κακία,
928 1428 1056 1512 ἑπισυμ-
1100 1426 1217 1490 fenum
1238 1427 1400 1493 decidunt
1424 1429 1459 1492 in
1482 1432 1618 1509 terram,
1634 1429 1711 1493 feno
1733 1435 1848 1494 autern

309 1529 391 1618 βατὴ
408 1532 508 1618 ἄραή
524 1531 632 1597 κακία.
648 1531 695 1598 Oi
710 1532 759 1596 δεῖ
770 1529 871 1596 τοίνυν
885 1540 985 1595 ταῦτα
1000 1528 1057 1613 ζη-
1101 1536 1135 1596 et
1156 1532 1239 1595 oleri
1261 1533 1469 1596 assimilatur
1494 1533 1634 1614 malitia,
1650 1550 1732 1612 ergo
1754 1535 1850 1598 mall·

308 1633 394 1719 λοῦν,
411 1638 454 1701 ύν
469 1637 510 1700 τὰ
526 1637 582 1721 μὲν
597 1635 647 1701 ἐπ’
670 1633 777 1720 ἀτιμίᾳ
791 1633 942 1718 ρίπτεται,
964 1632 1057 1698 τὰδὲ
1100 1637 1149 1700 tia
1171 1637 1298 1699 caduca
1325 1639 1385 1700 est.
1417 1639 1603 1702 caveamus
1630 1655 1713 1717 ergo
1740 1656 1783 1702 ne
1810 1655 1851 1702 ea

307 1741 381 1825 τωρλ
391 1739 605 1825 παραδίδοται,
617 1747 675 1822 της
684 1738 790 1823 ἀκμῆς
801 1733 1057 1820 τήςπροσκαίρου
1100 1741 1311 1820 aemulemur,
1327 1756 1475 1820 quorum
1487 1743 1555 1804 alia
1570 1759 1648 1806 cum
1661 1743 1851 1821 ignominia

309 1843 524 1931 παυσαμένης,
548 1842 589 1921 ὡς
615 1845 655 1909 τὰ
674 1841 776 1929 χλόης
799 1839 976 1926 λάχαναδ
997 1840 1056 1924 τήν
1099 1844 1335 1927 projiciuntur,
1357 1845 1425 1908 alla
1451 1845 1634 1909 traduntur
1662 1847 1747 1927 igni,
1766 1845 1848 1910 liora

215 2029 219 2039 ἱ
307 1957 421 2037 χρήσιν
436 1949 470 2015 ἐν
485 1957 528 2035 τῷ
544 1947 693 2034 χλοάζειν
708 1948 826 2032 ἔχουσι.
1100 1948 1270 2013 modicum
1299 1953 1375 2030 post
1402 1953 1543 2029 tempus
1576 1949 1729 2029 evanido,
1762 1950 1852 2013 sicut

1102 2054 1193 2117 olera
1215 2053 1372 2133 virentia,
1396 2069 1472 2134 quae
1495 2070 1564 2116 non
1587 2053 1714 2118 habant
1739 2070 1850 2133 unam,

1101 2158 1168 2222 nisi
1191 2156 1354 2238 quamdiu
1377 2158 1498 2221 virent.

351 2283 383 2327 ν.
400 2262 430 2327 θ.
446 2259 512 2327 Καὶ
526 2259 637 2341 ἐξοίσει
649 2259 691 2338 ὡς
702 2268 768 2346 φύς
778 2257 978 2344 δικαιοσύνην
989 2278 1056 2322 σου.
1145 2278 1177 2324 v.
1201 2265 1231 2325 6.
1254 2263 1300 2326 Et
1320 2259 1427 2328 εύιιτεί
1448 2262 1545 2344 quasi
1560 2261 1850 2342 lumcajttstitiom

1101 2369 1201 2432 tuom.

351 2466 427 2546 Φῶς
452 2467 661 2553 δικαιοσύνης,
688 2475 819 2553 γνῶσις·
845 2466 914 2532 ἐπεί
940 2465 1056 2531 δικαιο·
1144 2471 1273 2534 Lumen
1295 2467 1448 2551 justitia,
1478 2471 1620 2534 scientia
1653 2476 1714 2551 est,
1742 2488 1849 2552 quum

309 2571 388 2656 σύνη
400 2570 505 2637 κανύν
520 2571 603 2637 ἐστιν
618 2573 747 2657 ἀρετῶν.
1096 2573 1233 2656 justitia
1252 2575 1298 2638 sit
1320 2576 1442 2652 regula
1463 2575 1641 2638 virtutum.

352 2698 384 2742 v.
399 2679 449 2742 11.
462 2675 502 2742 Οἱ
516 2677 552 2741 δὲ
563 2686 672 2762 πραεῖς
683 2673 975 2762 κληρονομήσουσιν
985 2684 1056 2763 γῆν,
1149 2693 1182 2740 v.
1208 2678 1259 2741 ll.
1287 2677 1453 2742 Monocoli
1477 2681 1584 2742 antem
1610 2676 1854 2743 mediabant

311 2783 368 2846 καί
382 2780 675 2868 κατατρυῳήσουσιν
691 2781 741 2846 ἐπί
759 2779 1022 2867 miseratricis·
1101 2786 1237 2862 ewam,
1266 2785 1299 2848 εί
1322 2781 1561 2847 delectabuntur
1586 2782 1624 2846 itt
1644 2780 1853 2846 multitudim

1095 2901 1200 2968 ραται.

355 2990 465 3076 Τρυφή
482 2987 613 3073 δικαίου,
628 2986 749 3073 πλῆθος
772 2984 916 3072 εἰρήνης·
938 2985 1057 3073 πλῆθος
1145 2989 1308 3070 Voluptas
1328 2985 1416 3068 justi
1438 2993 1490 3053 est
1511 2988 1719 3054 abundantia
1739 2988 1846 3070 pacis;

307 3091 344 3156 δὲ
359 3091 486 3177 εἰρήνης
500 3091 584 3157 ἐστιν
599 3089 736 3157 ἀπάθεια
751 3092 856 3176 ψυχής
879 3092 959 3177 μετὰ
976 3089 1056 3178 γνύ·
1100 3092 1284 3158 multitudo
1299 3097 1414 3156 autem
1422 3093 1514 3173 pacis
1521 3094 1622 3173 plena
1629 3093 1751 3156 animae
1757 3097 1847 3155 tran·

309 3216 391 3273 στοις
405 3205 466 3262 τύν
481 3197 577 3262 ὄντων
592 3193 728 3280 ἀληθῶς.
1101 3198 1264 3280 quillltas,
1285 3215 1365 3260 curn
1379 3197 1574 3276 cognitione
1590 3212 1704 3260 rerum
1719 3213 1795 3278 quaa
1809 3198 1846 3260 in

1100 3303 1244 3366 veritate
1266 3306 1410 3366 exstant.

353 3424 385 3470 v.
404 3405 453 3470 18.
470 3403 620 3470 Γινύσκει
633 3403 750 3490 Κύριος
764 3405 820 3482 τὰς
834 3403 925 3482 ὁδούς
940 3411 1001 3470 τῶν
1020 3403 1056 3468 ἀ·
1144 3423 1176 3469 ν.
1202 3407 1252 3469 18.
1267 3405 1367 3472 Novit
1380 3405 1538 3470 Dominus
1555 3404 1643 3470 aiom
1659 3403 1846 3471 ιἰιιιῦῦοαία·

309 3509 434 3598 μύμοιν.
1100 3514 1214 3576 torum.

354 3613 420 3691 Τὰς
434 3619 492 3697 τῆς
509 3612 616 3699 ψυχῆς
629 3611 760 3699 ἡμέρας,
785 3614 898 3690 αίτινες
918 3610 1057 3697 γίνονται
1143 3611 1267 3698 [Novit]
1289 3612 1362 3677 dies
1383 3613 1515 3691 animae,
1538 3612 1614 3675 illos
1636 3627 1757 3691 nempe
1784 3611 1843 3692 qni

308 3719 368 3784 ύπό
383 3727 427 3805 τῷ
440 3715 521 3803 ήλίῳ
535 3727 592 3803 τῆς
607 3719 816 3804 δικαιοσύνης.
1100 3719 1164 3783 sub
1186 3719 1255 3782 sole
1273 3716 1416 3797 justitia
1437 3717 1686 3794 transiguntur.

352 3843 384 3889 ν.
399 3825 439 3888 19
454 3822 510 3888 Ἐν
521 3822 653 3910 ἡμέραις
669 3822 761 3909 λιμοῦ
776 3819 1056 3909 χορτασθήσονται,
1145 3840 1177 3886 ν.
1193 3823 1242 3886 19.
1255 3823 1300 3886 Et
1312 3821 1349 3884 ia
1360 3818 1586 3902 talasano
1599 3817 1842 3898 saturabuntur,

307 3929 356 3994 ότι
371 3929 400 3994 oi
415 3928 595 4016 ἁμαρτωλοί
610 3930 809 3994 ἀπολοῦνται
1100 3928 1252 4011 quoldum
1266 3927 1447 4005 peccatores
1462 3921 1624 4002 peribunt.

351 4032 407 4099 Ἐν
422 4042 465 4119 τῷ
478 4035 562 4120 αὐτῷ
573 4043 671 4119 καιρῷ
684 4032 883 4120 ἁμαρτωλοῖς
898 4032 986 4118 λιμός
1002 4032 1053 4117 ήν,
1146 4033 1185 4094 ln
1216 4045 1283 4109 quo
1312 4032 1461 4109 ternpore
1487 4024 1720 4108 peccatoribus
1742 4024 1847 4090 fames

307 4132 419 4204 Ἠλίαν
431 4138 466 4203 δὲ
479 4137 613 4223 ἄγγελος
624 4139 679 4202 καί
693 4133 791 4221 κόραξ
805 4136 860 4201 καί
870 4134 958 4222 χήρα
973 4134 1057 4220 ἔθρε-
1104 4139 1186 4215 arat,
1208 4133 1320 4196 Ellam
1342 4148 1423 4195 vero
1446 4131 1591 4209 angelus
1612 4133 1646 4193 at
1666 4145 1788 4192 corvus
1814 4135 1848 4192 et

310 4347 485 4427 lignantes
512 4347 707 4427 emulatur,
736 4350 775 4410 ut
806 4350 939 4411 arescat
971 4346 1062 4410 siout
1106 4359 1243 4408 occasus
1266 4340 1399 4420 excipit,
1416 4342 1450 4402 et
1463 4337 1562 4418 cujus
1577 4353 1645 4400 non
1662 4338 1846 4404 succedens

311 4437 438 4515 fenum,
463 4439 497 4499 et
517 4435 581 4499 hoc
604 4453 682 4500 eum
706 4453 773 4499 non
796 4435 900 4515 tarde,
917 4435 975 4500 sed
991 4435 1058 4498 cito
1103 4432 1219 4497 lumen
1235 4430 1408 4508 interimit,
1423 4427 1481 4491 sed
1496 4425 1696 4506 soljustitiae
1708 4427 1845 4508 lucebit,

311 4541 385 4589 esse
400 4542 596 4606 passurum3
613 4542 690 4588 cum
705 4541 786 4587 vero
800 4525 859 4604 qui
876 4525 1056 4588 aemulatur
1101 4522 1160 4603 qui
1182 4525 1315 4584 noctem
1338 4519 1474 4580 nesciat.
1498 4517 1560 4578 BB.
1585 4518 1658 4579 667.

311 4613 473 4676 facientes
495 4613 721 4693 iniquitatem,
744 4613 900 4693 sequitur
915 4618 954 4677 ut
968 4614 1058 4677 sicut
1147 4613 1294 4675 Romans
1316 4625 1345 4670 ο.
1372 4608 1411 4669 19
1427 4604 1558 4686 proiice
1578 4606 1715 4685 εαροιιύί,
1738 4603 1845 4670 addito

313 4703 404 4765 olera
416 4701 596 4766 herbarum
609 4703 675 4766 cito
687 4700 828 4766 decidat.
837 4700 898 4765 BB.
907 4701 1058 4782 656,657.
1104 4713 1226 4780 quoquc
1236 4695 1320 4761 Elia
1334 4697 1366 4758 et
1378 4695 1506 4759 Μακιια
1519 4695 1667 4776 coempto.
1691 4697 1753 4760 ΒΒ.
1770 4695 1843 4770 656,

357 4794 505 4855 Rurmos
525 4792 562 4854 ιἰι
575 4809 605 4855 ο.
625 4791 674 4854 18.
692 4792 746 4855 1111
769 4795 850 4854 sunt
865 4790 1060 4854 immacula·
1106 4786 1179 4851 657.

312 4883 425 4943 torum
438 4879 520 4959 dies,
535 4880 570 4942 in
586 4879 711 4961 quibus
723 4897 790 4943 non
806 4881 869 4944 iste
884 4881 944 4961 sol,
957 4895 1058 4962 quem

313 5033 346 5090 in
366 5031 468 5088 multis
489 5031 676 5087 consentiunt
691 5030 806 5088 codices
821 5030 965 5089 Vaticani.
985 5030 1057 5099 Qua
1137 5043 1164 5084 r.
1178 5027 1203 5097 6,
1217 5028 1258 5098 11,
1272 5025 1314 5097 18,
1324 5025 1391 5084 Vnt.
1403 5027 1428 5082 5.

313 5127 412 5176 tamen
425 5118 503 5174 idam
514 5119 549 5172 cl.
561 5117 608 5175 vir
619 5117 706 5174 affert
716 5117 748 5174 in
760 5137 787 5176 ν.
798 5119 823 5189 3,
834 5119 858 5190 5,
868 5120 893 5189 6,
904 5135 939 5175 aa
950 5117 1058 5192 partim
1137 5131 1164 5171 v.
1178 5115 1219 5168 19.
1228 5113 1295 5170 Vat.
1304 5113 1345 5168 15.
1358 5113 1397 5168 Is.
1410 5131 1438 5184 v,
1448 5112 1472 5170 θ.
1487 5111 1579 5171 axod.
1593 5125 1656 5181 xri,
1669 5109 1712 5166 22.
1726 5123 1762 5168 111
1774 5109 1847 5182 Bag.

313 5207 424 5279 Gyrillo
437 5205 744 5264 ascribunturinVat
759 5207 800 5264 14.
1102 5203 1145 5274 ίύ,
1158 5219 1219 5274 sqq.
1233 5200 1317 5272 Joan,
1331 5203 1410 5273 11,AE
