4020 6098
287 405 353 466 «256
886 439 889 446 ·
962 405 1172 473 ualeamus

288 549 325 612 τό
347 547 524 633 εὐχαριστῶ
547 569 595 615 σοι
612 547 811 632 ἀποδίδοται,
831 549 916 615 οίον·
939 549 1034 633 εὔχα-
1065 537 1179 630 οἶμαι,
1215 550 1368 616 refertur
1385 555 1428 618 ad
1457 555 1548 619 istud
1557 568 1571 619 ':'
1601 558 1736 620 Gratius
1761 571 1833 636 ago

290 659 383 736 ριστῶ
399 673 457 735 σοι,
475 653 522 717 ότι
533 651 676 732 ἑδίδαξάς
688 674 727 739 με
742 655 781 719 ἐκ
791 663 846 718 τοῦ
859 652 955 738 νόμου
967 674 1035 736 σου,
1081 654 1155 734 tibi,
1171 652 1261 736 quod
1272 654 1426 722 docueris
1439 677 1492 722 me
1504 659 1617 737 legem
1630 666 1735 740 tuam,
1748 661 1830 741 quid

288 753 378 827 ποῖόν
392 755 458 822 ἐστι
472 759 509 822 τό
524 754 644 822 δίκαιον
655 758 709 820 καί
720 759 757 822 τό
769 757 887 836 ἄδικον,
905 758 956 820 ίνα
967 765 1037 821 τοῦ·
1082 754 1271 836 ¹sitjustum
1289 765 1323 822 et
1337 761 1514 842 injustum,
1539 769 1578 826 ut
1604 765 1699 826 illam
1722 766 1833 826 custo·

289 880 343 924 τον
358 859 504 946 ρυλίιξυι·
520 859 659 947 μαθόντα
674 861 729 925 οὖν
742 861 780 924 τό
794 858 914 925 δίκαιον
930 860 968 924 ἐκ
982 869 1037 924 τοῦ
1082 861 1183 925 diam.
1201 865 1283 928 Cum
1299 865 1409 942 igitur
1423 865 1600 929 didicerim
1617 868 1754 944 exlege
1770 871 1831 929 tua

289 961 387 1049 νόμου
402 985 459 1029 σου
474 965 529 1028 καί
552 963 750 1049 φυλάττοντα
766 974 868 1046 τοῦτο,
892 964 1036 1049 αίτοῦμαι
1082 965 1307 1046 quidjustum
1320 969 1374 1046 sit,
1388 969 1540 1050 illudque
1551 970 1752 1050 custodiam,
1765 988 1832 1050 me,

288 1067 332 1152 μὴ
346 1067 569 1152 ἐγκαταλιπεῖν
585 1089 633 1153 με,
647 1068 727 1132 ῶστε
738 1066 914 1151 ἡττηθῆναι
930 1067 1036 1131 δεινῶν
1082 1086 1175 1149 rogo,
1192 1088 1234 1134 ne
1249 1071 1297 1134 ita
1312 1072 1537 1154 derelinquas,
1554 1078 1593 1136 ut
1603 1080 1764 1156 superent
1776 1092 1830 1137 mc

288 1169 392 1235 όντυν
407 1168 695 1253 προσπαλαιόντυν.
725 1209 766 1218 -
790 1168 900 1234 Καλόν
923 1169 1037 1234 δὲκαὶ
1083 1173 1142 1253 qui
1165 1173 1292 1240 feroces
1308 1180 1398 1254 sunt,
1427 1183 1461 1240 et
1482 1195 1536 1240 mc
1559 1183 1771 1258 oppugnant.
1791 1213 1830 1223 -

286 1274 323 1337 τό
338 1273 397 1350 ἕως
420 1273 558 1359 σφόδρα·
581 1274 664 1338 αἰτεῖ
682 1275 744 1358 γὰρ
768 1275 812 1359 μὴ
835 1273 1037 1361 γυμνωθῆναι
1082 1276 1226 1340 Pulchre
1240 1283 1355 1356 autem
1370 1279 1467 1342 addit
1479 1281 1573 1344 illud:
1588 1297 1829 1362 usquequaque

286 1385 344 1462 τῆς
358 1375 448 1454 θείας
464 1374 662 1463 ἐπικουρίας·
679 1377 777 1463 μέτρα
792 1380 864 1463 γὰρ,
882 1381 987 1464 φησίν,
1003 1381 1034 1442 ί·
1081 1381 1167 1461 petit
1182 1382 1273 1443 enim
1286 1399 1328 1445 ne
1340 1382 1456 1446 divino
1472 1383 1600 1446 auxilio
1613 1383 1828 1448 destituatur.

285 1501 336 1567 χει
351 1477 373 1563 ἡ
388 1479 517 1568 δύναμίς
537 1503 606 1568 μου.
629 1481 683 1566 Md
701 1504 740 1570 με
762 1492 827 1561 τοῖς
842 1483 920 1568 ὑπὲρ
944 1483 1038 1550 δύνα-
1083 1484 1239 1548 limitem
1256 1487 1347 1548 enim
1375 1485 1487 1565 hebet,
1513 1488 1584 1568 aits
1596 1487 1707 1550 virtus
1732 1505 1830 1552 mea:

290 1605 340 1671 μιν
355 1595 539 1672 πειρασμοῖς
562 1585 733 1671 ὑποόάλῆς,
751 1588 832 1673 μηδὲ
850 1586 972 1673 σφόδρα
986 1589 1038 1674 ὲγ-
1082 1603 1125 1650 ne
1146 1605 1199 1651 me
1221 1590 1311 1652 ultra
1337 1591 1427 1653 vires
1465 1606 1558 1654 meas
1584 1590 1830 1655 tentationibus

288 1686 467 1774 καταλίπῃς
483 1711 531 1774 με.
554 1690 669 1768 Πιστός
684 1691 720 1755 δὲ
735 1692 752 1755 ό
767 1690 859 1774 Θεός,
876 1693 935 1757 σῦκ
949 1693 1037 1769 ἐάσει
1083 1690 1233 1771 objicias,
1248 1711 1288 1756 πο
1302 1692 1509 1774 ιίεαοίίιιρυοε
1524 1711 1574 1758 nte
1588 1711 1829 1778 usquaqueque:

286 1790 372 1878 ἡμᾶς
384 1793 591 1880 πειρασθῆναι
605 1796 683 1878 ὑπὲρ
698 1797 716 1860 ὃ
731 1795 900 1883 δυνάμεθα.
1085 1817 1103 1856 <<
1120 1796 1244 1862 Fidelis
1260 1804 1375 1861 autem
1405 1800 1496 1863 Deus
1524 1799 1582 1880 qui
1605 1815 1673 1862 non
1699 1799 1829 1888 patitur

595 1943 598 1952 Δ
754 1981 760 1988 ¹
1081 1919 1143 1966 nos
1160 1904 1286 1966 tentari
1301 1921 1405 1984 supra
1420 1902 1454 1966 id
1470 1901 1559 1984 quod
1574 1904 1784 1983 possimus.»

293 2035 295 2040 ·
334 2022 367 2068 r.
384 2004 415 2067 9.
431 2002 487 2068 Ἐν
509 2003 567 2069 τίνι
588 2003 782 2088 κατορθώσει
804 2004 956 2089 νεώτερος
978 2007 1037 2090 τὴν
1124 2008 1163 2069 V.
1179 2009 1208 2069 9.
1221 2007 1333 2089 Ῑπρυο
1347 2006 1723 2089 ιοπαίροῖσιίοίοοοοπίιον
1737 2008 1825 2072 oium

286 2103 362 2172 όδόν
377 2105 490 2192 αὐτοῦς
507 2106 541 2172 όν
556 2114 600 2193 τῷ
616 2107 813 2193 φυλάξασθαι
833 2113 906 2188 τοὺς
922 2109 1036 2199 λόγους
1081 2115 1192 2177 meam?
1207 2113 1250 2175 Ic
1265 2110 1466 2177 astruendo
1480 2129 1640 2177 teramum
1654 2117 1736 2176 taos.
1779 2149 1781 2154 ,

285 2228 353 2274 σου.
1083 2247 1089 2254 -

287 2339 288 2344 ’
328 2312 591 2381 Διόασκέσθυσοιν
619 2314 649 2380 οί
678 2317 749 2401 ἄρτι
777 2317 1034 2404 συμπληροῦντες
1096 2320 1188 2395 ,θυι
1218 2319 1414 2383 tirocinium
1444 2319 1539 2384 verbi
1569 2321 1743 2396 exercent,¹
1766 2316 1826 2399 qui

283 2419 338 2484 τόν
352 2415 457 2503 λόγον,
474 2419 502 2483 σί
516 2421 562 2485 ἔτι
586 2420 741 2506 νεῶτεροι,
757 2420 787 2486 οἱ
798 2421 920 2507 Υμηκέτι
935 2427 1032 2511 χωρίς
1074 2421 1228 2503 juniores
1245 2423 1355 2489 adbuc
1367 2427 1457 2503 sunt,
1466 2422 1537 2502 Jam
1550 2421 1701 2486 nondum
1713 2423 1830 2485 viven-

283 2530 339 2586 τοῦ
360 2521 456 2609 νόμου
479 2523 604 2607 ζῶντες,
627 2526 678 2604 οῖς
694 2524 848 2610 ὶλῆλυθεν
870 2527 892 2612 ἡ
919 2528 1031 2614 ἐντολὴ
1079 2532 1129 2592 tes
1145 2533 1240 2591 extra
1256 2529 1379 2606 legem,
1396 2527 1520 2607 quibus
1536 2531 1742 2608 preceptum
1759 2525 1827 2602 ,nei

284 2635 340 2692 τοῦ
354 2625 447 2711 Θεοῦ,
463 2629 517 2728 οὓς
533 2630 666 2714 ἄρχεται
687 2639 784 2696 κινεῖν
799 2633 854 2696 καί
869 2632 1030 2716 καταράσ-
1078 2636 1242 2716 pervenit,
1258 2650 1343 2714 quos
1359 2633 1479 2714 incipit
1501 2636 1677 2713 peccatum
1692 2647 1827 2693 movere

285 2751 350 2798 σοιν
365 2731 386 2817 ἡ
400 2732 548 2820 ἁμαρτία,
562 2732 735 2819 κατορθοῦν
747 2733 866 2800 ἑαυτῶν
878 2739 937 2822 τὴν
948 2737 1031 2821 tato,
1078 2742 1113 2801 et
1124 2738 1335 2817 conturbare,
1350 2738 1554 2802 edoceantur
1569 2736 1718 2814 dirigere
1734 2734 1826 2796 viam

281 2839 337 2902 καί
351 2837 419 2924 ἅμα
441 2846 484 2923 τῷ
506 2838 686 2924 ἐπαπορεῖν,
702 2839 756 2915 καί
778 2838 886 2924 ζητεῖν
901 2850 968 2919 πῶς
991 2842 1030 2907 ἂν
1076 2858 1185 2920 suam,
1206 2847 1241 2904 et
1255 2842 1359 2906 simul
1375 2859 1414 2903 ac
1429 2839 1661 2918 titubaverint,
1677 2839 1827 2920 inquire·

280 2941 414 3028 γένοιτο,
437 2941 655 3029 διδασκόμενοι
683 2942 854 3027 φυλάσσειν
878 2947 951 3023 τοὺς
980 2945 1032 3010 λό-
1077 2962 1114 3009 re
1130 2945 1221 3008 unde
1244 2945 1278 3008 id
1293 2945 1422 3022 veniat;
1447 2943 1581 3023 eruditi,
1612 2941 1745 3006 discant
1767 2959 1825 3004 cu·

278 3068 355 3132 γους
376 3056 431 3112 τοῦ
454 3045 547 3114 Θεοῦ.
563 3046 860 3131 Ἀπσκρινίσθιυσαν
882 3049 916 3115 ἐν
935 3049 1026 3136 εῦχῆ,
1077 3048 1202 3112 stodire
1213 3066 1386 3112 sermones
1398 3048 1469 3127 Dei3
1479 3048 1515 3110 in
1526 3046 1677 3110 oratione
1689 3061 1828 3127 respon·

278 3152 334 3216 καί
348 3149 529 3236 λεγίτυσαν
551 3157 594 3236 τῶ
614 3150 700 3237 Θεῷ·
716 3151 771 3217 Ἐν
793 3159 837 3238 τῷ
852 3152 1025 3237 φυλάττεσ-
1077 3151 1189 3232 deant,
1206 3158 1240 3215 et
1254 3151 1369 3215 dicant
1384 3151 1470 3214 Deo:
1487 3151 1530 3213 Io
1544 3147 1746 3214 custodiendo
1760 3165 1828 3213 ser·

279 3254 332 3320 θαι
346 3257 419 3333 τοὺς
434 3254 547 3340 λόγους
564 3276 631 3320 σου.
1076 3271 1183 3342 mortes
1194 3258 1278 3320 taos.

287 3389 289 3396 ·
323 3358 388 3424 Καί
402 3359 515 3425 πόλιν·
537 3357 698 3443 Νείιτερος
721 3364 738 3423 ό
761 3359 825 3423 ἀπό
845 3368 907 3424 τῶν
929 3359 1026 3426 ἐθνῶν
1117 3359 1315 3424 Etruros:
1331 3357 1582 3422 Adolescentior
1605 3361 1657 3420 est
1678 3356 1824 3437 populus

277 3459 365 3544 λαός,
381 3461 398 3524 ό
414 3460 547 3538 σκολιῶς
569 3465 630 3544 πρό
644 3469 703 3546 τῆς
725 3462 860 3539 πίστεως
882 3463 1024 3548 όδείισας,
1074 3462 1264 3541 agentibus
1276 3462 1450 3541 oriundus,
1458 3462 1518 3542 qui
1530 3458 1595 3524 fide
1608 3461 1758 3524 nondum
1770 3477 1824 3523 su·

277 3565 312 3632 ίν
333 3565 390 3631 τίνι
413 3563 607 3649 κατορθώσει
629 3567 687 3650 τῆν
709 3566 782 3631 όδόν
805 3567 912 3650 αὐτοῦ,
935 3569 957 3653 ip
980 3577 1023 3654 τῷ
1073 3570 1180 3648 cepta,
1191 3570 1280 3629 torta
1291 3568 1348 3628 via
1363 3565 1569 3630 ambulabat:
1585 3566 1628 3628 Io
1642 3581 1702 3646 quo
1717 3563 1821 3628 corri-

277 3668 492 3754 ιρυλόισσεσθαι
507 3672 579 3746 τοὺς
602 3668 715 3756 λόγους
731 3681 788 3736 τοῦ
811 3669 912 3756 Θεοῦ;
927 3669 949 3755 ἡ
965 3674 1027 3757 γὰρ
1069 3676 1125 3753 pet
1135 3672 1224 3735 oium
1234 3689 1338 3750 mcum,
1357 3671 1423 3734 nisi
1439 3671 1476 3733 io
1486 3668 1687 3734 eustodiendo
1704 3685 1822 3733 sermo-

276 3774 380 3840 ἔννοια
395 3783 449 3838 τσῦ
472 3775 562 3838 θείου
577 3772 673 3860 νόμου
695 3774 873 3861 καθαρτικη
896 3777 951 3840 καί
967 3799 1024 3861 po·
1072 3792 1129 3838 ιιοο
1139 3775 1223 3840 Dei?
1234 3777 1336 3853 Legis
1352 3775 1443 3837 enim
1456 3774 1579 3837 divinae
1592 3773 1821 3852 intelligentia

276 3875 423 3962 λακτική.
441 3877 564 3956 Παντός
578 3879 662 3944 ἐστιν
675 3878 721 3944 τό·
734 3878 789 3946 Ἐν
800 3880 858 3946 τίνι
869 3881 1026 3966 κατορθῶ-
1070 3880 1140 3942 vim
1148 3878 1443 3942 habetmundandi
1452 3881 1486 3940 et
1493 3876 1728 3940 conservandi.
1737 3878 1829 3957 Spe-¹

276 4002 324 4047 σει
340 3983 358 4046 ό
373 3981 524 4066 νεώτερος
546 3984 603 4059 τὰς
618 3983 709 4060 όδοὺς
725 3984 838 4068 αὐτοῦ;
862 3984 896 4050 ἐν
912 3993 956 4070 τῷ
971 4006 1027 4069 po-
1071 3989 1141 4048 ctat
1151 3985 1193 4048 ad
1206 3999 1484 4064 unumquemque
1500 3980 1602 4045 illud:
1619 3982 1662 4044 Ic
1675 3997 1737 4061 quo
1752 3995 1822 4045 cor·

276 4085 451 4152 λόσσεσθαι
465 4089 540 4163 τοὺς
556 4085 669 4171 λόγους
685 4107 752 4169 σου,
774 4090 847 4166 τοὺς
869 4089 1025 4176 ἐσπαρμέ-
1070 4091 1157 4170 αἱροῖ
1170 4086 1399 4152 adolescentior
1412 4086 1500 4150 oium
1514 4088 1632 4151 autom?
1651 4086 1694 4148 Io
1715 4088 1817 4150 auto-

238 4223 241 4228 ·
275 4209 349 4266 νους
360 4199 427 4268 ταῖς
438 4189 541 4268 θείαις
552 4199 688 4276 γραφαῖς
700 4211 707 4228 ·
719 4190 952 4279 φυλασσόμενοι
962 4196 1024 4281 γὰρ
1070 4192 1182 4258 dietario
1198 4209 1357 4258 εοπνιοιιοι
1372 4195 1452 4272 tuos,
1469 4209 1525 4256 eos
1540 4208 1662 4272 nempe
1677 4191 1738 4273 qui
1752 4189 1819 4254 dis·

274 4412 356 4466 mna;
370 4395 407 4452 ab
419 4395 501 4452 hisce
511 4397 590 4452 enim
602 4396 715 4454 verbis:
730 4401 812 4466 pttpa
822 4401 879 4465 ῖχει
892 4399 1026 4470 usquein
1070 4402 1134 4453 tmn
1145 4395 1242 4453 tenuit
1259 4401 1290 4452 et
1301 4395 1449 4466 integrum
1466 4393 1716 4460 commentarium,
1736 4409 1823 4464 quern

272 4481 370 4554 finem,
382 4489 488 4540 cuncta
495 4482 617 4554 Origeni
624 4483 760 4540 tribuunt
769 4484 885 4540 codices
894 4484 1026 4542 corderii
1070 4486 1097 4541 si
1109 4485 1216 4540 misere
1232 4482 1382 4550 laceravit,
1403 4498 1463 4536 non
1479 4479 1613 4554 neglexit
1633 4479 1672 4535 ad
1689 4478 1822 4551 singtuoe

273 4577 305 4628 et
317 4571 527 4627 Maurinorum.
1069 4570 1192 4628 laciniae
1208 4571 1349 4626 lectorem
1366 4569 1402 4625 de
1419 4569 1525 4624 lacuna
1548 4585 1676 4624 monere.
1698 4567 1730 4622 Si
1747 4566 1823 4622 bane

311 4675 338 4713 v.
352 4659 378 4712 9.
393 4657 459 4713 Vat.
468 4658 494 4724 9,
508 4656 551 4711 11.
561 4653 605 4711 cf.
615 4655 665 4710 Pe.
676 4672 763 4726 xxiv,
774 4657 798 4711 7.
809 4656 915 4713 Thren.
926 4675 971 4730 111,
980 4659 1024 4715 27.
1069 4659 1217 4716 intellexi:
1230 4663 1255 4713 oi
1266 4661 1359 4727 μηκέτι
1369 4663 1449 4724 χωρίς
1460 4647 1508 4711 τοῦ
1524 4661 1606 4725 νόμου
1619 4660 1717 4723 ζῶντες
1730 4653 1820 4728 (quod

271 4741 365 4800 Field.
379 4758 412 4810 11,
424 4742 485 4796 eu.
499 4741 590 4798 Plura
598 4741 676 4816 apud
686 4735 858 4798 Corder'ium
867 4745 1024 4800 traducun-
1070 4745 1226 4803 Gorderius
1235 4743 1334 4802 vertit:
1351 4744 1400 4814 poi
1408 4741 1542 4798 hacteuus
1552 4743 1613 4805 είκο
1630 4743 1689 4812 leqe
1701 4741 1820 4813 νίυιιπί),

271 4833 322 4885 tm·
333 4826 570 4900 adHeaychinm,
585 4827 645 4882 alie
653 4824 692 4882 ad
701 4827 868 4898 Eusebium,
882 4846 947 4901 quae
956 4849 1024 4905 prn-
1069 4833 1215 4904 interpres
1233 4829 1392 4901 alloquitur
1409 4829 1575 4902 neophytos
1591 4843 1629 4884 ex
1646 4826 1760 4885 Judaeia
1777 4843 1821 4882 re-

272 4912 345 4970 dens
368 4912 616 4969 Montefelconins
638 4929 698 4968 non
721 4915 843 4987 recepit.
857 4945 890 4956 -
913 4915 1025 4991 Oopule
1070 4915 1454 4991 conterreceptoa,qnaeuti
1463 4915 1556 4971 multa
1566 4912 1821 4983 alia,catechesim

271 5003 413 5056 Καῖπιίλιν
424 5016 483 5055 non
501 4999 648 5072 pertinere
665 4997 784 5056 videtur
800 5000 839 5058 ad
857 5001 1023 5077 Origenem,
1069 5011 1199 5062 veterem
1217 5002 1342 5076 sapiunt.
1361 5000 1446 5058 Unde
1467 4998 1594 5057 fortasse
1615 5001 1674 5058 erit
1694 4999 1721 5056 is
1743 5015 1819 5056 com·

273 5085 327 5144 aed
339 5087 377 5146 ed
389 5085 544 5160 quemdam
561 5091 732 5144 catenarum
750 5087 892 5161 opificem,
910 5089 961 5161 qni
978 5096 1023 5148 to-
1069 5089 1232 5148 mentariue
1244 5089 1324 5148 inter
1335 5085 1446 5160 primos
1459 5085 1608 5159 origenis.
