<?xml version="1.0" encoding="UTF-8"?>
<!DOCTYPE html PUBLIC "-//W3C//DTD XHTML 1.0 Transitional//EN"
    "http://www.w3.org/TR/xhtml1/DTD/xhtml1-transitional.dtd">
<html xmlns="http://www.w3.org/1999/xhtml" xml:lang="en" lang="en">
 <head>
  <title>
</title>
<meta http-equiv="Content-Type" content="text/html;charset=utf-8" />
  <meta name='ocr-system' content='tesseract 3.04.00' />
  <meta name='ocr-capabilities' content='ocr_page ocr_carea ocr_par ocr_line ocrx_word'/>
</head>
<body>
  <div class='ocr_page' id='page_1' title='image "./analectasacrasp00pitrgoog_0383.png"; bbox 0 0 4044 6104; ppageno 0'>
   <div class='ocr_carea' id='block_1_1' title="bbox 307 457 1182 528">
    <p class='ocr_par' dir='ltr' id='par_1_1' title="bbox 307 457 1182 528">
     <span class='ocr_line' id='line_1_1' title="bbox 307 457 1182 528; baseline 0.007 -8"><span class='ocrx_word' id='word_1_1' title='bbox 307 457 370 521; x_wconf 79' lang='lat'>372</span> <span class='ocrx_word' id='word_1_2' title='bbox 587 481 593 492; x_wconf 90' lang='lat'><strong>·</strong></span> <span class='ocrx_word' id='word_1_3' title='bbox 973 462 1182 528; x_wconf 81' lang='lat' dir='ltr'>ORIGENES</span> 
     </span>
    </p>
   </div>
   <div class='ocr_carea' id='block_1_2' title="bbox 303 599 1837 894">
    <p class='ocr_par' dir='ltr' id='par_1_2' title="bbox 303 599 1837 894">
     <span class='ocr_line' id='line_1_2' title="bbox 303 599 1837 686; baseline -0.001 -19"><span class='ocrx_word' id='word_1_4' title='bbox 303 601 424 686; x_wconf 76' lang='grc' dir='ltr'>οὐγὰρ</span> <span class='ocrx_word' id='word_1_5' title='bbox 447 601 540 686; x_wconf 88' lang='grc' dir='ltr'>μόνον</span> <span class='ocrx_word' id='word_1_6' title='bbox 562 603 635 679; x_wconf 88' lang='grc' dir='ltr'>τοὺς</span> <span class='ocrx_word' id='word_1_7' title='bbox 650 599 855 678; x_wconf 85' lang='grc' dir='ltr'>δουλεύοντας</span> <span class='ocrx_word' id='word_1_8' title='bbox 878 609 921 686; x_wconf 86' lang='grc' dir='ltr'>τῷ</span> <span class='ocrx_word' id='word_1_9' title='bbox 942 599 1048 685; x_wconf 80' lang='grc' dir='ltr'><strong>Κυρίῳ</strong></span> <span class='ocrx_word' id='word_1_10' title='bbox 1095 602 1205 666; x_wconf 78' lang='lat' dir='ltr'><strong>facite.</strong></span> <span class='ocrx_word' id='word_1_11' title='bbox 1219 602 1317 666; x_wconf 86' lang='lat' dir='ltr'><strong>Haud</strong></span> <span class='ocrx_word' id='word_1_12' title='bbox 1340 605 1450 674; x_wconf 83' lang='lat' dir='ltr'><strong>solum</strong></span> <span class='ocrx_word' id='word_1_13' title='bbox 1465 603 1555 666; x_wconf 88' lang='lat' dir='ltr'><strong>enim</strong></span> <span class='ocrx_word' id='word_1_14' title='bbox 1572 607 1702 685; x_wconf 87' lang='lat' dir='ltr'><strong>oportet</strong></span> <span class='ocrx_word' id='word_1_15' title='bbox 1723 619 1837 666; x_wconf 82' lang='lat' dir='ltr'><strong>servos</strong></span> 
     </span>
     <span class='ocr_line' id='line_1_3' title="bbox 303 701 1837 791; baseline -0.001 -23"><span class='ocrx_word' id='word_1_16' title='bbox 303 704 465 791; x_wconf 81' lang='grc' dir='ltr'>ρυόείσθαι</span> <span class='ocrx_word' id='word_1_17' title='bbox 482 705 539 786; x_wconf 82' lang='grc' dir='ltr'>δεῖ,</span> <span class='ocrx_word' id='word_1_18' title='bbox 551 705 701 770; x_wconf 77' lang='grc' dir='ltr'>ἀλλὰκαὶ</span> <span class='ocrx_word' id='word_1_19' title='bbox 712 707 784 781; x_wconf 86' lang='grc' dir='ltr'>τοὺς</span> <span class='ocrx_word' id='word_1_20' title='bbox 796 701 1049 790; x_wconf 83' lang='grc' dir='ltr'>ἀγαλλιωμένους</span> <span class='ocrx_word' id='word_1_21' title='bbox 1095 708 1165 770; x_wconf 90' lang='lat' dir='ltr'>Deo</span> <span class='ocrx_word' id='word_1_22' title='bbox 1191 705 1341 771; x_wconf 79' lang='lat' dir='ltr'><strong>addictos</strong></span> <span class='ocrx_word' id='word_1_23' title='bbox 1366 706 1557 786; x_wconf 87' lang='lat' dir='ltr'><strong>formidare,</strong></span> <span class='ocrx_word' id='word_1_24' title='bbox 1580 707 1638 770; x_wconf 85' lang='lat' dir='ltr'>sed</span> <span class='ocrx_word' id='word_1_25' title='bbox 1666 707 1756 788; x_wconf 87' lang='lat' dir='ltr'><strong>ipsos</strong></span> <span class='ocrx_word' id='word_1_26' title='bbox 1778 706 1837 786; x_wconf 93' lang='lat' dir='ltr'><strong>qui</strong></span> 
     </span>
     <span class='ocr_line' id='line_1_4' title="bbox 303 807 1835 894; baseline -0.002 -20"><span class='ocrx_word' id='word_1_27' title='bbox 303 810 353 874; x_wconf 82' lang='grc' dir='ltr'>ἐπ’</span> <span class='ocrx_word' id='word_1_28' title='bbox 363 811 458 893; x_wconf 83' lang='grc' dir='ltr'>αὐτῷ,</span> <span class='ocrx_word' id='word_1_29' title='bbox 475 811 529 874; x_wconf 87' lang='grc' dir='ltr'>καὶ</span> <span class='ocrx_word' id='word_1_30' title='bbox 544 819 601 874; x_wconf 89' lang='grc' dir='ltr'>τοῦ</span> <span class='ocrx_word' id='word_1_31' title='bbox 615 807 714 894; x_wconf 80' lang='grc' dir='ltr'>φόόου</span> <span class='ocrx_word' id='word_1_32' title='bbox 729 818 785 872; x_wconf 90' lang='grc' dir='ltr'>τοῦ</span> <span class='ocrx_word' id='word_1_33' title='bbox 811 808 998 872; x_wconf 81' lang='grc' dir='ltr'>δεσποτικοῦ</span> <span class='ocrx_word' id='word_1_34' title='bbox 1020 807 1050 871; x_wconf 81' lang='grc' dir='ltr'>ἒ·</span> <span class='ocrx_word' id='word_1_35' title='bbox 1096 811 1213 874; x_wconf 82' lang='lat' dir='ltr'><strong>iaetitia</strong></span> <span class='ocrx_word' id='word_1_36' title='bbox 1240 811 1276 873; x_wconf 94' lang='lat' dir='ltr'>in</span> <span class='ocrx_word' id='word_1_37' title='bbox 1302 828 1343 873; x_wconf 90' lang='lat' dir='ltr'>eo</span> <span class='ocrx_word' id='word_1_38' title='bbox 1372 813 1536 890; x_wconf 88' lang='lat' dir='ltr'><strong>exultant,</strong></span> <span class='ocrx_word' id='word_1_39' title='bbox 1564 811 1679 890; x_wconf 90' lang='lat' dir='ltr'><strong>etqui</strong></span> <span class='ocrx_word' id='word_1_40' title='bbox 1701 809 1835 873; x_wconf 89' lang='lat' dir='ltr'>Domini</span> 
     </span>
    </p>
   </div>
   <div class='ocr_carea' id='block_1_3' title="bbox 198 909 1837 998">
    <p class='ocr_par' dir='ltr' id='par_1_3' title="bbox 198 909 1837 998">
     <span class='ocr_line' id='line_1_5' title="bbox 198 909 1837 998; baseline -0.001 -22"><span class='ocrx_word' id='word_1_41' title='bbox 198 917 201 925; x_wconf 93' lang='lat'>&#39;</span> <span class='ocrx_word' id='word_1_42' title='bbox 303 911 550 998; x_wconf 86' lang='grc' dir='ltr'>λευθερωμένους</span> <span class='ocrx_word' id='word_1_43' title='bbox 567 912 713 996; x_wconf 76' lang='grc' dir='ltr'>μειζόνως</span> <span class='ocrx_word' id='word_1_44' title='bbox 733 909 869 998; x_wconf 81' lang='grc' dir='ltr'>ἀγωνιᾶν</span> <span class='ocrx_word' id='word_1_45' title='bbox 885 909 1048 995; x_wconf 82' lang='grc' dir='ltr'>προσήκει,</span> <span class='ocrx_word' id='word_1_46' title='bbox 1096 919 1189 976; x_wconf 90' lang='lat' dir='ltr'><strong>metu</strong></span> <span class='ocrx_word' id='word_1_47' title='bbox 1205 914 1401 993; x_wconf 79' lang='lat' dir='ltr'>liberantur,</span> <span class='ocrx_word' id='word_1_48' title='bbox 1423 918 1551 977; x_wconf 71' lang='lat' dir='ltr'><strong>nemore</strong></span> <span class='ocrx_word' id='word_1_49' title='bbox 1567 916 1679 992; x_wconf 80' lang='lat' dir='ltr'><strong>magis</strong></span> <span class='ocrx_word' id='word_1_50' title='bbox 1694 911 1837 993; x_wconf 85' lang='lat' dir='ltr'><strong>expedit,</strong></span> 
     </span>
    </p>
   </div>
   <div class='ocr_carea' id='block_1_4' title="bbox 303 1013 1842 2037">
    <p class='ocr_par' dir='ltr' id='par_1_4' title="bbox 303 1013 1842 2037">
     <span class='ocr_line' id='line_1_6' title="bbox 304 1013 1836 1102; baseline -0.001 -22"><span class='ocrx_word' id='word_1_51' title='bbox 304 1015 426 1102; x_wconf 79' lang='grc' dir='ltr'>μήποτε</span> <span class='ocrx_word' id='word_1_52' title='bbox 437 1015 690 1098; x_wconf 78' lang='grc' dir='ltr'>άποπέσοιεντῷς</span> <span class='ocrx_word' id='word_1_53' title='bbox 701 1017 788 1099; x_wconf 79' lang='grc' dir='ltr'>παρὰ</span> <span class='ocrx_word' id='word_1_54' title='bbox 798 1024 841 1100; x_wconf 92' lang='grc' dir='ltr'>τῷ</span> <span class='ocrx_word' id='word_1_55' title='bbox 853 1013 925 1098; x_wconf 87' lang='grc' dir='ltr'>Θεῷ</span> <span class='ocrx_word' id='word_1_56' title='bbox 936 1023 1048 1099; x_wconf 80' lang='grc' dir='ltr'>χαρᾶς,</span> <span class='ocrx_word' id='word_1_57' title='bbox 1097 1036 1138 1081; x_wconf 92' lang='lat' dir='ltr'>ne</span> <span class='ocrx_word' id='word_1_58' title='bbox 1162 1018 1318 1083; x_wconf 85' lang='lat' dir='ltr'>decidant</span> <span class='ocrx_word' id='word_1_59' title='bbox 1341 1036 1491 1100; x_wconf 90' lang='lat' dir='ltr'><strong>unquam</strong></span> <span class='ocrx_word' id='word_1_60' title='bbox 1515 1037 1534 1081; x_wconf 93' lang='lat' dir='ltr'><strong>a</strong></span> <span class='ocrx_word' id='word_1_61' title='bbox 1559 1020 1675 1083; x_wconf 84' lang='lat' dir='ltr'><strong>divino</strong></span> <span class='ocrx_word' id='word_1_62' title='bbox 1700 1017 1836 1098; x_wconf 76' lang='lat' dir='ltr'><strong>gaudio,</strong></span> 
     </span>
     <span class='ocr_line' id='line_1_7' title="bbox 303 1119 1840 1206; baseline -0.001 -22"><span class='ocrx_word' id='word_1_63' title='bbox 303 1119 516 1206; x_wconf 78' lang='grc' dir='ltr'>χαυνωθέντες</span> <span class='ocrx_word' id='word_1_64' title='bbox 527 1122 604 1204; x_wconf 84' lang='grc' dir='ltr'>ὅπερ</span> <span class='ocrx_word' id='word_1_65' title='bbox 614 1120 642 1185; x_wconf 86' lang='grc' dir='ltr'>εἰ</span> <span class='ocrx_word' id='word_1_66' title='bbox 653 1119 791 1198; x_wconf 88' lang='grc' dir='ltr'>πάθοιεν,</span> <span class='ocrx_word' id='word_1_67' title='bbox 804 1121 882 1204; x_wconf 76' lang='grc' dir='ltr'>όργῷ</span> <span class='ocrx_word' id='word_1_68' title='bbox 895 1119 978 1187; x_wconf 87' lang='grc' dir='ltr'>Θεοῦ</span> <span class='ocrx_word' id='word_1_69' title='bbox 990 1141 1050 1184; x_wconf 89' lang='grc' dir='ltr'>πα-</span> <span class='ocrx_word' id='word_1_70' title='bbox 1096 1139 1164 1201; x_wconf 85' lang='lat' dir='ltr'><strong>prae</strong></span> <span class='ocrx_word' id='word_1_71' title='bbox 1194 1121 1342 1202; x_wconf 80' lang='lat' dir='ltr'><strong>desidia3</strong></span> <span class='ocrx_word' id='word_1_72' title='bbox 1375 1123 1463 1204; x_wconf 92' lang='lat' dir='ltr'><strong>quod</strong></span> <span class='ocrx_word' id='word_1_73' title='bbox 1493 1125 1523 1186; x_wconf 93' lang='lat' dir='ltr'>si</span> <span class='ocrx_word' id='word_1_74' title='bbox 1553 1125 1703 1201; x_wconf 87' lang='lat' dir='ltr'><strong>tulerint,</strong></span> <span class='ocrx_word' id='word_1_75' title='bbox 1734 1121 1840 1184; x_wconf 83' lang='lat' dir='ltr'><strong>furori</strong></span> 
     </span>
     <span class='ocr_line' id='line_1_8' title="bbox 305 1221 1839 1309; baseline 0 -21"><span class='ocrx_word' id='word_1_76' title='bbox 305 1223 496 1309; x_wconf 86' lang='grc' dir='ltr'>ραδοθέντες,</span> <span class='ocrx_word' id='word_1_77' title='bbox 513 1223 704 1288; x_wconf 79' lang='grc' dir='ltr'>ἀπολοῦνται</span> <span class='ocrx_word' id='word_1_78' title='bbox 716 1221 750 1302; x_wconf 78' lang='grc' dir='ltr'>έξ</span> <span class='ocrx_word' id='word_1_79' title='bbox 765 1223 838 1288; x_wconf 88' lang='grc' dir='ltr'>ὁδοῦ</span> <span class='ocrx_word' id='word_1_80' title='bbox 851 1222 983 1306; x_wconf 88' lang='grc' dir='ltr'>δικαίας,</span> <span class='ocrx_word' id='word_1_81' title='bbox 1001 1224 1051 1288; x_wconf 88' lang='grc' dir='ltr'>έκ-</span> <span class='ocrx_word' id='word_1_82' title='bbox 1096 1225 1211 1288; x_wconf 86' lang='lat' dir='ltr'><strong>divino</strong></span> <span class='ocrx_word' id='word_1_83' title='bbox 1227 1227 1352 1306; x_wconf 80' lang='lat' dir='ltr'><strong>traditi,</strong></span> <span class='ocrx_word' id='word_1_84' title='bbox 1373 1227 1608 1308; x_wconf 87' lang='lat' dir='ltr'><strong>disperdentur</strong></span> <span class='ocrx_word' id='word_1_85' title='bbox 1628 1244 1649 1289; x_wconf 91' lang='lat' dir='ltr'><strong>a</strong></span> <span class='ocrx_word' id='word_1_86' title='bbox 1663 1228 1720 1289; x_wconf 87' lang='lat' dir='ltr'>via</span> <span class='ocrx_word' id='word_1_87' title='bbox 1735 1225 1839 1306; x_wconf 80' lang='lat' dir='ltr'><strong>justa,</strong></span> 
     </span>
     <span class='ocr_line' id='line_1_9' title="bbox 304 1326 1839 1412; baseline -0.001 -18"><span class='ocrx_word' id='word_1_88' title='bbox 304 1330 478 1406; x_wconf 80' lang='grc' dir='ltr'>καύσαντες</span> <span class='ocrx_word' id='word_1_89' title='bbox 499 1331 553 1394; x_wconf 78' lang='grc' dir='ltr'>καί</span> <span class='ocrx_word' id='word_1_90' title='bbox 580 1329 624 1404; x_wconf 84' lang='grc' dir='ltr'>εἰς</span> <span class='ocrx_word' id='word_1_91' title='bbox 649 1327 783 1412; x_wconf 83' lang='grc' dir='ltr'>άφοθίαν</span> <span class='ocrx_word' id='word_1_92' title='bbox 810 1326 1051 1412; x_wconf 77' lang='grc' dir='ltr'>περιτραπέντος</span> <span class='ocrx_word' id='word_1_93' title='bbox 1096 1348 1173 1392; x_wconf 88' lang='lat' dir='ltr'><strong>oum</strong></span> <span class='ocrx_word' id='word_1_94' title='bbox 1189 1331 1250 1395; x_wconf 89' lang='lat' dir='ltr'>Dei</span> <span class='ocrx_word' id='word_1_95' title='bbox 1276 1330 1424 1394; x_wconf 88' lang='lat' dir='ltr'><strong>furorem</strong></span> <span class='ocrx_word' id='word_1_96' title='bbox 1450 1333 1611 1396; x_wconf 83' lang='lat' dir='ltr'><strong>adversus</strong></span> <span class='ocrx_word' id='word_1_97' title='bbox 1626 1349 1662 1395; x_wconf 91' lang='lat' dir='ltr'>se</span> <span class='ocrx_word' id='word_1_98' title='bbox 1682 1330 1839 1394; x_wconf 80' lang='lat' dir='ltr'><strong>accende·</strong></span> 
     </span>
     <span class='ocr_line' id='line_1_10' title="bbox 304 1429 1839 1518; baseline 0 -22"><span class='ocrx_word' id='word_1_99' title='bbox 304 1431 375 1496; x_wconf 92' lang='grc' dir='ltr'>καθ’</span> <span class='ocrx_word' id='word_1_100' title='bbox 386 1431 505 1496; x_wconf 89' lang='grc' dir='ltr'>έαυτῶν</span> <span class='ocrx_word' id='word_1_101' title='bbox 524 1435 576 1497; x_wconf 84' lang='grc' dir='ltr'>τόν</span> <span class='ocrx_word' id='word_1_102' title='bbox 594 1441 650 1495; x_wconf 89' lang='grc' dir='ltr'>τοῦ</span> <span class='ocrx_word' id='word_1_103' title='bbox 662 1429 744 1497; x_wconf 85' lang='grc' dir='ltr'>Θεοῦ</span> <span class='ocrx_word' id='word_1_104' title='bbox 763 1431 882 1518; x_wconf 79' lang='grc' dir='ltr'>θυμόν·</span> <span class='ocrx_word' id='word_1_105' title='bbox 898 1433 996 1516; x_wconf 80' lang='grc' dir='ltr'>όργὴν</span> <span class='ocrx_word' id='word_1_106' title='bbox 1016 1432 1051 1495; x_wconf 81' lang='grc' dir='ltr'>δέ</span> <span class='ocrx_word' id='word_1_107' title='bbox 1097 1436 1175 1513; x_wconf 90' lang='lat' dir='ltr'><strong>rint,</strong></span> <span class='ocrx_word' id='word_1_108' title='bbox 1199 1436 1233 1498; x_wconf 93' lang='lat' dir='ltr'>in</span> <span class='ocrx_word' id='word_1_109' title='bbox 1258 1436 1389 1500; x_wconf 90' lang='lat' dir='ltr'><strong>timoris</strong></span> <span class='ocrx_word' id='word_1_110' title='bbox 1404 1435 1571 1498; x_wconf 85' lang='lat' dir='ltr'><strong>defectum</strong></span> <span class='ocrx_word' id='word_1_111' title='bbox 1592 1437 1661 1499; x_wconf 90' lang='lat' dir='ltr'><strong>sint</strong></span> <span class='ocrx_word' id='word_1_112' title='bbox 1682 1435 1839 1517; x_wconf 84' lang='lat' dir='ltr'><strong>prolapsi.</strong></span> 
     </span>
     <span class='ocr_line' id='line_1_11' title="bbox 304 1534 1840 1622; baseline -0.003 -20"><span class='ocrx_word' id='word_1_113' title='bbox 304 1534 452 1602; x_wconf 72' lang='lat' dir='ltr'><strong>Oretani</strong></span> <span class='ocrx_word' id='word_1_114' title='bbox 466 1537 578 1622; x_wconf 84' lang='grc' dir='ltr'>θυμόν,</span> <span class='ocrx_word' id='word_1_115' title='bbox 593 1537 640 1599; x_wconf 87' lang='grc' dir='ltr'>ότι</span> <span class='ocrx_word' id='word_1_116' title='bbox 656 1538 699 1622; x_wconf 79' lang='grc' dir='ltr'>μη</span> <span class='ocrx_word' id='word_1_117' title='bbox 721 1537 835 1621; x_wconf 79' lang='grc' dir='ltr'>ὁμοίως</span> <span class='ocrx_word' id='word_1_118' title='bbox 856 1545 921 1614; x_wconf 88' lang='grc' dir='ltr'>τοῐς</span> <span class='ocrx_word' id='word_1_119' title='bbox 936 1535 1052 1619; x_wconf 81' lang='grc' dir='ltr'>άνθρω</span> <span class='ocrx_word' id='word_1_120' title='bbox 1098 1537 1191 1613; x_wconf 85' lang='lat' dir='ltr'><strong>Quod</strong></span> <span class='ocrx_word' id='word_1_121' title='bbox 1221 1555 1300 1601; x_wconf 90' lang='lat' dir='ltr'><strong>vero</strong></span> <span class='ocrx_word' id='word_1_122' title='bbox 1327 1540 1411 1602; x_wconf 90' lang='lat' dir='ltr'><strong>iram</strong></span> <span class='ocrx_word' id='word_1_123' title='bbox 1439 1540 1508 1602; x_wconf 87' lang='lat' dir='ltr'>Deo</span> <span class='ocrx_word' id='word_1_124' title='bbox 1535 1543 1569 1601; x_wconf 92' lang='lat' dir='ltr'>et</span> <span class='ocrx_word' id='word_1_125' title='bbox 1591 1537 1749 1614; x_wconf 87' lang='lat' dir='ltr'><strong>furorem,</strong></span> <span class='ocrx_word' id='word_1_126' title='bbox 1775 1553 1840 1598; x_wconf 92' lang='lat' dir='ltr'>non</span> 
     </span>
     <span class='ocr_line' id='line_1_12' title="bbox 303 1637 1841 1724; baseline -0.001 -22"><span class='ocrx_word' id='word_1_127' title='bbox 303 1637 402 1716; x_wconf 86' lang='grc' dir='ltr'>πίνοις</span> <span class='ocrx_word' id='word_1_128' title='bbox 411 1639 524 1711; x_wconf 81' lang='grc' dir='ltr'>πάθεα</span> <span class='ocrx_word' id='word_1_129' title='bbox 535 1641 640 1724; x_wconf 78' lang='grc' dir='ltr'>καὶτῷ</span> <span class='ocrx_word' id='word_1_130' title='bbox 652 1638 722 1723; x_wconf 88' lang='grc' dir='ltr'>Θεῷ</span> <span class='ocrx_word' id='word_1_131' title='bbox 734 1640 956 1723; x_wconf 80' lang='grc' dir='ltr'>περιάπτουσιν</span> <span class='ocrx_word' id='word_1_132' title='bbox 971 1639 999 1702; x_wconf 85' lang='lat' dir='ltr'>oi</span> <span class='ocrx_word' id='word_1_133' title='bbox 1011 1639 1052 1702; x_wconf 89' lang='grc' dir='ltr'>ἱε-</span> <span class='ocrx_word' id='word_1_134' title='bbox 1097 1643 1235 1724; x_wconf 82' lang='lat' dir='ltr'>perinde</span> <span class='ocrx_word' id='word_1_135' title='bbox 1250 1660 1289 1705; x_wconf 87' lang='lat' dir='ltr'>ao</span> <span class='ocrx_word' id='word_1_136' title='bbox 1311 1643 1469 1706; x_wconf 89' lang='lat' dir='ltr'><strong>humanis</strong></span> <span class='ocrx_word' id='word_1_137' title='bbox 1491 1641 1678 1718; x_wconf 84' lang='lat' dir='ltr'><strong>affectibus,</strong></span> <span class='ocrx_word' id='word_1_138' title='bbox 1701 1643 1770 1704; x_wconf 90' lang='lat' dir='ltr'>Deo</span> <span class='ocrx_word' id='word_1_139' title='bbox 1793 1644 1841 1702; x_wconf 85' lang='lat' dir='ltr'>at·</span> 
     </span>
     <span class='ocr_line' id='line_1_13' title="bbox 303 1741 1840 1828; baseline 0 -22"><span class='ocrx_word' id='word_1_140' title='bbox 303 1743 352 1827; x_wconf 85' lang='grc' dir='ltr'>ροί</span> <span class='ocrx_word' id='word_1_141' title='bbox 362 1741 460 1827; x_wconf 84' lang='grc' dir='ltr'>λόγοι,</span> <span class='ocrx_word' id='word_1_142' title='bbox 474 1743 573 1826; x_wconf 85' lang='grc' dir='ltr'>σαρές</span> <span class='ocrx_word' id='word_1_143' title='bbox 581 1741 909 1827; x_wconf 75' lang='grc' dir='ltr'>τοῖςέπιστῷσασιντῷ</span> <span class='ocrx_word' id='word_1_144' title='bbox 918 1742 1052 1806; x_wconf 77' lang='grc' dir='ltr'>ἀποστό</span> <span class='ocrx_word' id='word_1_145' title='bbox 1097 1747 1249 1809; x_wconf 81' lang='lat' dir='ltr'><strong>tribuant</strong></span> <span class='ocrx_word' id='word_1_146' title='bbox 1273 1747 1360 1809; x_wconf 88' lang='lat' dir='ltr'><strong>saori</strong></span> <span class='ocrx_word' id='word_1_147' title='bbox 1387 1763 1567 1826; x_wconf 87' lang='lat' dir='ltr'><strong>sermones,</strong></span> <span class='ocrx_word' id='word_1_148' title='bbox 1584 1747 1696 1828; x_wconf 88' lang='lat' dir='ltr'><strong>palam</strong></span> <span class='ocrx_word' id='word_1_149' title='bbox 1720 1749 1772 1808; x_wconf 88' lang='lat' dir='ltr'>est</span> <span class='ocrx_word' id='word_1_150' title='bbox 1792 1748 1840 1806; x_wconf 78' lang='lat' dir='ltr'>at-</span> 
     </span>
     <span class='ocr_line' id='line_1_14' title="bbox 304 1844 1842 1932; baseline 0.001 -24"><span class='ocrx_word' id='word_1_151' title='bbox 304 1845 350 1930; x_wconf 87' lang='grc' dir='ltr'>λιρ</span> <span class='ocrx_word' id='word_1_152' title='bbox 365 1845 507 1932; x_wconf 84' lang='grc' dir='ltr'>λέγοντι·</span> <span class='ocrx_word' id='word_1_153' title='bbox 530 1844 625 1912; x_wconf 80' lang='grc' dir='ltr'>Κατὰ</span> <span class='ocrx_word' id='word_1_154' title='bbox 640 1846 676 1910; x_wconf 74' lang='grc' dir='ltr'>δέ</span> <span class='ocrx_word' id='word_1_155' title='bbox 697 1848 756 1931; x_wconf 81' lang='grc' dir='ltr'>την</span> <span class='ocrx_word' id='word_1_156' title='bbox 772 1845 975 1930; x_wconf 85' lang='grc' dir='ltr'>σκληρότητά</span> <span class='ocrx_word' id='word_1_157' title='bbox 996 1867 1052 1910; x_wconf 91' lang='grc' dir='ltr'>σου</span> <span class='ocrx_word' id='word_1_158' title='bbox 1097 1851 1315 1914; x_wconf 83' lang='lat' dir='ltr'><strong>tendentibus</strong></span> <span class='ocrx_word' id='word_1_159' title='bbox 1330 1853 1480 1932; x_wconf 85' lang='lat' dir='ltr'><strong>apostolo</strong></span> <span class='ocrx_word' id='word_1_160' title='bbox 1495 1851 1614 1914; x_wconf 82' lang='lat' dir='ltr'><strong>aienti:</strong></span> <span class='ocrx_word' id='word_1_161' title='bbox 1638 1851 1768 1912; x_wconf 79' lang='lat' dir='ltr'><strong>«Juxta</strong></span> <span class='ocrx_word' id='word_1_162' title='bbox 1783 1847 1842 1910; x_wconf 91' lang='lat' dir='ltr'><strong>du·</strong></span> 
     </span>
     <span class='ocr_line' id='line_1_15' title="bbox 305 1949 1840 2037; baseline 0.001 -23"><span class='ocrx_word' id='word_1_163' title='bbox 305 1949 726 2036; x_wconf 83' lang='grc' dir='ltr'>καίάμετανόητονκαρδίαν</span> <span class='ocrx_word' id='word_1_164' title='bbox 738 1949 943 2034; x_wconf 76' lang='grc' dir='ltr'>θησαυρίζεις</span> <span class='ocrx_word' id='word_1_165' title='bbox 955 1950 1053 2035; x_wconf 78' lang='grc' dir='ltr'>ὀργὴν</span> <span class='ocrx_word' id='word_1_166' title='bbox 1098 1957 1211 2018; x_wconf 90' lang='lat' dir='ltr'><strong>ritiam</strong></span> <span class='ocrx_word' id='word_1_167' title='bbox 1227 1959 1321 2018; x_wconf 88' lang='lat' dir='ltr'><strong>tuam</strong></span> <span class='ocrx_word' id='word_1_168' title='bbox 1338 1960 1372 2018; x_wconf 90' lang='lat' dir='ltr'>et</span> <span class='ocrx_word' id='word_1_169' title='bbox 1392 1973 1449 2019; x_wconf 87' lang='lat' dir='ltr'><strong>eor</strong></span> <span class='ocrx_word' id='word_1_170' title='bbox 1470 1956 1686 2037; x_wconf 77' lang='lat' dir='ltr'><strong>impoenitens</strong></span> <span class='ocrx_word' id='word_1_171' title='bbox 1707 1952 1840 2016; x_wconf 85' lang='lat' dir='ltr'><strong>thesau-</strong></span> 
     </span>
    </p>
   </div>
   <div class='ocr_carea' id='block_1_5' title="bbox 303 2052 1846 2765">
    <p class='ocr_par' dir='ltr' id='par_1_5' title="bbox 303 2052 1846 2765">
     <span class='ocr_line' id='line_1_16' title="bbox 304 2052 1844 2140; baseline 0 -22"><span class='ocrx_word' id='word_1_172' title='bbox 304 2054 338 2120; x_wconf 90' lang='grc' dir='ltr'>έν</span> <span class='ocrx_word' id='word_1_173' title='bbox 349 2052 454 2140; x_wconf 80' lang='grc' dir='ltr'>ἡμέρᾳ</span> <span class='ocrx_word' id='word_1_174' title='bbox 466 2055 563 2139; x_wconf 76' lang='grc' dir='ltr'>ὀργῆς</span> <span class='ocrx_word' id='word_1_175' title='bbox 574 2061 706 2138; x_wconf 83' lang='grc' dir='ltr'>σεαυτῷ·</span> <span class='ocrx_word' id='word_1_176' title='bbox 720 2052 1052 2140; x_wconf 83' lang='grc' dir='ltr'>δι’ῷνπαρίοτησιτάς</span> <span class='ocrx_word' id='word_1_177' title='bbox 1098 2059 1185 2122; x_wconf 83' lang='lat' dir='ltr'><strong>rizas</strong></span> <span class='ocrx_word' id='word_1_178' title='bbox 1197 2059 1282 2120; x_wconf 91' lang='lat' dir='ltr'><strong>iram</strong></span> <span class='ocrx_word' id='word_1_179' title='bbox 1299 2059 1361 2122; x_wconf 91' lang='lat' dir='ltr'><strong>tibi</strong></span> <span class='ocrx_word' id='word_1_180' title='bbox 1378 2059 1412 2122; x_wconf 94' lang='lat' dir='ltr'>in</span> <span class='ocrx_word' id='word_1_181' title='bbox 1429 2059 1483 2123; x_wconf 91' lang='lat' dir='ltr'>die</span> <span class='ocrx_word' id='word_1_182' title='bbox 1500 2060 1598 2122; x_wconf 77' lang='lat' dir='ltr'><strong>irae.»</strong></span> <span class='ocrx_word' id='word_1_183' title='bbox 1617 2057 1744 2120; x_wconf 82' lang='lat' dir='ltr'><strong>ideireo</strong></span> <span class='ocrx_word' id='word_1_184' title='bbox 1756 2073 1844 2118; x_wconf 85' lang='lat' dir='ltr'><strong>asse·</strong></span> 
     </span>
     <span class='ocr_line' id='line_1_17' title="bbox 303 2155 1843 2243; baseline 0.001 -23"><span class='ocrx_word' id='word_1_185' title='bbox 303 2159 355 2220; x_wconf 81' lang='grc' dir='ltr'>ἐπί</span> <span class='ocrx_word' id='word_1_186' title='bbox 384 2167 448 2234; x_wconf 79' lang='grc' dir='ltr'>τοῖς</span> <span class='ocrx_word' id='word_1_187' title='bbox 477 2155 746 2242; x_wconf 77' lang='grc' dir='ltr'>ἁμαρτανομένοις</span> <span class='ocrx_word' id='word_1_188' title='bbox 774 2156 1052 2242; x_wconf 85' lang='grc' dir='ltr'>ἀποδοθησομένας</span> <span class='ocrx_word' id='word_1_189' title='bbox 1098 2165 1164 2242; x_wconf 89' lang='lat' dir='ltr'><strong>rit,</strong></span> <span class='ocrx_word' id='word_1_190' title='bbox 1189 2179 1307 2242; x_wconf 87' lang='lat' dir='ltr'><strong>poenas</strong></span> <span class='ocrx_word' id='word_1_191' title='bbox 1335 2179 1411 2243; x_wconf 83' lang='lat' dir='ltr'><strong>quae</strong></span> <span class='ocrx_word' id='word_1_192' title='bbox 1437 2163 1585 2240; x_wconf 74' lang='lat' dir='ltr'><strong>singulis</strong></span> <span class='ocrx_word' id='word_1_193' title='bbox 1611 2159 1843 2243; x_wconf 82' lang='lat' dir='ltr'><strong>peecatoribus</strong></span> 
     </span>
     <span class='ocr_line' id='line_1_18' title="bbox 305 2259 1843 2345; baseline 0.002 -22"><span class='ocrx_word' id='word_1_194' title='bbox 305 2259 429 2344; x_wconf 82' lang='grc' dir='ltr'>ἑκάστῳ</span> <span class='ocrx_word' id='word_1_195' title='bbox 444 2260 591 2337; x_wconf 85' lang='grc' dir='ltr'>κολάσεις</span> <span class='ocrx_word' id='word_1_196' title='bbox 614 2261 673 2326; x_wconf 82' lang='grc' dir='ltr'>ὑπὸ</span> <span class='ocrx_word' id='word_1_197' title='bbox 689 2269 746 2344; x_wconf 78' lang='grc' dir='ltr'>της</span> <span class='ocrx_word' id='word_1_198' title='bbox 762 2273 817 2326; x_wconf 88' lang='grc' dir='ltr'>τοῦ</span> <span class='ocrx_word' id='word_1_199' title='bbox 837 2261 920 2329; x_wconf 89' lang='grc' dir='ltr'>Θεοῦ</span> <span class='ocrx_word' id='word_1_200' title='bbox 937 2263 1053 2326; x_wconf 79' lang='grc' dir='ltr'>δικαιο</span> <span class='ocrx_word' id='word_1_201' title='bbox 1098 2266 1341 2345; x_wconf 77' lang='lat' dir='ltr'><strong>irrogabantur</strong></span> <span class='ocrx_word' id='word_1_202' title='bbox 1357 2267 1392 2328; x_wconf 94' lang='lat' dir='ltr'>in</span> <span class='ocrx_word' id='word_1_203' title='bbox 1407 2266 1460 2328; x_wconf 86' lang='lat' dir='ltr'>die</span> <span class='ocrx_word' id='word_1_204' title='bbox 1476 2266 1582 2328; x_wconf 89' lang='lat' dir='ltr'><strong>divini</strong></span> <span class='ocrx_word' id='word_1_205' title='bbox 1599 2264 1731 2345; x_wconf 85' lang='lat' dir='ltr'><strong>judieii,</strong></span> <span class='ocrx_word' id='word_1_206' title='bbox 1747 2280 1843 2326; x_wconf 86' lang='lat' dir='ltr'><strong>voea-</strong></span> 
     </span>
     <span class='ocr_line' id='line_1_19' title="bbox 304 2363 1841 2452; baseline 0.001 -23"><span class='ocrx_word' id='word_1_207' title='bbox 304 2363 435 2450; x_wconf 87' lang='grc' dir='ltr'>αρισίας,</span> <span class='ocrx_word' id='word_1_208' title='bbox 451 2367 548 2450; x_wconf 69' lang='grc' dir='ltr'>ὀργὴν</span> <span class='ocrx_word' id='word_1_209' title='bbox 564 2365 772 2451; x_wconf 78' lang='grc' dir='ltr'>ὀνομάζεσθαι</span> <span class='ocrx_word' id='word_1_210' title='bbox 782 2369 838 2431; x_wconf 85' lang='grc' dir='ltr'>καὶ</span> <span class='ocrx_word' id='word_1_211' title='bbox 848 2365 959 2452; x_wconf 81' lang='grc' dir='ltr'>θυμόν,</span> <span class='ocrx_word' id='word_1_212' title='bbox 972 2368 1052 2450; x_wconf 84' lang='grc' dir='ltr'>άπερ</span> <span class='ocrx_word' id='word_1_213' title='bbox 1098 2373 1126 2434; x_wconf 90' lang='lat' dir='ltr'><strong>ri</strong></span> <span class='ocrx_word' id='word_1_214' title='bbox 1142 2372 1202 2434; x_wconf 89' lang='lat' dir='ltr'>Dei</span> <span class='ocrx_word' id='word_1_215' title='bbox 1218 2372 1302 2434; x_wconf 89' lang='lat' dir='ltr'><strong>iram</strong></span> <span class='ocrx_word' id='word_1_216' title='bbox 1328 2375 1361 2432; x_wconf 88' lang='lat' dir='ltr'>et</span> <span class='ocrx_word' id='word_1_217' title='bbox 1383 2369 1541 2448; x_wconf 88' lang='lat' dir='ltr'><strong>furorem,</strong></span> <span class='ocrx_word' id='word_1_218' title='bbox 1558 2387 1634 2450; x_wconf 81' lang='lat' dir='ltr'><strong>quoe</strong></span> <span class='ocrx_word' id='word_1_219' title='bbox 1656 2370 1753 2433; x_wconf 81' lang='lat' dir='ltr'><strong>docet</strong></span> <span class='ocrx_word' id='word_1_220' title='bbox 1766 2369 1841 2432; x_wconf 91' lang='lat' dir='ltr'><strong>uni·</strong></span> 
     </span>
     <span class='ocr_line' id='line_1_20' title="bbox 305 2469 1841 2556; baseline -0.001 -22"><span class='ocrx_word' id='word_1_221' title='bbox 305 2470 440 2535; x_wconf 84' lang='grc' dir='ltr'>έκαστον</span> <span class='ocrx_word' id='word_1_222' title='bbox 461 2469 667 2555; x_wconf 76' lang='grc' dir='ltr'>θησαυρίζειν</span> <span class='ocrx_word' id='word_1_223' title='bbox 691 2470 792 2556; x_wconf 88' lang='grc' dir='ltr'>έαυτῷ</span> <span class='ocrx_word' id='word_1_224' title='bbox 815 2470 966 2551; x_wconf 79' lang='grc' dir='ltr'>διδάσκει,</span> <span class='ocrx_word' id='word_1_225' title='bbox 982 2471 1053 2555; x_wconf 83' lang='grc' dir='ltr'>οὐχὶ</span> <span class='ocrx_word' id='word_1_226' title='bbox 1098 2475 1221 2554; x_wconf 82' lang='lat' dir='ltr'><strong>cuique</strong></span> <span class='ocrx_word' id='word_1_227' title='bbox 1238 2475 1272 2536; x_wconf 93' lang='lat' dir='ltr'>in</span> <span class='ocrx_word' id='word_1_228' title='bbox 1287 2473 1463 2538; x_wconf 79' lang='lat' dir='ltr'><strong>thesauros</strong></span> <span class='ocrx_word' id='word_1_229' title='bbox 1488 2473 1614 2553; x_wconf 88' lang='lat' dir='ltr'><strong>reponi,</strong></span> <span class='ocrx_word' id='word_1_230' title='bbox 1631 2472 1770 2536; x_wconf 91' lang='lat' dir='ltr'><strong>minime</strong></span> <span class='ocrx_word' id='word_1_231' title='bbox 1786 2488 1841 2533; x_wconf 81' lang='lat' dir='ltr'>ve·</span> 
     </span>
     <span class='ocr_line' id='line_1_21' title="bbox 307 2572 1844 2661; baseline -0.001 -21"><span class='ocrx_word' id='word_1_232' title='bbox 307 2576 343 2640; x_wconf 79' lang='grc' dir='ltr'>δὲ</span> <span class='ocrx_word' id='word_1_233' title='bbox 357 2577 396 2641; x_wconf 84' lang='grc' dir='ltr'>έκ</span> <span class='ocrx_word' id='word_1_234' title='bbox 410 2573 528 2652; x_wconf 80' lang='grc' dir='ltr'>πάθους</span> <span class='ocrx_word' id='word_1_235' title='bbox 544 2573 628 2641; x_wconf 89' lang='grc' dir='ltr'>Θεοῦ</span> <span class='ocrx_word' id='word_1_236' title='bbox 644 2574 757 2661; x_wconf 78' lang='grc' dir='ltr'>ὁμοίως</span> <span class='ocrx_word' id='word_1_237' title='bbox 768 2573 940 2660; x_wconf 79' lang='grc' dir='ltr'>ἀνθρώποις</span> <span class='ocrx_word' id='word_1_238' title='bbox 954 2572 1053 2659; x_wconf 85' lang='grc' dir='ltr'>γίνεσ-</span> <span class='ocrx_word' id='word_1_239' title='bbox 1098 2596 1136 2641; x_wconf 92' lang='lat' dir='ltr'><strong>ro</strong></span> <span class='ocrx_word' id='word_1_240' title='bbox 1152 2595 1194 2641; x_wconf 85' lang='lat' dir='ltr'>ex</span> <span class='ocrx_word' id='word_1_241' title='bbox 1209 2575 1385 2640; x_wconf 85' lang='lat' dir='ltr'><strong>iracundia</strong></span> <span class='ocrx_word' id='word_1_242' title='bbox 1409 2577 1481 2654; x_wconf 86' lang='lat' dir='ltr'><strong>Dei,</strong></span> <span class='ocrx_word' id='word_1_243' title='bbox 1497 2582 1598 2657; x_wconf 89' lang='lat' dir='ltr'><strong>prout</strong></span> <span class='ocrx_word' id='word_1_244' title='bbox 1624 2577 1713 2656; x_wconf 88' lang='lat' dir='ltr'><strong>apud</strong></span> <span class='ocrx_word' id='word_1_245' title='bbox 1739 2575 1844 2640; x_wconf 86' lang='lat' dir='ltr'><strong>bomi-</strong></span> 
     </span>
     <span class='ocr_line' id='line_1_22' title="bbox 306 2671 1846 2765; baseline -0.003 -17"><span class='ocrx_word' id='word_1_246' title='bbox 306 2682 367 2764; x_wconf 90' lang='grc' dir='ltr'>θαι,</span> <span class='ocrx_word' id='word_1_247' title='bbox 392 2681 426 2748; x_wconf 82' lang='grc' dir='ltr'>ἐν</span> <span class='ocrx_word' id='word_1_248' title='bbox 447 2690 523 2765; x_wconf 86' lang='grc' dir='ltr'>γοῦν</span> <span class='ocrx_word' id='word_1_249' title='bbox 537 2688 582 2764; x_wconf 91' lang='grc' dir='ltr'>τῷ</span> <span class='ocrx_word' id='word_1_250' title='bbox 603 2689 703 2764; x_wconf 87' lang='grc' dir='ltr'>καιρῷ</span> <span class='ocrx_word' id='word_1_251' title='bbox 725 2688 783 2764; x_wconf 82' lang='grc' dir='ltr'>της</span> <span class='ocrx_word' id='word_1_252' title='bbox 804 2688 861 2744; x_wconf 88' lang='grc' dir='ltr'>τοῦ</span> <span class='ocrx_word' id='word_1_253' title='bbox 883 2677 966 2745; x_wconf 88' lang='grc' dir='ltr'>Θεοῦ</span> <span class='ocrx_word' id='word_1_254' title='bbox 988 2676 1052 2763; x_wconf 92' lang='grc' dir='ltr'>κρί-</span> <span class='ocrx_word' id='word_1_255' title='bbox 1099 2701 1170 2762; x_wconf 90' lang='lat' dir='ltr'><strong>nes,</strong></span> <span class='ocrx_word' id='word_1_256' title='bbox 1186 2683 1221 2746; x_wconf 94' lang='lat' dir='ltr'>id</span> <span class='ocrx_word' id='word_1_257' title='bbox 1236 2683 1398 2763; x_wconf 77' lang='lat' dir='ltr'><strong>accidere,</strong></span> <span class='ocrx_word' id='word_1_258' title='bbox 1411 2671 1531 2763; x_wconf 83' lang='lat' dir='ltr'><strong>nempe</strong></span> <span class='ocrx_word' id='word_1_259' title='bbox 1548 2686 1583 2746; x_wconf 92' lang='lat' dir='ltr'>in</span> <span class='ocrx_word' id='word_1_260' title='bbox 1598 2688 1748 2764; x_wconf 85' lang='lat' dir='ltr'><strong>tempore</strong></span> <span class='ocrx_word' id='word_1_261' title='bbox 1763 2681 1846 2745; x_wconf 83' lang='lat' dir='ltr'><strong>diri-</strong></span> 
     </span>
    </p>
   </div>
   <div class='ocr_carea' id='block_1_6' title="bbox 301 2782 1847 5268">
    <p class='ocr_par' dir='ltr' id='par_1_6' title="bbox 304 2782 1845 2975">
     <span class='ocr_line' id='line_1_23' title="bbox 308 2782 1845 2870; baseline -0.001 -20"><span class='ocrx_word' id='word_1_262' title='bbox 308 2807 397 2866; x_wconf 86' lang='grc' dir='ltr'>σεως,</span> <span class='ocrx_word' id='word_1_263' title='bbox 412 2786 447 2862; x_wconf 91' lang='grc' dir='ltr'>δς</span> <span class='ocrx_word' id='word_1_264' title='bbox 462 2783 664 2868; x_wconf 76' lang='grc' dir='ltr'>ἐπιστήσεται</span> <span class='ocrx_word' id='word_1_265' title='bbox 678 2783 834 2870; x_wconf 81' lang='grc' dir='ltr'>έντάχει·</span> <span class='ocrx_word' id='word_1_266' title='bbox 857 2782 978 2868; x_wconf 86' lang='grc' dir='ltr'>βραχὺς</span> <span class='ocrx_word' id='word_1_267' title='bbox 991 2786 1053 2868; x_wconf 80' lang='grc' dir='ltr'>γάρ</span> <span class='ocrx_word' id='word_1_268' title='bbox 1100 2789 1134 2851; x_wconf 95' lang='lat' dir='ltr'>ni</span> <span class='ocrx_word' id='word_1_269' title='bbox 1146 2787 1278 2869; x_wconf 86' lang='lat' dir='ltr'><strong>judieii,</strong></span> <span class='ocrx_word' id='word_1_270' title='bbox 1302 2786 1391 2869; x_wconf 92' lang='lat' dir='ltr'><strong>quod</strong></span> <span class='ocrx_word' id='word_1_271' title='bbox 1415 2789 1624 2869; x_wconf 89' lang='lat' dir='ltr'><strong>inpromptu</strong></span> <span class='ocrx_word' id='word_1_272' title='bbox 1640 2787 1714 2850; x_wconf 91' lang='lat' dir='ltr'><strong>erit.</strong></span> <span class='ocrx_word' id='word_1_273' title='bbox 1731 2787 1845 2850; x_wconf 86' lang='lat' dir='ltr'><strong>Brevis</strong></span> 
     </span>
     <span class='ocr_line' id='line_1_24' title="bbox 304 2886 1637 2975; baseline 0 -21"><span class='ocrx_word' id='word_1_274' title='bbox 304 2898 369 2966; x_wconf 82' lang='grc' dir='ltr'>πάς</span> <span class='ocrx_word' id='word_1_275' title='bbox 384 2889 401 2954; x_wconf 87' lang='grc' dir='ltr'>ό</span> <span class='ocrx_word' id='word_1_276' title='bbox 418 2889 595 2972; x_wconf 79' lang='grc' dir='ltr'>ἐνεστηκὼς</span> <span class='ocrx_word' id='word_1_277' title='bbox 611 2886 685 2975; x_wconf 87' lang='grc' dir='ltr'>βίος.</span> <span class='ocrx_word' id='word_1_278' title='bbox 1099 2893 1190 2956; x_wconf 90' lang='lat' dir='ltr'><strong>enim</strong></span> <span class='ocrx_word' id='word_1_279' title='bbox 1206 2897 1258 2956; x_wconf 90' lang='lat' dir='ltr'>est</span> <span class='ocrx_word' id='word_1_280' title='bbox 1272 2893 1381 2956; x_wconf 89' lang='lat' dir='ltr'><strong>omnis</strong></span> <span class='ocrx_word' id='word_1_281' title='bbox 1397 2893 1467 2955; x_wconf 83' lang='lat' dir='ltr'><strong>vitu</strong></span> <span class='ocrx_word' id='word_1_282' title='bbox 1481 2909 1637 2973; x_wconf 77' lang='lat' dir='ltr'><strong>praesens.</strong></span> 
     </span>
    </p>

    <p class='ocr_par' dir='ltr' id='par_1_7' title="bbox 301 2992 1847 5162">
     <span class='ocr_line' id='line_1_25' title="bbox 348 2992 1842 3077; baseline -0.003 -15"><span class='ocrx_word' id='word_1_283' title='bbox 348 2995 388 3062; x_wconf 84' lang='grc' dir='ltr'>Οἱ</span> <span class='ocrx_word' id='word_1_284' title='bbox 403 2993 585 3071; x_wconf 88' lang='grc' dir='ltr'>πεποιθότες</span> <span class='ocrx_word' id='word_1_285' title='bbox 607 2994 658 3058; x_wconf 85' lang='grc' dir='ltr'>έπὶ</span> <span class='ocrx_word' id='word_1_286' title='bbox 672 2995 727 3058; x_wconf 91' lang='grc' dir='ltr'>τόν</span> <span class='ocrx_word' id='word_1_287' title='bbox 749 2993 788 3058; x_wconf 87' lang='grc' dir='ltr'>δι’</span> <span class='ocrx_word' id='word_1_288' title='bbox 799 2993 873 3058; x_wconf 87' lang='grc' dir='ltr'>όλσυ</span> <span class='ocrx_word' id='word_1_289' title='bbox 896 3002 951 3056; x_wconf 91' lang='grc' dir='ltr'>τοῦ</span> <span class='ocrx_word' id='word_1_290' title='bbox 974 2992 1054 3077; x_wconf 80' lang='grc' dir='ltr'>ψαλ-</span> <span class='ocrx_word' id='word_1_291' title='bbox 1142 2997 1205 3073; x_wconf 88' lang='lat' dir='ltr'><strong>Qui</strong></span> <span class='ocrx_word' id='word_1_292' title='bbox 1221 2995 1394 3060; x_wconf 82' lang='lat' dir='ltr'><strong>confidunt</strong></span> <span class='ocrx_word' id='word_1_293' title='bbox 1409 2997 1445 3058; x_wconf 95' lang='lat' dir='ltr'>in</span> <span class='ocrx_word' id='word_1_294' title='bbox 1460 2996 1641 3076; x_wconf 82' lang='lat' dir='ltr'><strong>Christum,</strong></span> <span class='ocrx_word' id='word_1_295' title='bbox 1655 2995 1696 3059; x_wconf 91' lang='lat' dir='ltr'>de</span> <span class='ocrx_word' id='word_1_296' title='bbox 1711 3012 1779 3076; x_wconf 91' lang='lat' dir='ltr'><strong>quo</strong></span> <span class='ocrx_word' id='word_1_297' title='bbox 1794 2999 1842 3058; x_wconf 88' lang='lat' dir='ltr'>to·</span> 
     </span>
     <span class='ocr_line' id='line_1_26' title="bbox 307 3095 1844 3185; baseline -0.001 -21"><span class='ocrx_word' id='word_1_298' title='bbox 307 3110 366 3185; x_wconf 90' lang='grc' dir='ltr'>μοῦ</span> <span class='ocrx_word' id='word_1_299' title='bbox 387 3097 644 3184; x_wconf 82' lang='grc' dir='ltr'>προφητευθέντα</span> <span class='ocrx_word' id='word_1_300' title='bbox 666 3097 811 3183; x_wconf 86' lang='grc' dir='ltr'>Χριστόν,</span> <span class='ocrx_word' id='word_1_301' title='bbox 835 3095 985 3182; x_wconf 86' lang='grc' dir='ltr'>μακάριοι</span> <span class='ocrx_word' id='word_1_302' title='bbox 1003 3097 1053 3161; x_wconf 84' lang='grc' dir='ltr'>εό-</span> <span class='ocrx_word' id='word_1_303' title='bbox 1099 3104 1155 3163; x_wconf 88' lang='lat' dir='ltr'><strong>tus</strong></span> <span class='ocrx_word' id='word_1_304' title='bbox 1169 3101 1225 3163; x_wconf 92' lang='lat' dir='ltr'>hio</span> <span class='ocrx_word' id='word_1_305' title='bbox 1240 3100 1390 3181; x_wconf 89' lang='lat' dir='ltr'><strong>psalmus</strong></span> <span class='ocrx_word' id='word_1_306' title='bbox 1406 3101 1621 3179; x_wconf 86' lang='lat' dir='ltr'><strong>vaticinatur,</strong></span> <span class='ocrx_word' id='word_1_307' title='bbox 1638 3101 1727 3164; x_wconf 89' lang='lat' dir='ltr'><strong>beati</strong></span> <span class='ocrx_word' id='word_1_308' title='bbox 1751 3100 1844 3162; x_wconf 88' lang='lat' dir='ltr'><strong>inve-</strong></span> 
     </span>
     <span class='ocr_line' id='line_1_27' title="bbox 304 3203 1845 3290; baseline -0.003 -20"><span class='ocrx_word' id='word_1_309' title='bbox 304 3204 512 3290; x_wconf 81' lang='grc' dir='ltr'>ρεθησονται·</span> <span class='ocrx_word' id='word_1_310' title='bbox 527 3207 582 3269; x_wconf 76' lang='grc' dir='ltr'>καὶ</span> <span class='ocrx_word' id='word_1_311' title='bbox 603 3203 695 3269; x_wconf 89' lang='grc' dir='ltr'>τοῦτό</span> <span class='ocrx_word' id='word_1_312' title='bbox 709 3225 747 3290; x_wconf 84' lang='grc' dir='ltr'>γε</span> <span class='ocrx_word' id='word_1_313' title='bbox 770 3203 809 3286; x_wconf 74' lang='grc' dir='ltr'>ἠν</span> <span class='ocrx_word' id='word_1_314' title='bbox 828 3205 864 3268; x_wconf 82' lang='grc' dir='ltr'>τό</span> <span class='ocrx_word' id='word_1_315' title='bbox 879 3203 988 3267; x_wconf 79' lang='grc' dir='ltr'>λεῖπον</span> <span class='ocrx_word' id='word_1_316' title='bbox 1009 3210 1054 3287; x_wconf 92' lang='grc' dir='ltr'>τῷ</span> <span class='ocrx_word' id='word_1_317' title='bbox 1099 3205 1245 3268; x_wconf 89' lang='lat' dir='ltr'><strong>nientnr.</strong></span> <span class='ocrx_word' id='word_1_318' title='bbox 1272 3203 1316 3266; x_wconf 85' lang='lat' dir='ltr'>Et</span> <span class='ocrx_word' id='word_1_319' title='bbox 1340 3204 1403 3266; x_wconf 89' lang='lat' dir='ltr'>hoo</span> <span class='ocrx_word' id='word_1_320' title='bbox 1429 3221 1510 3268; x_wconf 90' lang='lat' dir='ltr'><strong>sane</strong></span> <span class='ocrx_word' id='word_1_321' title='bbox 1536 3207 1725 3284; x_wconf 88' lang='lat' dir='ltr'><strong>supererat,</strong></span> <span class='ocrx_word' id='word_1_322' title='bbox 1757 3209 1845 3284; x_wconf 89' lang='lat' dir='ltr'><strong>post-</strong></span> 
     </span>
     <span class='ocr_line' id='line_1_28' title="bbox 306 3306 1844 3393; baseline 0 -21"><span class='ocrx_word' id='word_1_323' title='bbox 306 3306 476 3393; x_wconf 85' lang='grc' dir='ltr'>δηλωθέντι</span> <span class='ocrx_word' id='word_1_324' title='bbox 491 3307 543 3372; x_wconf 81' lang='grc' dir='ltr'>διά</span> <span class='ocrx_word' id='word_1_325' title='bbox 556 3317 612 3372; x_wconf 90' lang='grc' dir='ltr'>τοῦ</span> <span class='ocrx_word' id='word_1_326' title='bbox 628 3307 684 3392; x_wconf 84' lang='grc' dir='ltr'>[α’]</span> <span class='ocrx_word' id='word_1_327' title='bbox 701 3307 828 3392; x_wconf 80' lang='grc' dir='ltr'>ψαλμοῦ</span> <span class='ocrx_word' id='word_1_328' title='bbox 841 3315 884 3391; x_wconf 90' lang='grc' dir='ltr'>τῷ</span> <span class='ocrx_word' id='word_1_329' title='bbox 902 3327 1053 3392; x_wconf 88' lang='grc' dir='ltr'>μακαρισ-</span> <span class='ocrx_word' id='word_1_330' title='bbox 1099 3327 1200 3390; x_wconf 90' lang='lat' dir='ltr'><strong>quam</strong></span> <span class='ocrx_word' id='word_1_331' title='bbox 1240 3309 1410 3372; x_wconf 77' lang='lat' dir='ltr'><strong>declarata</strong></span> <span class='ocrx_word' id='word_1_332' title='bbox 1436 3315 1489 3373; x_wconf 90' lang='lat' dir='ltr'>est</span> <span class='ocrx_word' id='word_1_333' title='bbox 1514 3310 1549 3373; x_wconf 96' lang='lat' dir='ltr'>in</span> <span class='ocrx_word' id='word_1_334' title='bbox 1575 3309 1685 3391; x_wconf 90' lang='lat' dir='ltr'><strong>primo</strong></span> <span class='ocrx_word' id='word_1_335' title='bbox 1714 3311 1844 3391; x_wconf 87' lang='lat' dir='ltr'><strong>psalmo</strong></span> 
     </span>
     <span class='ocr_line' id='line_1_29' title="bbox 301 3408 1845 3498; baseline 0.005 -28"><span class='ocrx_word' id='word_1_336' title='bbox 301 3419 365 3496; x_wconf 83' lang='grc' dir='ltr'>μῷ,</span> <span class='ocrx_word' id='word_1_337' title='bbox 381 3411 457 3494; x_wconf 80' lang='grc' dir='ltr'>ὅπερ</span> <span class='ocrx_word' id='word_1_338' title='bbox 469 3410 486 3475; x_wconf 87' lang='grc' dir='ltr'>ό</span> <span class='ocrx_word' id='word_1_339' title='bbox 499 3411 607 3496; x_wconf 84' lang='grc' dir='ltr'>παρὼν</span> <span class='ocrx_word' id='word_1_340' title='bbox 622 3408 876 3495; x_wconf 79' lang='grc' dir='ltr'>έπεσφραγίσατσ</span> <span class='ocrx_word' id='word_1_341' title='bbox 891 3409 1003 3494; x_wconf 86' lang='grc' dir='ltr'>λόγος·</span> <span class='ocrx_word' id='word_1_342' title='bbox 1016 3411 1053 3474; x_wconf 81' lang='grc' dir='ltr'>οῦ</span> <span class='ocrx_word' id='word_1_343' title='bbox 1099 3413 1282 3493; x_wconf 87' lang='lat' dir='ltr'><strong>beatitudo,</strong></span> <span class='ocrx_word' id='word_1_344' title='bbox 1294 3415 1349 3476; x_wconf 89' lang='lat' dir='ltr'><strong>oui</strong></span> <span class='ocrx_word' id='word_1_345' title='bbox 1366 3432 1513 3498; x_wconf 70' lang='lat' dir='ltr'><strong>prensens</strong></span> <span class='ocrx_word' id='word_1_346' title='bbox 1525 3415 1675 3494; x_wconf 88' lang='lat' dir='ltr'><strong>psalmus</strong></span> <span class='ocrx_word' id='word_1_347' title='bbox 1690 3414 1845 3492; x_wconf 83' lang='lat' dir='ltr'><strong>sigillum</strong></span> 
     </span>
     <span class='ocr_line' id='line_1_30' title="bbox 306 3513 1846 3601; baseline 0.001 -21"><span class='ocrx_word' id='word_1_348' title='bbox 306 3517 368 3600; x_wconf 76' lang='grc' dir='ltr'>γάρ</span> <span class='ocrx_word' id='word_1_349' title='bbox 385 3513 479 3600; x_wconf 91' lang='grc' dir='ltr'>μόνον</span> <span class='ocrx_word' id='word_1_350' title='bbox 498 3513 693 3600; x_wconf 80' lang='grc' dir='ltr'>ἀποσχέσθαι</span> <span class='ocrx_word' id='word_1_351' title='bbox 709 3515 828 3600; x_wconf 78' lang='grc' dir='ltr'>δεῑτῆς</span> <span class='ocrx_word' id='word_1_352' title='bbox 850 3523 911 3580; x_wconf 85' lang='grc' dir='ltr'>τῷν</span> <span class='ocrx_word' id='word_1_353' title='bbox 932 3514 1053 3580; x_wconf 83' lang='grc' dir='ltr'>ἀσεόῦν</span> <span class='ocrx_word' id='word_1_354' title='bbox 1100 3519 1271 3601; x_wconf 88' lang='lat' dir='ltr'><strong>imposuit.</strong></span> <span class='ocrx_word' id='word_1_355' title='bbox 1299 3519 1370 3582; x_wconf 87' lang='lat' dir='ltr'>Non</span> <span class='ocrx_word' id='word_1_356' title='bbox 1398 3520 1508 3582; x_wconf 90' lang='lat' dir='ltr'><strong>solum</strong></span> <span class='ocrx_word' id='word_1_357' title='bbox 1536 3519 1626 3581; x_wconf 86' lang='lat' dir='ltr'><strong>enim</strong></span> <span class='ocrx_word' id='word_1_358' title='bbox 1654 3523 1784 3599; x_wconf 90' lang='lat' dir='ltr'><strong>oportet</strong></span> <span class='ocrx_word' id='word_1_359' title='bbox 1798 3519 1846 3582; x_wconf 93' lang='lat' dir='ltr'>di·</span> 
     </span>
     <span class='ocr_line' id='line_1_31' title="bbox 306 3616 1846 3705; baseline 0 -21"><span class='ocrx_word' id='word_1_360' title='bbox 306 3621 363 3684; x_wconf 81' lang='grc' dir='ltr'>καί</span> <span class='ocrx_word' id='word_1_361' title='bbox 386 3618 581 3705; x_wconf 79' lang='grc' dir='ltr'>ἁμαρτωλῶν</span> <span class='ocrx_word' id='word_1_362' title='bbox 603 3620 657 3682; x_wconf 85' lang='grc' dir='ltr'>καὶ</span> <span class='ocrx_word' id='word_1_363' title='bbox 679 3618 796 3704; x_wconf 81' lang='grc' dir='ltr'>λοιμῶν</span> <span class='ocrx_word' id='word_1_364' title='bbox 818 3616 957 3702; x_wconf 88' lang='grc' dir='ltr'>πορείας,</span> <span class='ocrx_word' id='word_1_365' title='bbox 980 3619 1054 3683; x_wconf 79' lang='grc' dir='ltr'>οὐδὲ</span> <span class='ocrx_word' id='word_1_366' title='bbox 1099 3621 1234 3686; x_wconf 79' lang='lat' dir='ltr'><strong>saedere</strong></span> <span class='ocrx_word' id='word_1_367' title='bbox 1250 3640 1270 3684; x_wconf 85' lang='lat' dir='ltr'><strong>a</strong></span> <span class='ocrx_word' id='word_1_368' title='bbox 1285 3623 1420 3686; x_wconf 87' lang='lat' dir='ltr'><strong>tramite</strong></span> <span class='ocrx_word' id='word_1_369' title='bbox 1436 3622 1617 3702; x_wconf 89' lang='lat' dir='ltr'><strong>impiorum</strong></span> <span class='ocrx_word' id='word_1_370' title='bbox 1642 3625 1676 3686; x_wconf 90' lang='lat' dir='ltr'>et</span> <span class='ocrx_word' id='word_1_371' title='bbox 1697 3627 1846 3703; x_wconf 76' lang='lat' dir='ltr'><strong>peceato</strong></span> 
     </span>
     <span class='ocr_line' id='line_1_32' title="bbox 306 3721 1846 3809; baseline -0.001 -21"><span class='ocrx_word' id='word_1_372' title='bbox 306 3723 401 3807; x_wconf 88' lang='grc' dir='ltr'>μόνον</span> <span class='ocrx_word' id='word_1_373' title='bbox 434 3724 604 3809; x_wconf 69' lang='grc' dir='ltr'>μελετῆσαι</span> <span class='ocrx_word' id='word_1_374' title='bbox 638 3724 689 3786; x_wconf 86' lang='grc' dir='ltr'>τόν</span> <span class='ocrx_word' id='word_1_375' title='bbox 724 3722 818 3807; x_wconf 89' lang='grc' dir='ltr'>νόμον</span> <span class='ocrx_word' id='word_1_376' title='bbox 851 3721 970 3806; x_wconf 81' lang='grc' dir='ltr'>Κυρίου</span> <span class='ocrx_word' id='word_1_377' title='bbox 999 3724 1054 3786; x_wconf 82' lang='grc' dir='ltr'>καὶ</span> <span class='ocrx_word' id='word_1_378' title='bbox 1099 3743 1175 3789; x_wconf 90' lang='lat' dir='ltr'>rum</span> <span class='ocrx_word' id='word_1_379' title='bbox 1192 3731 1226 3789; x_wconf 92' lang='lat' dir='ltr'>et</span> <span class='ocrx_word' id='word_1_380' title='bbox 1251 3725 1502 3805; x_wconf 68' lang='lat' dir='ltr'><strong>pestiferorum</strong></span> <span class='ocrx_word' id='word_1_381' title='bbox 1519 3743 1581 3789; x_wconf 90' lang='lat' dir='ltr'>neo</span> <span class='ocrx_word' id='word_1_382' title='bbox 1600 3725 1683 3789; x_wconf 86' lang='lat' dir='ltr'><strong>satis</strong></span> <span class='ocrx_word' id='word_1_383' title='bbox 1707 3729 1759 3788; x_wconf 86' lang='lat' dir='ltr'>est</span> <span class='ocrx_word' id='word_1_384' title='bbox 1780 3741 1846 3788; x_wconf 88' lang='lat' dir='ltr'>me-</span> 
     </span>
     <span class='ocr_line' id='line_1_33' title="bbox 306 3824 1845 3911; baseline -0.001 -18"><span class='ocrx_word' id='word_1_385' title='bbox 306 3831 418 3904; x_wconf 85' lang='grc' dir='ltr'>νυκτὸς</span> <span class='ocrx_word' id='word_1_386' title='bbox 433 3829 487 3891; x_wconf 87' lang='grc' dir='ltr'>καὶ</span> <span class='ocrx_word' id='word_1_387' title='bbox 508 3824 639 3911; x_wconf 77' lang='grc' dir='ltr'>ἡμέρας,</span> <span class='ocrx_word' id='word_1_388' title='bbox 664 3825 747 3890; x_wconf 77' lang='grc' dir='ltr'>ἀλλὰ</span> <span class='ocrx_word' id='word_1_389' title='bbox 766 3828 880 3911; x_wconf 78' lang='grc' dir='ltr'>καὶμὴ</span> <span class='ocrx_word' id='word_1_390' title='bbox 904 3826 947 3903; x_wconf 86' lang='grc' dir='ltr'>είς</span> <span class='ocrx_word' id='word_1_391' title='bbox 963 3827 1053 3890; x_wconf 87' lang='grc' dir='ltr'>κενόν</span> <span class='ocrx_word' id='word_1_392' title='bbox 1099 3831 1200 3894; x_wconf 88' lang='lat' dir='ltr'><strong>ditari</strong></span> <span class='ocrx_word' id='word_1_393' title='bbox 1227 3831 1338 3908; x_wconf 75' lang='lat' dir='ltr'><strong>legem</strong></span> <span class='ocrx_word' id='word_1_394' title='bbox 1355 3830 1490 3892; x_wconf 90' lang='lat' dir='ltr'><strong>Domini</strong></span> <span class='ocrx_word' id='word_1_395' title='bbox 1505 3836 1602 3893; x_wconf 86' lang='lat' dir='ltr'><strong>noete</strong></span> <span class='ocrx_word' id='word_1_396' title='bbox 1627 3847 1666 3892; x_wconf 86' lang='lat' dir='ltr'>ae</span> <span class='ocrx_word' id='word_1_397' title='bbox 1692 3830 1763 3907; x_wconf 84' lang='lat' dir='ltr'><strong>die3</strong></span> <span class='ocrx_word' id='word_1_398' title='bbox 1787 3829 1845 3894; x_wconf 90' lang='lat' dir='ltr'>sed</span> 
     </span>
     <span class='ocr_line' id='line_1_34' title="bbox 308 3927 1846 4016; baseline -0.001 -20"><span class='ocrx_word' id='word_1_399' title='bbox 308 3931 495 4016; x_wconf 71' lang='grc' dir='ltr'>μελετῆσαι,</span> <span class='ocrx_word' id='word_1_400' title='bbox 519 3932 596 4014; x_wconf 85' lang='grc' dir='ltr'>ὅπερ</span> <span class='ocrx_word' id='word_1_401' title='bbox 611 3927 800 3994; x_wconf 84' lang='grc' dir='ltr'>πεπόνθασιν</span> <span class='ocrx_word' id='word_1_402' title='bbox 823 3929 852 3994; x_wconf 86' lang='lat' dir='ltr'>oi</span> <span class='ocrx_word' id='word_1_403' title='bbox 874 3931 913 3995; x_wconf 86' lang='grc' dir='ltr'>έκ</span> <span class='ocrx_word' id='word_1_404' title='bbox 933 3951 1053 4014; x_wconf 86' lang='grc' dir='ltr'>περιτο·</span> <span class='ocrx_word' id='word_1_405' title='bbox 1100 3936 1202 3998; x_wconf 85' lang='lat' dir='ltr'><strong>etiam</strong></span> <span class='ocrx_word' id='word_1_406' title='bbox 1218 3951 1285 3996; x_wconf 94' lang='lat' dir='ltr'>non</span> <span class='ocrx_word' id='word_1_407' title='bbox 1302 3933 1458 3997; x_wconf 91' lang='lat' dir='ltr'><strong>meditari</strong></span> <span class='ocrx_word' id='word_1_408' title='bbox 1482 3934 1516 3995; x_wconf 94' lang='lat' dir='ltr'>in</span> <span class='ocrx_word' id='word_1_409' title='bbox 1533 3949 1669 4012; x_wconf 84' lang='lat' dir='ltr'><strong>vanum,</strong></span> <span class='ocrx_word' id='word_1_410' title='bbox 1686 3932 1775 3996; x_wconf 87' lang='lat' dir='ltr'><strong>siout</strong></span> <span class='ocrx_word' id='word_1_411' title='bbox 1789 3949 1846 3995; x_wconf 85' lang='lat' dir='ltr'>ex·</span> 
     </span>
     <span class='ocr_line' id='line_1_35' title="bbox 308 4031 1844 4122; baseline -0.016 1"><span class='ocrx_word' id='word_1_412' title='bbox 308 4044 386 4122; x_wconf 71' lang='lat' dir='ltr'><strong>tir·</strong></span> <span class='ocrx_word' id='word_1_413' title='bbox 402 4036 457 4099; x_wconf 83' lang='grc' dir='ltr'>καί</span> <span class='ocrx_word' id='word_1_414' title='bbox 479 4032 614 4100; x_wconf 78' lang='grc' dir='ltr'>συνιέναι</span> <span class='ocrx_word' id='word_1_415' title='bbox 630 4032 664 4096; x_wconf 82' lang='grc' dir='ltr'>δὲ</span> <span class='ocrx_word' id='word_1_416' title='bbox 687 4031 839 4118; x_wconf 66' lang='grc' dir='ltr'>προσήκει</span> <span class='ocrx_word' id='word_1_417' title='bbox 862 4034 902 4097; x_wconf 85' lang='grc' dir='ltr'>τά</span> <span class='ocrx_word' id='word_1_418' title='bbox 926 4033 1054 4118; x_wconf 90' lang='grc' dir='ltr'>μεμελε-</span> <span class='ocrx_word' id='word_1_419' title='bbox 1100 4039 1185 4121; x_wconf 86' lang='lat' dir='ltr'><strong>perti</strong></span> <span class='ocrx_word' id='word_1_420' title='bbox 1202 4038 1333 4101; x_wconf 90' lang='lat' dir='ltr'><strong>suntin</strong></span> <span class='ocrx_word' id='word_1_421' title='bbox 1349 4039 1623 4117; x_wconf 80' lang='lat' dir='ltr'><strong>oiroumoisione3</strong></span> <span class='ocrx_word' id='word_1_422' title='bbox 1645 4041 1719 4100; x_wconf 88' lang='lat' dir='ltr'><strong>turn</strong></span> <span class='ocrx_word' id='word_1_423' title='bbox 1742 4037 1844 4100; x_wconf 86' lang='lat' dir='ltr'><strong>etiam</strong></span> 
     </span>
     <span class='ocr_line' id='line_1_36' title="bbox 307 4135 1846 4225; baseline -0.001 -22"><span class='ocrx_word' id='word_1_424' title='bbox 307 4136 437 4225; x_wconf 83' lang='grc' dir='ltr'>τημένα,</span> <span class='ocrx_word' id='word_1_425' title='bbox 452 4139 507 4202; x_wconf 91' lang='grc' dir='ltr'>καὶ</span> <span class='ocrx_word' id='word_1_426' title='bbox 522 4138 687 4222; x_wconf 82' lang='grc' dir='ltr'>ἐπιγνῶναι</span> <span class='ocrx_word' id='word_1_427' title='bbox 711 4137 885 4221; x_wconf 81' lang='grc' dir='ltr'>ἀναγκαῖον</span> <span class='ocrx_word' id='word_1_428' title='bbox 900 4135 933 4215; x_wconf 77' lang='grc' dir='ltr'>εξ</span> <span class='ocrx_word' id='word_1_429' title='bbox 949 4136 1051 4201; x_wconf 82' lang='grc' dir='ltr'>αὐτῶν</span> <span class='ocrx_word' id='word_1_430' title='bbox 1099 4145 1195 4206; x_wconf 83' lang='lat' dir='ltr'><strong>decet</strong></span> <span class='ocrx_word' id='word_1_431' title='bbox 1210 4142 1404 4219; x_wconf 76' lang='lat' dir='ltr'><strong>intelligere</strong></span> <span class='ocrx_word' id='word_1_432' title='bbox 1419 4159 1459 4204; x_wconf 87' lang='lat' dir='ltr'>ea</span> <span class='ocrx_word' id='word_1_433' title='bbox 1474 4158 1550 4221; x_wconf 73' lang='lat' dir='ltr'><strong>quaa</strong></span> <span class='ocrx_word' id='word_1_434' title='bbox 1566 4141 1642 4221; x_wconf 89' lang='lat' dir='ltr'><strong>quis</strong></span> <span class='ocrx_word' id='word_1_435' title='bbox 1661 4139 1846 4203; x_wconf 84' lang='lat' dir='ltr'><strong>meditatus</strong></span> 
     </span>
     <span class='ocr_line' id='line_1_37' title="bbox 308 4239 1847 4328; baseline -0.001 -18"><span class='ocrx_word' id='word_1_436' title='bbox 308 4247 362 4310; x_wconf 87' lang='grc' dir='ltr'>τὸν</span> <span class='ocrx_word' id='word_1_437' title='bbox 377 4241 531 4326; x_wconf 84' lang='grc' dir='ltr'>Χριστόν·</span> <span class='ocrx_word' id='word_1_438' title='bbox 555 4241 639 4306; x_wconf 76' lang='grc' dir='ltr'>ἀλλὰ</span> <span class='ocrx_word' id='word_1_439' title='bbox 660 4244 715 4305; x_wconf 80' lang='grc' dir='ltr'>καί</span> <span class='ocrx_word' id='word_1_440' title='bbox 731 4250 788 4326; x_wconf 81' lang='grc' dir='ltr'>τῷς</span> <span class='ocrx_word' id='word_1_441' title='bbox 810 4243 907 4306; x_wconf 87' lang='grc' dir='ltr'>αὐτοῦ</span> <span class='ocrx_word' id='word_1_442' title='bbox 931 4239 1054 4328; x_wconf 88' lang='grc' dir='ltr'>μερίδος</span> <span class='ocrx_word' id='word_1_443' title='bbox 1101 4251 1160 4326; x_wconf 91' lang='lat' dir='ltr'><strong>est,</strong></span> <span class='ocrx_word' id='word_1_444' title='bbox 1177 4263 1216 4308; x_wconf 86' lang='lat' dir='ltr'>ao</span> <span class='ocrx_word' id='word_1_445' title='bbox 1238 4261 1374 4308; x_wconf 83' lang='lat' dir='ltr'><strong>neeesse</strong></span> <span class='ocrx_word' id='word_1_446' title='bbox 1399 4250 1450 4308; x_wconf 90' lang='lat' dir='ltr'>est</span> <span class='ocrx_word' id='word_1_447' title='bbox 1472 4263 1513 4308; x_wconf 85' lang='lat' dir='ltr'>ex</span> <span class='ocrx_word' id='word_1_448' title='bbox 1537 4246 1605 4308; x_wconf 91' lang='lat' dir='ltr'><strong>illis</strong></span> <span class='ocrx_word' id='word_1_449' title='bbox 1628 4261 1847 4322; x_wconf 81' lang='lat' dir='ltr'><strong>recognosce·</strong></span> 
     </span>
     <span class='ocr_line' id='line_1_38' title="bbox 309 4345 1845 4433; baseline -0.001 -20"><span class='ocrx_word' id='word_1_450' title='bbox 309 4351 363 4414; x_wconf 82' lang='grc' dir='ltr'>καλ</span> <span class='ocrx_word' id='word_1_451' title='bbox 386 4345 598 4433; x_wconf 87' lang='grc' dir='ltr'>κληρονομίας</span> <span class='ocrx_word' id='word_1_452' title='bbox 620 4345 851 4430; x_wconf 80' lang='grc' dir='ltr'>καταξιωθῆναι</span> <span class='ocrx_word' id='word_1_453' title='bbox 879 4346 1055 4411; x_wconf 80' lang='grc' dir='ltr'>σπουδάσαι</span> <span class='ocrx_word' id='word_1_454' title='bbox 1100 4370 1136 4413; x_wconf 88' lang='lat' dir='ltr'><strong>re</strong></span> <span class='ocrx_word' id='word_1_455' title='bbox 1158 4350 1346 4426; x_wconf 67' lang='lat' dir='ltr'><strong>Christum</strong></span> <span class='ocrx_word' id='word_1_456' title='bbox 1375 4350 1458 4430; x_wconf 92' lang='lat' dir='ltr'><strong>quin</strong></span> <span class='ocrx_word' id='word_1_457' title='bbox 1486 4353 1520 4412; x_wconf 89' lang='lat' dir='ltr'>et</span> <span class='ocrx_word' id='word_1_458' title='bbox 1544 4353 1700 4427; x_wconf 79' lang='lat' dir='ltr'><strong>sategere</strong></span> <span class='ocrx_word' id='word_1_459' title='bbox 1722 4346 1845 4426; x_wconf 73' lang='lat' dir='ltr'><strong>dignos</strong></span> 
     </span>
     <span class='ocr_line' id='line_1_39' title="bbox 308 4449 1845 4535; baseline -0.001 -18"><span class='ocrx_word' id='word_1_460' title='bbox 308 4455 361 4517; x_wconf 85' lang='grc' dir='ltr'>καί</span> <span class='ocrx_word' id='word_1_461' title='bbox 384 4453 434 4518; x_wconf 80' lang='grc' dir='ltr'>ἐπὶ</span> <span class='ocrx_word' id='word_1_462' title='bbox 455 4451 575 4528; x_wconf 80' lang='grc' dir='ltr'>τούτοις</span> <span class='ocrx_word' id='word_1_463' title='bbox 598 4453 714 4516; x_wconf 76' lang='grc' dir='ltr'>ἅπασιν</span> <span class='ocrx_word' id='word_1_464' title='bbox 730 4449 910 4516; x_wconf 84' lang='grc' dir='ltr'>πεποιθέναι</span> <span class='ocrx_word' id='word_1_465' title='bbox 938 4451 1053 4516; x_wconf 82' lang='grc' dir='ltr'>έπάίι·</span> <span class='ocrx_word' id='word_1_466' title='bbox 1099 4455 1173 4518; x_wconf 89' lang='lat' dir='ltr'><strong>iieri</strong></span> <span class='ocrx_word' id='word_1_467' title='bbox 1200 4455 1305 4535; x_wconf 89' lang='lat' dir='ltr'><strong>partis</strong></span> <span class='ocrx_word' id='word_1_468' title='bbox 1333 4455 1426 4517; x_wconf 91' lang='lat' dir='ltr'><strong>illius</strong></span> <span class='ocrx_word' id='word_1_469' title='bbox 1450 4459 1484 4516; x_wconf 92' lang='lat' dir='ltr'>et</span> <span class='ocrx_word' id='word_1_470' title='bbox 1510 4453 1726 4533; x_wconf 80' lang='lat' dir='ltr'><strong>haereditatis,</strong></span> <span class='ocrx_word' id='word_1_471' title='bbox 1752 4453 1845 4517; x_wconf 88' lang='lat' dir='ltr'><strong>etin</strong></span> 
     </span>
     <span class='ocr_line' id='line_1_40' title="bbox 308 4553 1847 4642; baseline -0.001 -21"><span class='ocrx_word' id='word_1_472' title='bbox 308 4567 351 4642; x_wconf 90' lang='grc' dir='ltr'>τῷ</span> <span class='ocrx_word' id='word_1_473' title='bbox 374 4558 428 4620; x_wconf 82' lang='grc' dir='ltr'>καὶ</span> <span class='ocrx_word' id='word_1_474' title='bbox 450 4557 501 4620; x_wconf 88' lang='grc' dir='ltr'>διόι</span> <span class='ocrx_word' id='word_1_475' title='bbox 517 4554 649 4631; x_wconf 90' lang='grc' dir='ltr'>πίστεως</span> <span class='ocrx_word' id='word_1_476' title='bbox 669 4556 723 4618; x_wconf 83' lang='grc' dir='ltr'>καὶ</span> <span class='ocrx_word' id='word_1_477' title='bbox 739 4555 838 4639; x_wconf 88' lang='grc' dir='ltr'>έργων</span> <span class='ocrx_word' id='word_1_478' title='bbox 861 4553 1055 4634; x_wconf 81' lang='grc' dir='ltr'>ἐνδείξασθαι</span> <span class='ocrx_word' id='word_1_479' title='bbox 1100 4560 1217 4640; x_wconf 88' lang='lat' dir='ltr'><strong>primis</strong></span> <span class='ocrx_word' id='word_1_480' title='bbox 1244 4557 1410 4622; x_wconf 84' lang='lat' dir='ltr'><strong>confidere</strong></span> <span class='ocrx_word' id='word_1_481' title='bbox 1427 4560 1462 4620; x_wconf 93' lang='lat' dir='ltr'>in</span> <span class='ocrx_word' id='word_1_482' title='bbox 1480 4575 1530 4636; x_wconf 89' lang='lat' dir='ltr'>eo,</span> <span class='ocrx_word' id='word_1_483' title='bbox 1546 4575 1585 4622; x_wconf 86' lang='lat' dir='ltr'>aa</span> <span class='ocrx_word' id='word_1_484' title='bbox 1600 4576 1659 4641; x_wconf 91' lang='lat' dir='ltr'><strong>per</strong></span> <span class='ocrx_word' id='word_1_485' title='bbox 1685 4557 1785 4622; x_wconf 88' lang='lat' dir='ltr'><strong>iidem</strong></span> <span class='ocrx_word' id='word_1_486' title='bbox 1813 4563 1847 4622; x_wconf 90' lang='lat' dir='ltr'>et</span> 
     </span>
     <span class='ocr_line' id='line_1_41' title="bbox 310 4659 1844 4748; baseline -0.002 -20"><span class='ocrx_word' id='word_1_487' title='bbox 310 4665 367 4748; x_wconf 81' lang='grc' dir='ltr'>τὴν</span> <span class='ocrx_word' id='word_1_488' title='bbox 398 4659 598 4744; x_wconf 84' lang='grc' dir='ltr'>πεποίθησιν,</span> <span class='ocrx_word' id='word_1_489' title='bbox 626 4660 733 4745; x_wconf 79' lang='grc' dir='ltr'>ἐπειδὴ</span> <span class='ocrx_word' id='word_1_490' title='bbox 765 4660 914 4746; x_wconf 83' lang='grc' dir='ltr'>μακάριοι</span> <span class='ocrx_word' id='word_1_491' title='bbox 939 4661 1054 4738; x_wconf 89' lang='grc' dir='ltr'>πάντες</span> <span class='ocrx_word' id='word_1_492' title='bbox 1100 4681 1200 4746; x_wconf 90' lang='lat' dir='ltr'><strong>opera</strong></span> <span class='ocrx_word' id='word_1_493' title='bbox 1212 4669 1338 4728; x_wconf 86' lang='lat' dir='ltr'><strong>certam</strong></span> <span class='ocrx_word' id='word_1_494' title='bbox 1352 4663 1580 4727; x_wconf 86' lang='lat' dir='ltr'><strong>demonstrare</strong></span> <span class='ocrx_word' id='word_1_495' title='bbox 1595 4662 1844 4727; x_wconf 83' lang='lat' dir='ltr'><strong>confidentiam.</strong></span> 
     </span>
     <span class='ocr_line' id='line_1_42' title="bbox 308 4763 1842 4851; baseline 0.001 -21"><span class='ocrx_word' id='word_1_496' title='bbox 308 4767 336 4830; x_wconf 83' lang='lat' dir='ltr'>oi</span> <span class='ocrx_word' id='word_1_497' title='bbox 359 4763 540 4841; x_wconf 84' lang='grc' dir='ltr'>πεποιθότες</span> <span class='ocrx_word' id='word_1_498' title='bbox 570 4763 619 4830; x_wconf 82' lang='grc' dir='ltr'>ἐπ’</span> <span class='ocrx_word' id='word_1_499' title='bbox 638 4767 742 4850; x_wconf 87' lang='grc' dir='ltr'>αὐτῷ·</span> <span class='ocrx_word' id='word_1_500' title='bbox 772 4765 814 4829; x_wconf 79' lang='grc' dir='ltr'>ὢν</span> <span class='ocrx_word' id='word_1_501' title='bbox 840 4767 937 4842; x_wconf 80' lang='grc' dir='ltr'>οὕτως</span> <span class='ocrx_word' id='word_1_502' title='bbox 964 4765 1053 4851; x_wconf 82' lang='grc' dir='ltr'>έχόν-</span> <span class='ocrx_word' id='word_1_503' title='bbox 1100 4769 1235 4833; x_wconf 80' lang='lat' dir='ltr'><strong>Etenim</strong></span> <span class='ocrx_word' id='word_1_504' title='bbox 1252 4767 1340 4831; x_wconf 91' lang='lat' dir='ltr'><strong>beati</strong></span> <span class='ocrx_word' id='word_1_505' title='bbox 1360 4785 1476 4830; x_wconf 89' lang='lat' dir='ltr'><strong>omnes</strong></span> <span class='ocrx_word' id='word_1_506' title='bbox 1491 4772 1572 4831; x_wconf 89' lang='lat' dir='ltr'><strong>sunt</strong></span> <span class='ocrx_word' id='word_1_507' title='bbox 1586 4768 1645 4848; x_wconf 93' lang='lat' dir='ltr'><strong>qui</strong></span> <span class='ocrx_word' id='word_1_508' title='bbox 1662 4769 1697 4831; x_wconf 96' lang='lat' dir='ltr'>in</span> <span class='ocrx_word' id='word_1_509' title='bbox 1713 4786 1752 4832; x_wconf 90' lang='lat' dir='ltr'>eo</span> <span class='ocrx_word' id='word_1_510' title='bbox 1767 4785 1842 4832; x_wconf 85' lang='lat' dir='ltr'><strong>oon-</strong></span> 
     </span>
     <span class='ocr_line' id='line_1_43' title="bbox 308 4869 1845 4956; baseline 0.001 -21"><span class='ocrx_word' id='word_1_511' title='bbox 308 4892 378 4950; x_wconf 91' lang='grc' dir='ltr'>των,</span> <span class='ocrx_word' id='word_1_512' title='bbox 405 4870 532 4945; x_wconf 85' lang='grc' dir='ltr'>εἰκότως</span> <span class='ocrx_word' id='word_1_513' title='bbox 562 4869 603 4946; x_wconf 77' lang='grc' dir='ltr'>ὡς</span> <span class='ocrx_word' id='word_1_514' title='bbox 630 4869 668 4932; x_wconf 83' lang='grc' dir='ltr'>ἂν</span> <span class='ocrx_word' id='word_1_515' title='bbox 692 4878 762 4954; x_wconf 78' lang='grc' dir='ltr'>μιᾶς</span> <span class='ocrx_word' id='word_1_516' title='bbox 790 4872 887 4954; x_wconf 86' lang='grc' dir='ltr'>οὔσης</span> <span class='ocrx_word' id='word_1_517' title='bbox 910 4880 965 4956; x_wconf 78' lang='grc' dir='ltr'>τῷς</span> <span class='ocrx_word' id='word_1_518' title='bbox 990 4871 1053 4934; x_wconf 86' lang='grc' dir='ltr'>δια·</span> <span class='ocrx_word' id='word_1_519' title='bbox 1100 4874 1202 4936; x_wconf 87' lang='lat' dir='ltr'><strong>fidere</strong></span> <span class='ocrx_word' id='word_1_520' title='bbox 1229 4878 1454 4953; x_wconf 86' lang='lat' dir='ltr'><strong>perseverant.</strong></span> <span class='ocrx_word' id='word_1_521' title='bbox 1472 4874 1552 4947; x_wconf 85' lang='lat' dir='ltr'><strong>Quae</strong></span> <span class='ocrx_word' id='word_1_522' title='bbox 1567 4889 1673 4953; x_wconf 90' lang='lat' dir='ltr'><strong>quum</strong></span> <span class='ocrx_word' id='word_1_523' title='bbox 1701 4874 1749 4935; x_wconf 89' lang='lat' dir='ltr'>ita</span> <span class='ocrx_word' id='word_1_524' title='bbox 1768 4873 1845 4948; x_wconf 89' lang='lat' dir='ltr'><strong>sint,</strong></span> 
     </span>
     <span class='ocr_line' id='line_1_44' title="bbox 309 4973 1844 5060; baseline 0.001 -22"><span class='ocrx_word' id='word_1_525' title='bbox 309 4973 403 5054; x_wconf 90' lang='grc' dir='ltr'>νοίας,</span> <span class='ocrx_word' id='word_1_526' title='bbox 428 4976 481 5038; x_wconf 85' lang='grc' dir='ltr'>καί</span> <span class='ocrx_word' id='word_1_527' title='bbox 503 4975 556 5038; x_wconf 86' lang='grc' dir='ltr'>τόν</span> <span class='ocrx_word' id='word_1_528' title='bbox 579 4973 722 5056; x_wconf 80' lang='grc' dir='ltr'>δεύτερον</span> <span class='ocrx_word' id='word_1_529' title='bbox 746 4981 788 5058; x_wconf 87' lang='grc' dir='ltr'>τῷ</span> <span class='ocrx_word' id='word_1_530' title='bbox 803 4973 915 5058; x_wconf 81' lang='grc' dir='ltr'>πρώτῳ</span> <span class='ocrx_word' id='word_1_531' title='bbox 939 4974 1053 5060; x_wconf 87' lang='grc' dir='ltr'>ψαλμῷ</span> <span class='ocrx_word' id='word_1_532' title='bbox 1096 4977 1175 5058; x_wconf 84' lang='lat' dir='ltr'><strong>jure</strong></span> <span class='ocrx_word' id='word_1_533' title='bbox 1190 4977 1310 5040; x_wconf 91' lang='lat' dir='ltr'><strong>merito</strong></span> <span class='ocrx_word' id='word_1_534' title='bbox 1326 4976 1415 5057; x_wconf 85' lang='lat' dir='ltr'><strong>apud</strong></span> <span class='ocrx_word' id='word_1_535' title='bbox 1432 4977 1588 5040; x_wconf 80' lang='lat' dir='ltr'><strong>Hebraeos</strong></span> <span class='ocrx_word' id='word_1_536' title='bbox 1611 4977 1745 5056; x_wconf 85' lang='lat' dir='ltr'><strong>dieitur,</strong></span> <span class='ocrx_word' id='word_1_537' title='bbox 1761 4994 1802 5041; x_wconf 88' lang='lat' dir='ltr'>ao</span> <span class='ocrx_word' id='word_1_538' title='bbox 1816 4977 1844 5039; x_wconf 88' lang='lat' dir='ltr'>si</span> 
     </span>
     <span class='ocr_line' id='line_1_45' title="bbox 308 5074 1844 5162; baseline 0.001 -22"><span class='ocrx_word' id='word_1_539' title='bbox 308 5075 463 5161; x_wconf 74' lang='grc' dir='ltr'>συνῷρθαί</span> <span class='ocrx_word' id='word_1_540' title='bbox 479 5099 573 5161; x_wconf 83' lang='grc' dir='ltr'>φασιν</span> <span class='ocrx_word' id='word_1_541' title='bbox 590 5077 664 5161; x_wconf 87' lang='grc' dir='ltr'>παρ’</span> <span class='ocrx_word' id='word_1_542' title='bbox 678 5074 842 5162; x_wconf 82' lang='grc' dir='ltr'>Ἑθραίοις.</span> <span class='ocrx_word' id='word_1_543' title='bbox 1100 5101 1169 5145; x_wconf 87' lang='lat' dir='ltr'><strong>una</strong></span> <span class='ocrx_word' id='word_1_544' title='bbox 1195 5082 1280 5145; x_wconf 84' lang='lat' dir='ltr'><strong>soret</strong></span> <span class='ocrx_word' id='word_1_545' title='bbox 1305 5083 1482 5157; x_wconf 88' lang='lat' dir='ltr'><strong>sententia,</strong></span> <span class='ocrx_word' id='word_1_546' title='bbox 1505 5081 1648 5144; x_wconf 84' lang='lat' dir='ltr'><strong>alterum</strong></span> <span class='ocrx_word' id='word_1_547' title='bbox 1676 5083 1844 5161; x_wconf 86' lang='lat' dir='ltr'><strong>psalmum</strong></span> 
     </span>
    </p>

    <p class='ocr_par' dir='ltr' id='par_1_8' title="bbox 1100 5185 1581 5268">
     <span class='ocr_line' id='line_1_46' title="bbox 1100 5185 1581 5268; baseline -0.004 -20"><span class='ocrx_word' id='word_1_548' title='bbox 1100 5205 1176 5248; x_wconf 91' lang='lat' dir='ltr'><strong>oum</strong></span> <span class='ocrx_word' id='word_1_549' title='bbox 1195 5187 1302 5268; x_wconf 89' lang='lat' dir='ltr'><strong>primo</strong></span> <span class='ocrx_word' id='word_1_550' title='bbox 1319 5189 1408 5247; x_wconf 84' lang='lat' dir='ltr'><strong>arcte</strong></span> <span class='ocrx_word' id='word_1_551' title='bbox 1424 5185 1581 5266; x_wconf 86' lang='lat' dir='ltr'><strong>coaptari.</strong></span> 
     </span>
    </p>
   </div>
   <div class='ocr_carea' id='block_1_7' title="bbox 0 0 2032 6100">
    <p class='ocr_par' dir='ltr' id='par_1_9' title="bbox 0 0 2032 6100">
     <span class='ocr_line' id='line_1_47' title="bbox 0 0 2032 6100; baseline 0 0"><span class='ocrx_word' id='word_1_552' title='bbox 0 0 2032 6100; x_wconf 95' lang='lat' dir='ltr'> </span> 
     </span>
    </p>
   </div>
  </div>
 </body>
</html>
