4036 6090
309 410 371 474 138
983 404 1193 469 ORIGENES

306 573 371 636 νον,
387 551 458 616 καθ’
469 551 505 615 δν
527 548 677 635 ζητήσεις
700 549 767 614 ύσοι
783 547 816 614 έν
838 544 946 632 ἐρήμῳ
969 544 1057 629 ἄρτοι
1102 547 1257 628 implevit
1271 545 1416 627 panibus
1428 547 1611 628 cophinum
1626 563 1687 628 pro
1702 548 1850 627 singulis

306 655 483 741 εθρέθησαν
497 653 640 732 πλείονες
654 655 677 741 η
692 652 797 737 πέντε,
810 649 946 737 κοφίνων
962 649 997 714 δέ
1008 648 1057 714 τύ
1102 650 1279 730 tribubus,
1292 650 1412 732 quade
1425 669 1460 714 re
1477 669 1607 732 quaeres
1618 670 1680 714 cur
1691 654 1727 715 in
1738 671 1849 716 cremo

306 759 451 845 πάρησοιν
466 758 601 824 δώδεκα.
663 760 669 770 “
1102 772 1170 818 non
1186 755 1300 836 plures
1317 772 1418 836 quam
1435 757 1586 837 quinque
1602 774 1707 837 panes
1720 758 1850 820 inventi

1101 859 1179 940 sint,
1195 859 1372 924 duodecim
1388 877 1468 924 vero
1488 860 1624 941 cophini
1643 866 1765 942 praesto
1780 861 1850 926 luc-

571 1015 573 1018 .
1101 965 1180 1027 rint.

352 1092 383 1136 v.
393 1073 423 1137 9.
431 1070 602 1154 Ἀκουσον,
615 1069 692 1148 λαός
704 1065 1056 1156 accumulationem,
1145 1085 1177 1130 ν.
1194 1071 1224 1130 9.
1239 1065 1337 1147 Audi,
1349 1067 1491 1148 populna
1505 1083 1605 1146 meua,
1626 1072 1658 1132 et
1672 1067 1788 1152 loquar
1809 1070 1850 1134 a·-

306 1174 449 1262 Ἰσραὴλ,
465 1178 521 1241 καί
536 1172 785 1263 διαμαρτύρομαί
799 1193 858 1239 σοι.
1041 1186 1042 1190 ’
1099 1170 1151 1251 δίς
1166 1171 1285 1251 Ima,
1302 1171 1597 1236 mmmm

353 1281 425 1347 Τῦν
448 1281 589 1366 ὁργάνων
611 1281 634 1345 a
657 1281 713 1366 μὲν
735 1281 804 1364 ἔχει
825 1279 892 1368 την,
905 1274 1057 1363 ἁρμονίαν
1145 1278 1237 1340 Inter
1252 1277 1464 1357 istrumanta,
1488 1278 1556 1340 alia
1570 1277 1662 1342 cient
1680 1279 1849 1344 musicum

309 1385 369 1470 την
397 1387 560 1470 μουσικὴν,
584 1384 606 1449 a
631 1382 666 1448 δέ
692 1383 776 1448 ἐστιν
801 1381 994 1467 ἀνάρμοστα.
1016 1379 1055 1446 ‘0
1101 1386 1313 1461 concentum,
1330 1382 1398 1444 alia
1413 1381 1646 1445 destituuntur
1660 1381 1846 1445 harmonia.

312 1489 368 1554 οὖν
389 1487 643 1574 γεγυμνασμένος
665 1488 700 1553 ἐν
726 1496 791 1564 τοῖς
821 1493 980 1572 μουσικοῖς
1007 1485 1056 1569 έρ-
1102 1485 1263 1566 Quisquis
1281 1501 1364 1564 ergo
1380 1487 1584 1549 exercitatus
1600 1485 1666 1549 init
1681 1487 1716 1549 in
1728 1503 1765 1549 re
1777 1503 1850 1548 mu-

310 1589 579 1679 γοις,ἐπιλέγεται
592 1593 633 1658 τά
648 1590 826 1677 ἐναρμόνιοι,
840 1589 949 1676 φεύγει
963 1589 998 1654 δέ
1014 1591 1055 1654 τά
1100 1591 1181 1668 sica,
1216 1589 1317 1667 eligit
1347 1607 1387 1652 ea
1424 1607 1500 1670 quae
1533 1589 1731 1654 harmonica
1758 1594 1849 1670 sunt,

307 1697 501 1782 ἀνάρμοστα,
525 1697 578 1761 ίνα
600 1696 643 1782 μὴ
668 1694 837 1781 άσχημονη
869 1694 920 1759 διὰ
942 1696 978 1759 τὸ
1001 1693 1053 1778 ύρ-
1101 1693 1260 1757 abhorret
1283 1710 1364 1757 vero
1380 1693 1422 1756 ab
1447 1693 1592 1773 absonis,
1621 1711 1664 1756 ne
1702 1692 1853 1774 pudefiat

306 1821 414 1885 γανον,
437 1799 479 1877 ύις
502 1801 561 1886 οὐχ
585 1801 760 1884 ὑπηρετοῦν
781 1809 820 1884 τῇ
842 1797 940 1885 τέχνη
964 1799 981 1863 δ
1004 1819 1053 1862 τε·
1101 1798 1143 1861 oh
1169 1799 1446 1876 instrumentum,
1470 1816 1509 1862 ac
1532 1799 1560 1860 si
1580 1799 1704 1863 artifex
1718 1801 1754 1862 in
1775 1803 1847 1862 arte

305 1902 426 1991 χνίτης.
442 1904 507 1970 Καί
522 1905 539 1969 δ
555 1903 636 1982 Θεὸς
656 1906 712 1968 σύν
727 1904 783 1970 ἐὰν
799 1904 903 1990 ἀπορῇ
919 1912 982 1969 τῶν
1004 1905 1055 1987 ἀρ·
1100 1920 1164 1966 sua
1185 1902 1329 1966 dedolat.
1346 1904 1391 1966 Et
1404 1904 1495 1966 Deua
1512 1919 1605 1983 ergo,
1621 1904 1651 1966 si
1666 1904 1708 1968 de
1723 1905 1847 1967 instru-

273 2033 280 2040 ’
305 2009 410 2093 γάνων
426 2011 532 2092 αὐτοῦ,
556 2017 668 2094 σιωπᾷ,
677 2009 722 2084 ,οὐ
744 2007 819 2094 παρ’
831 2008 952 2092 ἑαυτὸν,
970 2007 1055 2075 ἀλλά
1101 2010 1215 2070 manto
1231 2005 1374 2086 dubitat,
1391 2007 1479 2084 silet,
1497 2023 1564 2068 non
1580 2010 1718 2088 propter
1733 2023 1779 2086 se,
1791 2005 1851 2070 sed

305 2113 394 2197 παρά
408 2113 692 2199 τηντῦνδργάνων
708 2111 1056 2199 ἀπυρίαν.’οργαναδὲ
1100 2111 1143 2175 oh
1172 2113 1401 2175 instrumenta
1431 2112 1557 2191 inepta.
1593 2113 1696 2174 Porro
1725 2111 1852 2174 instru-

307 2218 390 2304 Θεοῦ
416 2217 445 2282 ol
468 2217 617 2303 μακάριοι
639 2226 808 2303 προφῆται,
831 2218 886 2282 καί
908 2217 1013 2302 ὥσπερ
1036 2218 1054 2283 δ
1100 2215 1848 2297 mentaDeisuntheatiprophctae;etquem-

307 2323 431 2388 ἀκούων
453 2322 573 2407 χορδῆς
596 2324 651 2387 καί
665 2324 749 2408 ηχου
771 2331 826 2387 τοῦ
849 2320 883 2386 έν
902 2331 941 2406 τῇ
963 2319 1055 2406 λύρᾳ,
1100 2319 1282 2383 admodum
1315 2320 1374 2383 ubi
1397 2320 1473 2400 quis
1505 2319 1665 2383 chordam
1686 2335 1850 2383 sonumve

307 2428 367 2491 οὐκ
396 2425 519 2510 ἐκείνης
549 2426 674 2509 ἀκούει,
707 2426 791 2491 ἀλλὰ
820 2435 876 2491 τοῦ
906 2436 1057 2512 μουσικοῦ
1101 2424 1244 2488 audiens
1260 2442 1301 2487 ex
1316 2417 1565 2506 lyra'elicitum,
1580 2441 1649 2486 non
1664 2426 1774 2506 lyram
1793 2441 1853 2485 au-

307 2531 476 2616 κρούοντος
496 2539 651 2618 μουσικῶς
665 2535 702 2597 τδ
717 2528 893 2615 ἐπιτήδειον
911 2531 1055 2616 ὄργανον,
1102 2529 1161 2608 dit,
1175 2530 1236 2592 sed
1254 2529 1433 2609 musicum,
1449 2528 1644 2592 harmonice
1660 2529 1853 2609 pulsantem

307 2635 446 2713 ούτωςδ
476 2635 600 2700 ἀκούων
629 2634 803 2720 προφήτου,
828 2636 871 2722 μὴ
901 2633 1055 2721 νομιζέτω
1102 2634 1367 2697 instrumentum
1381 2633 1606 2713 aptissimum,
1618 2633 1667 2694 ita
1682 2631 1742 2712 qui
1757 2630 1854 2693 audit

277 2823 278 2828 ρ
311 2727 476 2826 ἀνθρώπου
499 2739 635 2824 ἀκούειν,
663 2739 748 2806 ἀλλά
773 2739 858 2807 Θεοῦ
882 2749 938 2804 τοῦ
964 2739 1058 2825 ὄργα·
1101 2734 1310 2819 prophetam,
1330 2740 1449 2799 caveat
1474 2753 1517 2800 nc
1544 2735 1659 2800 credat
1680 2734 1852 2798 hominem

308 2866 361 2913 νον
383 2844 527 2929 εὑρόντος
550 2843 735 2928 ἐπιτήδειον,
755 2844 811 2908 καί
833 2842 1058 2929 συγχρησαμέ-
1101 2841 1230 2920 audire,
1245 2841 1304 2904 sed
1315 2841 1423 2903 Deum
1435 2839 1494 2920 qui
1508 2840 1722 2904 commodum
1737 2853 1853 2918 reppe-

306 2969 363 3015 νου
386 2949 471 3035 αὐτῷ
486 2950 530 3028 εἰς
546 2947 627 3014 δέον.
651 2946 827 3032 Μακαρίζω
849 2949 903 3014 οθν
918 2949 1057 3011 καὶτοῦ
1101 2948 1147 3010 rit
1162 2948 1436 3022 instrumentum,
1449 2960 1555 3024 eoque
1568 2961 1628 3025 pro
1641 2961 1676 3007 re
1692 2947 1773 3006 nata
1789 2943 1854 3005 uti-

306 3073 362 3118 τον
384 3055 438 3118 τὸν
459 3052 636 3138 προφήτην,
660 3053 707 3116 δτι
733 3053 867 3137 ὄργανον
891 3049 1003 3117 ἑαυτὸν
1027 3050 1058 3116 έ-
1102 3057 1168 3116 tur.
1184 3053 1326 3116 Beatum
1342 3067 1424 3128 ergo
1445 3051 1519 3114 dico
1535 3050 1632 3113 illum
1645 3041 1853 3130 prophetam,

309 3156 384 3236 ταξε
396 3158 473 3242 πρὸς
484 3157 636 3243 διαδοχὴν
652 3157 819 3242 κρούοντος
830 3155 924 3238 Θεοῦ,
939 3157 994 3221 καί
1009 3153 1057 3220 τύ·
1102 3157 1162 3237 qui
1176 3160 1284 3219 semet
1308 3171 1477 3233 organum
1499 3154 1671 3232 instruxit,
1694 3151 1855 3216 obediens

308 3262 456 3345 ἄκουσον,
479 3261 555 3339 λαός
579 3283 648 3348 μου,
672 3261 723 3326 ἐπί
744 3263 798 3326 τὸν
821 3259 985 3348 χρώμενον
1010 3261 1053 3345 τῷ
1102 3259 1253 3342 pulsanti
1268 3259 1347 3338 Dec,
1364 3262 1398 3320 et
1413 3256 1499 3320 illud
1519 3257 1665 3322 dictum:
1687 3254 1776 3336 audi,
1795 3271 1854 3337 po·

298 3365 431 3450 δργάνιμ
454 3363 602 3451 ἀναφέρω
617 3364 713 3432 Θεάν·
735 3363 778 3443 ὡς
800 3366 855 3430 καί
884 3363 1057 3450 ὀφθαλμοῖς
1095 3363 1176 3445 pule
1190 3379 1289 3441 αιτιιν,
1309 3360 1416 3424 refero
1431 3361 1475 3424 ad
1497 3363 1606 3425 Deum
1629 3361 1855 3424 instrumento

307 3480 426 3559 χρῆται
439 3468 561 3535 δικαίου
583 3472 639 3534 καί
654 3471 711 3534 ύισι
725 3473 779 3534 καί
801 3471 891 3555 χειρί,
907 3471 962 3535 καί
977 3479 1069 3548 πάσιν
1102 3472 1270 3532 utentem:
1287 3468 1397 3529 utitur
1411 3468 1509 3547 quasi
1521 3465 1608 3545 justi
1623 3465 1730 3544 ocu10,
1746 3469 1780 3528 et
1795 3481 1853 3526 au-

306 3585 372 3653 τοίς
386 3573 528 3660 μέλεσιν·
543 3573 729 3660 ἀκούσωμεν
741 3575 796 3639 οὖν
807 3573 837 3638 τί
846 3571 1056 3659 λέγειὸΘεδς
1102 3573 1218 3652 ribus,
1241 3575 1276 3635 et
1298 3589 1424 3651 manu,
1448 3575 1483 3634 et
1504 3570 1662 3634 omnibus
1684 3567 1853 3632 membris.

306 3681 405 3766 ἐντῷ
428 3678 494 3763 ἰδίῳ
516 3678 650 3766 ὀργάνῳ,
673 3677 958 3765 διαμαρτυράμενος
980 3683 1057 3765 πρὸς
1102 3678 1291 3742 Audiamus
1306 3693 1388 3754 ergo
1411 3675 1494 3757 quid
1510 3677 1601 3738 dieat
1622 3676 1713 3738 Dens
1735 3675 1771 3737 in
1792 3689 1855 3736 suo

306 3787 361 3850 τδν
375 3782 463 3850 λαόν.
479 3781 608 3867 Πεῖραν,
624 3783 711 3868 φησί,
728 3789 786 3866 τῆς
800 3782 880 3868 ἐμῆς
896 3781 1057 3868 δυνάμεως
1102 3797 1242 3860 organo,
1264 3784 1472 3844 contestatus
1495 3779 1538 3842 ad
1552 3781 1717 3861 populum
1741 3795 1854 3841 suum.

306 3888 455 3972 εἰληφὼς,
484 3888 508 3952 h
528 3886 669 3971 Ἰσραὴλ,
696 3885 784 3964 δέξαι
809 3885 976 3971 προθύμως
998 3887 1056 3963 τὰς
1103 3887 1155 3950 Tu
1170 3886 1230 3966 qui
1245 3884 1366 3964 fecisti,
1381 3885 1439 3964 ait,
1456 3900 1475 3946 ο
1491 3885 1594 3962 lsrael,
1611 3883 1854 3963 experientiam

307 3991 471 4076 παρ’ἐμοῦ
494 3989 752 4077 προσφερομένας
773 3989 967 4076 νομοθεσίας.
987 3989 1058 4054 Δια-
1103 4005 1188 4052 meae
1203 3985 1390 4070 potestatis,
1412 3990 1527 4070 accipe
1548 3991 1686 4052 strenua
1708 3987 1857 4068 prolatas

308 4095 463 4180 μαρτύρια
477 4094 539 4180 γάρ
555 4097 621 4160 ἐστι
643 4092 843 4179 προλέγουσά
859 4115 910 4158 σοι
930 4096 986 4159 καί
1000 4103 1058 4180 της
1104 4111 1194 4158 ame
1209 4095 1328 4172 legum
1344 4091 1523 4174 formulas3
1546 4092 1741 4176 testimonia
1763 4092 1854 4154 enim

214 4273 218 4281 ,
308 4198 468 4276 ἀπειθείας
482 4201 540 4284 τὴν
555 4197 714 4284 τιμωρίαν,
737 4199 865 4283 κοίτης
884 4194 1058 4272 εὐπειθείας
1104 4203 1194 4279 sunt,
1207 4216 1284 4279 quae
1298 4203 1332 4262 te
1348 4199 1580 4279 alloquuntur,
1593 4202 1627 4260 et
1637 4197 1678 4260 de
1689 4213 1790 4277 poena
1804 4197 1855 4260 in·

308 4305 367 4390 την
383 4302 548 4389 ἀφέλειαν.
1104 4304 1299 4368 credulitati
1314 4304 1524 4383 imminente,
1538 4308 1572 4366 at
1589 4302 1631 4365 de
1642 4303 1786 4366 servatis
1800 4301 1857 4379 bo·¹

1106 4427 1159 4473 nae
1175 4408 1253 4471 fidei
1270 4407 1517 4471 emolumentis.

354 4531 387 4578 v.
406 4515 457 4578 10.
477 4509 547 4578 Οὐκ
562 4513 651 4577 έσται
665 4511 699 4578 ἐν
714 4512 764 4576 σοί
778 4509 854 4588 θεὸς
869 4508 1059 4594 πρόσφατος.
1149 4531 1181 4574 ν.
1200 4513 1250 4575 10.
1265 4511 1339 4578 Noa
1352 4510 1418 4575 τινί
1431 4510 1468 4573 ia
1483 4512 1513 4574 ία
1526 4508 1605 4574 deus
1618 4525 1738 4575 νεοαισ.

353 4614 541 4702 Πρύσφατύς
564 4638 630 4682 εστι
653 4613 774 4698 θεὸς,δ
795 4615 893 4703 μηδὲν
914 4615 1062 4679 οῦσιῦσαι
1150 4617 1241 4680 Deus
1272 4631 1389 4678 recens
1413 4617 1466 4677 est
1483 4613 1545 4690 ¹ille
1568 4613 1628 4693 qui
1658 4629 1726 4676 non
1749 4614 1860 4694 potest

311 4719 491 4806 δυνάμενος,
507 4723 529 4807 ῆ
546 4721 617 4807 δτῇ
639 4719 740 4806 κακίᾳ
761 4717 983 4805 πεποιημένος,
1005 4719 1079 4786 καὶ,
1107 4721 1262 4798 existere,
1279 4719 1334 4782 vel
1349 4717 1410 4798 qui
1425 4717 1576 4799 improbe
1587 4715 1781 4796 fabricatus
1797 4731 1859 4778 nec

310 4825 398 4910 παρά
418 4834 484 4903 τοῖς
506 4824 608 4891 έθνεσι
634 4824 863 4912 νενομισμένος.
886 4823 1061 4910 Ὡνάμασεν
1108 4825 1175 4890 nisi
1190 4823 1233 4886 ab
1248 4822 1402 4886 lithnicis
1425 4825 1603 4904 reputatus
1623 4824 1683 4884 est.
1708 4823 1779 4897 Quo
1801 4835 1860 4882 no-

311 4931 369 5014 την
380 4929 533 4998 πολύθεον
544 4929 787 5016 είδωλολατρίοιν
799 4933 881 4998 οὕτω
895 4949 1061 5016 παροιπεμ·
1109 4931 1201 4995 mine
1231 4927 1449 5009 polytheismi
1482 4925 1707 4991 idololatriam
1744 4923 1860 5001 signa·

347 5138 413 5195 ν.9.
427 5135 687 5208 &Florentiam
698 5135 827 5195 laudato.
1145 5151 1174 5191 ν.
1189 5133 1230 5190 10.
1243 5131 1310 5191 θοι.
1322 5133 1348 5202 2,
1360 5132 1388 5187 6.
