3966 6108
838 483 1043 550 adsumus

802 725 972 805 Paeimuo
999 725 1076 804 oV.

210 970 242 1016 v.
258 953 289 1017 2.
306 947 360 1030 Τίς
375 947 509 1037 λαλήσει
521 952 578 1028 τὰς
590 949 773 1029 δυναστείας
784 963 840 1017 τοῦ
852 952 916 1018 Κυ-
1002 973 1035 1016 ν,
1052 955 1082 1016 2.
1103 953 1182 1030 Qaio
1203 953 1352 1036 loquetur
1366 954 1532 1034 potentias
1551 953 1712 1018 Domini?

168 1053 245 1139 ρίου,
262 1056 420 1133 άκουστίις
442 1053 567 1140 ποιήσει
585 1056 690 1133 πάσας
713 1058 769 1133 τὰς
785 1056 917 1134 αἰνέσεις
961 1059 1209 1142 uaditoes'oeiet
1223 1077 1329 1124 omnes
1345 1057 1458 1125 ίοαιίοε
1472 1059 1571 1140 ejuet

165 1161 279 1245 αὐτοῦς
300 1163 397 1228 Vatia.
415 1163 489 1242 694,
508 1163 536 1226 l.

209 1261 393 1329 Δυναστείαι
415 1265 474 1329 εἰσί
489 1273 544 1329 τοῦ
568 1262 695 1348 Κυρίου,
720 1263 780 1328 ὅσα
803 1264 838 1330 ἒν
862 1264 915 1330 ἀν·
1005 1267 1168 1331 Potentiae
1183 1268 1318 1332 Domini
1334 1271 1650 1350 suntquaeoumque
1667 1268 1713 1332 fe·

164 1366 300 1453 θρώποις
323 1367 387 1452 [ἐπί
409 1365 466 1453 τῷ]
491 1367 730 1452 ὑπομνησθῆναι
752 1370 811 1454 τὴν
826 1367 917 1433 δύνα·
960 1369 1714 1436 oitutDeusinterhominesadoommendau-

165 1482 216 1558 μιν
232 1471 274 1550 ὡς
289 1471 370 1550 Θεὸς
387 1470 572 1552 ἐνεδείξατο.
588 1471 731 1558 Ἑκάστη
754 1473 788 1537 δὲ
806 1473 916 1557 πρᾶξις
960 1478 1365 1556 damauampotestatem:
1377 1462 1639 1552 singulaoutem
1650 1476 1714 1539 Do-

164 1586 220 1642 τοῦ
236 1574 355 1662 Κυρίου
378 1575 526 1654 αἰνέσεως
547 1574 647 1662 γέμει.
664 1576 706 1643 Αἱ
725 1577 782 1663 μὲν
804 1577 916 1643 δυνασ-
960 1582 1046 1646 mini
1069 1580 1219 1662 operatio
1243 1579 1342 1642 laude
1365 1577 1525 1642 abundat.
1549 1579 1712 1643 Potentiae

163 1678 244 1744 τείαι
266 1682 308 1747 τὰ
329 1678 497 1766 θαυμάσια
519 1680 728 1766 περιέχουσιν,
744 1682 785 1745 τά
807 1681 842 1745 δὲ
857 1701 916 1766 χα-,
960 1689 1075 1750 autem
1086 1684 1289 1767 speotautad
1300 1684 1467 1765 prodigia,
1476 1683 1518 1746 ad
1526 1685 1712 1747 sanitatum

165 1783 378 1870 uiduataque
393 1783 534 1870 ἰαμάτων
549 1784 605 1862 τάς
621 1784 755 1863 αίνέσεις
771 1785 879 1851 αὐτοῦ.
962 1805 1042 1851 vero
1058 1788 1146 1850 dona
1161 1786 1280 1850 laudes
1296 1785 1379 1866 ejus.

209 1909 241 1952 v.
265 1890 295 1952 3.
320 1885 480 1971 Μακάριοι
506 1887 535 1952 οἱ
561 1887 775 1972 φυλάσσοντες
801 1888 918 1976 κρίσιν,
1006 1908 1039 1953 ν.
1056 1893 1086 1955 3.
1101 1891 1199 1954 Beati
1213 1890 1272 1972 qai
1285 1889 1471 1954 autonium
1487 1889 1663 1971 juetam,
1683 1895 1716 1955 et

165 1993 221 2058 καί
235 1999 398 2070 ποιοῦντες
413 1992 615 2078 δικαιοσύνην
630 1993 663 2059 ἐν
678 1996 773 2059 παντί
786 2004 896 2081 καιρῷ.
954 1995 1094 2080 saciant
1100 1993 1272 2074 justitiam
1286 1993 1324 2056 in
1338 1995 1426 2057 omni
1442 1997 1588 2074 tempore.

209 2094 248 2161 Οί
263 2095 479 2182 φυλάσσοντες
501 2096 537 2161 δὲ
560 2099 618 2183 τὴν
641 2095 751 2182 κρίσιν,
775 2098 830 2162 καὶ
852 2121 919 2166 ποι·
1007 2100 1070 2175 Qui
1085 2103 1200 2161 autem
1215 2097 1413 2163 custodiunt
1427 2097 1597 2178 judicium
1616 2104 1650 2162 et
1664 2099 1712 2162 fa-

165 2209 273 2278 οῦντες
288 2200 499 2285 δικαιοσύνην,
517 2199 605 2286 μόνοι
627 2201 689 2266 είεν
705 2202 744 2266 άν
767 2201 847 2280 ἄξιοι
861 2211 918 2267 τοῦ
962 2203 1059 2266 aiunt
1077 2199 1259 2280 justitiam,
1285 2200 1321 2263 hi
1345 2203 1408 2265 soli
1432 2199 1530 2281 digni
1548 2209 1631 2267 sunt
1653 2204 1713 2285 qni

165 2303 274 2370 λαλεῖν
296 2305 353 2382 τὰς
381 2303 567 2382 δυναστείας
590 2303 720 2390 Κυρίου.
743 2303 817 2370 Είεν
840 2305 919 2371 δ’δν
961 2309 1129 2390 potentias
1141 2307 1276 2373 Domini
1292 2308 1485 2389 loquantum
1502 2313 1710 2372 suntantem
1814 2369 1819 2382 ,

166 2411 252 2474 οῦτοι
266 2411 307 2474 τά
321 2409 354 2475 ἐν
369 2417 437 2486 ταῖς
452 2415 592 2494 γραφαῖς
607 2408 777 2495 κεκριμένα
791 2411 852 2474 ὑπὸ
863 2419 918 2475 τοῦ
963 2413 1014 2476 illi
1031 2412 1091 2491 qui
1108 2415 1343 2492 exsequuntur
1366 2427 1406 2474 ea
1429 2429 1505 2493 quae
1527 2431 1547 2475 a
1571 2413 1641 2476 Deo
1655 2413 1713 2478 de·

170 2514 256 2583 Θεοῦ
272 2513 495 2596 ἐπιτελοῦντες,
511 2516 565 2579 καί
585 2514 614 2579 οἱ
635 2513 740 2579 πάντα
755 2513 920 2599 κρίσεικαί
963 2520 1056 2579 oreta
1070 2517 1151 2577 sunt
1163 2514 1199 2576 iu
1211 2513 1405 2595 scripturis,
1418 2517 1522 2596 etqui
1536 2520 1659 2580 cuneta
1675 2517 1711 2580 in

167 2617 252 2705 λόγῳ
266 2618 476 2704 πράττοντες·
492 2621 525 2683 οί
538 2638 574 2684 τε
590 2619 642 2684 διά
657 2621 774 2698 παντὸς
789 2622 850 2705 πρδ
865 2621 920 2706 δφ-
959 2616 1089 2698 jndicio
1117 2620 1151 2679 et
1180 2617 1310 2680 ratione
1340 2623 1521 2698 peragunt.
1553 2621 1637 2684 Cum
1661 2621 1712 2684 illi

168 2722 297 2808 θαλμῦν
311 2725 370 2808 τὴν
384 2732 441 2787 τοῦ
455 2721 540 2790 Θεοῦ
563 2722 664 2808 κρίσιν
679 2724 817 2809 ἔχοντες,
832 2727 931 2790 οῦτοι·
962 2724 997 2787 in
1014 2721 1106 2784 omni
1122 2725 1272 2802 tempora
1287 2739 1356 2802 prae
1371 2723 1478 2786 oeulis
1491 2723 1641 2788 habeant
1651 2725 1714 2788 Dei

166 2828 229 2913 γὰρ
245 2825 373 2905 δικαίως
389 2826 532 2914 λεχθεῖεν
546 2827 625 2891 εἶναι
640 2828 799 2914 μακάριοι.
957 2824 1137 2907 judicium,
1145 2825 1247 2888 iidem
1259 2841 1341 2888 sana
1352 2824 1443 2889 beati
1455 2828 1577 2891 merito
1588 2845 1712 2892 renun-
1781 2881 1785 2894 .

962 2931 1039 2994 tiati
1055 2929 1194 2993 fuerint.

210 3055 243 3100 ν.
260 3037 291 3100 9.
307 3033 374 3101 Καὶ
389 3033 555 3121 ἐπιτίμησε
570 3045 609 3121 τῇ
625 3035 740 3122 ἐρυθρᾷ
755 3035 918 3124 θαλάσση,
1008 3051 1040 3098 ν.
1064 3038 1093 3097 9.
1115 3035 1162 3098 at
1180 3034 1345 3116 increpuit
1365 3035 1453 3100 κιαικ·
1473 3034 1582 3116 runo,
1609 3041 1641 3101 et
1662 3053 1714 3101 ιο-

168 3140 224 3204 καί
240 3137 408 3224 ἐξηράνθη.
962 3138 1193 3204 εἰοοαίιοοιοεί.

213 3241 306 3308 Ἔδει
320 3241 355 3310 δὲ
377 3243 436 3327 τὴν
456 3240 626 3308 θάλασσαν
648 3241 848 3328 ἐπιτιμᾶσθαι
869 3243 923 3308 δια
1008 3245 1053 3306 At
1066 3245 1217 3323 oportuit
1238 3245 1405 3326 increpari
1423 3229 1516 3309 mare
1532 3246 1575 3310 ob
1597 3244 1713 3311 draeo·

170 3348 225 3411 τδν
241 3345 275 3410 ἐν
300 3347 380 3430 αὐτῇ
404 3345 627 3431 ἑμφωλεύοντα
646 3346 815 3432 δράκοντα,
837 3348 923 3412 κατά
965 3363 1044 3409 nem
1070 3347 1105 3410 in
1131 3363 1171 3410 eo
1197 3348 1399 3428 latitantem,
1431 3351 1483 3413 uti
1505 3351 1709 3415 vaticinium

167 3452 204 3515 τδ
220 3459 320 3534 φησαι
334 3449 451 3535 λάγιον·
468 3449 558 3534 Αῦιη
575 3449 596 3535 ἡ
616 3449 769 3534 θαλάσση
785 3449 807 3536 ἡ
825 3449 921 3536 μεγά-
963 3449 1082 3512 habet:
1098 3452 1454 3530 «Hoomaremagnun
1467 3457 1501 3516 et
1513 3456 1713 3535 spatiosum,

169 3553 211 3638 λη
236 3554 291 3619 καὶ
317 3554 504 3640 εὐρύχωρος,
528 3554 597 3618 ἐκεῖ
617 3552 766 3638 ἑρπετά...
789 3552 920 3638 Δράκων
964 3553 1036 3617 illio
1059 3554 1226 3634 reptilia...
1244 3555 1351 3618 Draco
1370 3571 1472 3635 quem
1495 3556 1647 3622 formasti
1673 3559 1717 3622 ad

169 3661 269 3740 οὗτος,
287 3660 322 3723 δν
338 3658 481 3736 ἔπλασας
497 3657 659 3744 ἐμπαίζειν
675 3656 769 3742 αὐτῷ.
965 3655 1179 3720 illudendum
1197 3657 1238 3720 ei.
1258 3677 1275 3716 »

212 3784 244 3827 ν.
272 3764 321 3846 12,
348 3764 399 3828 13.
427 3761 492 3827 Καί
514 3760 702 3827 ἐπίστευσαν
728 3769 793 3838 τοῖς
814 3761 920 3845 λόγοις
1008 3779 1040 3823 ν.
1058 3761 1109 3823 12.
1126 3762 1177 3824 13.
1193 3760 1453 3826 accredideram
1466 3762 1573 3830 uerbis
1584 3763 1665 3845 ejtta
1684 3769 1716 3830 et

169 3868 277 3948 αῦτοῦ,
292 3869 348 3932 καί
363 3868 481 3951 ᾔνεσαν
496 3869 554 3952 τὴν
570 3867 686 3931 αἴνεσιν
706 3867 813 3931 αὐτοῦ.
828 3863 921 3931 Ἐτά-
964 3866 1148 3930 cecinerant
1168 3864 1295 3929 lotidem
1317 3866 1397 3946 ejas.
1418 3867 1486 3933 otto
1499 3865 1664 3950 secernat,
1685 3887 1716 3932 o-

169 3991 279 4057 χυναν,
296 3971 488 4038 ἐπελάθοντο
502 3979 564 4037 τῶν
581 3973 681 4057 ἔργων
696 3971 804 4036 αὐτοῦ.
965 3970 1041 4034 biiii
1054 3973 1135 4034 eant
1146 3985 1277 4049 weram
1292 3970 1373 4050 ορατ.

212 4070 251 4140 ‘0
275 4076 332 4160 μὲν
354 4071 471 4159 Κύριος
495 4077 537 4161 μὴ
562 4073 725 4160 ἀρκεσθεὶς
748 4085 813 4153 τοῖς
835 4075 920 4139 κατὰ
1007 4073 1174 4156 Equidem
1191 4075 1366 4155 Dominae,
1382 4076 1438 4139 oui
1461 4076 1544 4140 satis
1559 4095 1626 4141 non
1643 4077 1715 4142 iue-

169 4179 229 4264 τὴν
244 4177 405 4264 Αἴγυπτον
417 4177 617 4264 θαυμασίοις,
630 4181 684 4243 καί
695 4178 748 4244 διὰ
759 4189 820 4245 τῶν
834 4181 919 4244 κατὰ
963 4197 999 4242 re
1014 4183 1151 4260 peracta
1177 4179 1212 4241 in
1238 4181 1385 4261 mgypto
1411 4180 1579 4262 prodigia,
1603 4199 1714 4264 neque

167 4282 227 4368 την
249 4280 381 4366 ἐρυθρὰν
411 4282 592 4365 θάλασσαν,
619 4281 786 4367 ἐγνώρισεν
812 4283 918 4362 αὐτοῖς
963 4290 1084 4348 oaetera
1106 4285 1143 4348 in
1164 4285 1251 4347 mari
1275 4283 1386 4363 rubra,
1411 4289 1529 4347 notum
1556 4285 1637 4349 iecit
1662 4289 1711 4352 eis

167 4387 227 4472 την
249 4385 436 4452 δυναστείαν
458 4390 565 4470 αῦτοῦ,
581 4387 782 4474 πανταχόθεν
805 4391 920 4468 αὐτοὺς
962 4389 1149 4470 potentiam
1161 4405 1269 4467 suam,
1286 4388 1513 4470 undequaque
1530 4406 1586 4453 eos
1598 4407 1716 4472 provo·
1835 4429 1837 4432 -

171 4489 369 4555 συνελαύνων
383 4491 434 4556 ἐπὶ
457 4494 515 4578 τὴν
531 4491 689 4578 σωτηρίαν
705 4493 823 4558 αὐτῶν·
839 4494 868 4559 oi
883 4494 919 4559 δὲ
966 4511 1046 4558 aans
1062 4493 1105 4556 ad
1119 4494 1231 4556 salvos
1246 4509 1283 4555 se
1297 4492 1478 4556 iaciendos.
1506 4494 1550 4556 Hi
1565 4510 1646 4558 vero
1662 4494 1717 4560 de-

201 4697 251 4752 Pe.
271 4713 318 4768 ον,
336 4715 364 4768 ν,
381 4699 407 4753 2.
426 4697 521 4755 Vatia.
535 4698 578 4753 16.
595 4698 643 4754 Ad
662 4698 776 4754 sineere
794 4697 917 4756 Eusebii
962 4691 1068 4753 incidit
1081 4693 1304 4751 in'I'haodoreti
1316 4693 1498 4768 imaginem
1516 4696 1596 4770 apud
1609 4697 1717 4755 Cordo·

166 4782 280 4840 scholia
296 4784 453 4841 manifeste
470 4784 644 4852 aooedimus,
657 4803 724 4841 oum
740 4785 921 4842 iereomnia
964 4783 1050 4854 rium,
1062 4780 1142 4838 hand
1159 4780 1223 4838 aina
1236 4781 1351 4854 maudo,
1363 4801 1392 4840 v.
1404 4800 1433 4854 g.
1445 4789 1597 4853 κοκρυμίνα
1608 4803 1662 4859 pro
1674 4803 1721 4842 κτ-

165 4869 215 4926 vol
227 4869 392 4926 comeditis
405 4876 487 4926 arete
500 4875 720 4942 eonneotantur,
733 4873 781 4929 vel
793 4872 845 4928 abi
858 4873 921 4930 vul-
966 4873 1086 4940 κριμίνα.

164 4957 392 5030 gatadafioiunt,
399 4963 502 5014 nostra
512 4959 597 5030 qnasi
607 4976 644 5014 ox
653 4959 800 5016 industria
811 4965 841 5016 ot
851 4960 921 5016 dato
1001 4975 1029 5014 ν.
1042 4958 1068 5012 9.
1080 4954 1155 5011 Ibid.
1168 4954 1269 5011 Codex
1280 4953 1365 5011 addit
1376 4955 1454 5027 qnod
1463 4973 1598 5030 proxima
1610 4958 1642 5015 in
1655 4959 1721 5018 edd.

166 5046 290 5103 oonsilio
302 5045 454 5119 aptissima
464 5045 651 5101 collocantur.
663 5045 770 5102 Statim
783 5045 820 5102 ab
833 5045 918 5105 initio
963 5043 1107 5115 nequitur:
1121 5045 1234 5112 Ζητησει
1245 5059 1284 5107 τις
1298 5045 1360 5097 ἂν...
1372 5041 1418 5097 uf.
1429 5059 1473 5116 pa.
1486 5057 1549 5114 0111,
1560 5045 1604 5100 25.

170 5133 207 5191 of.
218 5133 363 5206 Origenes
375 5151 465 5208 snpra
476 5151 504 5206 p.
517 5134 579 5189 211.
952 5203 955 5214 ¹
999 5148 1027 5187 v.
1041 5129 1083 5199 12,
1097 5127 1139 5184 13.
1151 5127 1235 5185 Idam
1247 5127 1343 5187 Vatia.
1361 5127 1476 5188 Ultima
1492 5137 1609 5190 tantum
1629 5133 1720 5194 verba

201 5240 228 5278 v.
236 5221 261 5276 3.
270 5221 315 5276 Ex
326 5219 388 5278 aad.
399 5219 494 5277 Vatio.
505 5218 655 5276 Part-inula
665 5219 799 5291 quadam
806 5226 922 5279 tantum
968 5216 1033 5275 edd.
1047 5215 1166 5273 habent.
