4036 6090
226 349 234 384 ³
307 380 349 442 ao
971 377 1181 443 camaras

290 524 368 606 φὺς,
384 523 432 587 ότι
446 521 553 608 μέλλει
568 520 758 608 ἐκτήκεσθαι
769 523 879 605 κηρὸν,
894 521 946 584 θνα
958 517 1051 604 μόνον
1095 522 1185 601 quod
1203 523 1284 601 igne
1301 529 1429 604 urente,
1453 528 1640 606 oportuerit
1662 545 1773 591 ceram
1792 534 1840 592 te-

305 623 376 710 μέλι
390 624 596 712 καταλειφθῇ,
609 627 676 690 εἶπε
691 622 738 689 τό·
754 623 822 708 Πῦρ
833 621 931 708 ήλθον
942 619 1051 707 βαλεῖν
1095 625 1241 706 become,
1258 634 1297 690 ut
1319 632 1454 692 tantum
1477 629 1573 692 modo
1596 632 1663 695 mel
1685 633 1842 713 supersit,

240 787 243 793 .
304 729 355 795 ἐπὶ
370 732 429 815 τήν
443 738 514 815 γήν,
530 731 585 794 καί
606 727 720 815 ήθελον
736 728 764 793 εἰ
779 727 843 812 ήδη
860 723 964 809 ἐκαίη.
981 722 1052 810 Οὐχ
1096 729 1196 792 dixit:
1216 732 1366 808 «Ignem
1378 732 1457 795 veni
1472 733 1606 795 mittere
1622 734 1657 795 in
1673 739 1797 797 terram
1810 739 1844 798 et

261 835 264 840 “
305 833 413 911 άπλῦς
428 835 463 899 δὲ
485 835 571 923 εἶπεν
594 830 790 898 ἀπόλλυσθαι
810 832 883 908 τοὺς
906 829 1050 915 άμαρτω-
1096 833 1306 914 utinamjam
1322 835 1540 898 comburam»
1555 838 1627 900 Non
1639 838 1840 918 simpliciter

305 937 391 1020 λοὺς,
414 936 485 1001 ἀλλ’
500 936 563 1001 ἀπὸ
585 934 754 1020 προσώπου
780 945 835 1001 τοῦ
864 933 956 1002 Θεοῦ.
986 931 1052 999 Καὶ
1095 936 1183 1000 dixit
1196 938 1323 1003 aboleri
1338 943 1540 1020 peccatores
1555 940 1614 1004 sed
1629 941 1751 1023 usecia
1768 943 1839 1006 Dei.

308 1044 389 1107 οὕτω
404 1049 470 1119 πῶς
485 1042 503 1106 ό
518 1042 616 1126 κηρός
631 1042 691 1105 ὑπὸ
707 1041 812 1125 πυρός,
829 1038 934 1123 σότής
945 1034 1053 1115 οὐσίας
1096 1042 1143 1103 Ac
1168 1043 1257 1106 sicut
1285 1042 1410 1107 alicubi
1433 1061 1510 1106 cera
1532 1060 1645 1108 coram
1679 1046 1772 1126 igne,
1795 1047 1844 1109 sic

303 1154 361 1231 της
376 1145 515 1231 ψυχικῆς
537 1143 751 1231 φθειρομένης,
774 1142 858 1208 ἀλλὰ
879 1149 937 1226 τής
959 1140 1051 1238 ἕξεως
1095 1163 1164 1208 non
1180 1145 1350 1210 destructa
1371 1147 1541 1228 spirituali
1559 1149 1762 1229 substantia,
1785 1149 1844 1213 sed

306 1249 377 1315 καθ’
391 1250 433 1334 ήν
455 1247 501 1327 τίς
525 1248 609 1314 ἐστιν
631 1246 834 1336 ἁμαρτωλός·
857 1246 930 1311 οὐδὲ
950 1245 1052 1332 γάρό
1097 1247 1257 1312 facultate
1279 1266 1348 1330 qua
1369 1251 1447 1332 quis
1469 1257 1623 1332 peccator
1645 1257 1710 1334 est;
1732 1270 1843 1334 neque

303 1353 476 1439 τηκόμενος
491 1355 589 1438 κηρός
604 1352 649 1429 είς
663 1354 698 1417 τὸ
715 1352 759 1437 μή
782 1353 817 1416 δν
831 1349 1051 1436 καταστρέφει,
1097 1352 1198 1415 etiam
1214 1353 1380 1416 tabefacta
1395 1372 1472 1418 cera
1487 1356 1523 1418 in
1538 1356 1684 1419 nihilum
1705 1374 1842 1420 eonver-

304 1459 349 1537 εἰς
364 1459 398 1523 δὲ
413 1459 472 1544 τήν
487 1467 542 1522 τοῦ
566 1459 663 1542 πυρὸς
678 1455 860 1522 ἀναδίδοται
881 1454 1000 1541 οὐσίαν,
1016 1455 1051 1520 ἀ·
1096 1457 1190 1537 titur,
1206 1457 1265 1521 sed
1279 1458 1372 1535 ignis
1384 1459 1419 1522 in
1431 1459 1655 1522 substantiam
1671 1461 1841 1524 transmit-

305 1561 503 1648 πολλυμένης
518 1563 614 1627 αῦτσῦ
628 1568 686 1645 τής
700 1558 875 1645 ποιότητος.
1096 1561 1191 1640 titur,
1207 1562 1341 1624 sublata
1355 1564 1519 1643 qualitate
1534 1580 1629 1626 cera.

349 1688 381 1732 v.
399 1669 430 1731 4.
446 1663 732 1751 Ἀγαλλιάσθωσαν
746 1663 877 1730 ἐντόπιον
888 1673 943 1730 τοῦ
958 1661 1052 1731 Θεοῦ·
1139 1683 1172 1728 ν.
1188 1666 1219 1728 4.
1239 1665 1396 1730 Εααίόοαί
1416 1667 1454 1730 ia
1476 1671 1645 1748 compecto
1666 1666 1738 1746 Dei,
1763 1665 1845 1732 dale-

305 1768 528 1855 τερφθήτωσαν
543 1769 578 1835 έν
589 1769 774 1855 εὐφροσύνη.
1098 1771 1225 1833 cantur
1239 1771 1275 1833 in
1290 1769 1416 1834 latitia.

350 1872 501 1960 Προσθείς
516 1874 564 1938 δτι
586 1873 860 1960 ἀγαλλιάσθωσαν,
881 1871 995 1952 ἔδειξεν
1010 1871 1052 1950 ὥς
1143 1873 1205 1937 Ubi
1220 1878 1335 1937 autem
1350 1873 1494 1937 addidit:
1509 1874 1662 1954 ccultant,
1683 1873 1840 1951 ostendit,

238 2049 240 2052 ,
306 1980 343 2044 ob
351 1977 422 2044 κατ’
430 1976 666 2064 ἀνθρώπωνιήν
676 1975 837 2061 ἱκετηρίαν
849 1976 967 2062 ταύτην
977 1997 1052 2062 προ-
1097 1980 1236 2044 minime
1251 1978 1413 2042 adversus
1441 1979 1595 2042 homines
1621 1979 1709 2042 hanc
1730 1983 1843 2059 postu-

306 2081 470 2168 σήνεγκεν,
489 2080 573 2146 ἀλλὰ
587 2081 672 2146 κατά
686 2079 850 2166 δαιμόνων,
863 2081 906 2145 ὢν
921 2079 1051 2145 σκεδαν-
1097 2083 1258 2146 lationem
1280 2084 1444 2164 prolatam
1469 2082 1583 2162 fuisse,
1599 2081 1658 2146 sed
1682 2081 1843 2146 adversus

305 2184 442 2272 νομένων
457 2183 664 2270 καὶφρσόδων
679 2182 860 2270 γινομένων,
877 2183 1051 2270 ἀγάλλεται
1097 2187 1281 2269 doemones3
1313 2187 1402 2268 quod
1432 2191 1638 2250 evanescunt
1667 2191 1701 2249 et
1726 2185 1842 2249 futiles

274 2271 278 2280 ¹
305 2288 392 2372 έθνη,
417 2289 472 2352 καὶ
491 2289 546 2352 τόν
560 2285 724 2352 σεσωκότα
745 2284 826 2352 Θεὸν
849 2286 993 2373 ἀνυμνεϊ·
1015 2287 1053 2352 οὐ
1097 2292 1194 2371 fiunt,
1210 2291 1285 2354 ideo
1308 2293 1460 2355 exultare
1487 2297 1618 2370 gentes,
1640 2290 1844 2374 hymnisque

306 2391 406 2457 καλόν
428 2392 482 2456 καί
497 2393 532 2456 τό
547 2390 810 2477 ἀγολλιάσθωσαν
831 2389 935 2476 μόνον,
951 2390 990 2456 ἂν
1006 2393 1050 2478 μή
1097 2397 1169 2459 suis
1194 2395 1364 2459 celebrare
1391 2397 1502 2459 Deum
1526 2396 1586 2475 qui
1608 2396 1753 2458 salvavit
1775 2411 1841 2458 eas.

307 2494 394 2581 λάδη
411 2497 470 2580 τήν
488 2493 683 2580 προσθήκην,
699 2495 873 2581 ἀναγκαῖον
894 2497 1002 2580 οὖσαν,
1017 2498 1053 2561 τό
1097 2501 1213 2581 Neque
1244 2516 1440 2577 congruum
1465 2503 1516 2563 est
1545 2503 1585 2561 ut
1611 2498 1844 2562 tantummodo

310 2600 442 2667 ἐντόπιον
457 2611 512 2666 τοῦ
529 2598 621 2684 Θεοῦ,
637 2601 719 2665 ὥστε
741 2599 830 2679 ἀξίαν
849 2601 930 2666 εἶναι
944 2601 1003 2686 τήν
1018 2600 1053 2666 ά·
1096 2603 1249 2683 adulterat,
1268 2604 1334 2667 nisi
1358 2607 1392 2666 et
1414 2603 1558 2667 addatur
1581 2602 1673 2683 quod
1696 2620 1845 2666 necessa-

309 2703 477 2791 γαλλίασιν
491 2714 552 2770 τῶν
568 2703 736 2790 ὀφθαλμῶν
751 2714 806 2770 τοῦ
821 2704 915 2788 Θεοῦ,
928 2707 965 2770 οὐ
979 2726 1052 2770 κοσ·
1098 2709 1189 2771 rium
1198 2711 1249 2772 est
1259 2709 1460 2788 auctarium,
1468 2707 1631 2770 nimirum
1638 2707 1675 2770 in
1683 2711 1846 2786 conspectu

310 2810 406 2896 μικήν
423 2809 530 2893 οὖσαν,
548 2808 632 2875 ἀλλά
646 2811 768 2893 καρπὸν
782 2819 837 2874 τοῦ
861 2808 1053 2895 Πνεῦματος.
1097 2813 1169 2892 Dei,
1188 2830 1263 2893 que
1285 2817 1324 2875 ut
1346 2813 1452 2890 digna
1466 2812 1511 2874 sit
1532 2812 1641 2874 oculis
1664 2811 1726 2873 Dei
1750 2812 1843 2872 exul·

1097 2916 1191 2995 tatic,
1208 2933 1247 2979 ea
1262 2933 1330 2980 non
1354 2921 1404 2982 est
1426 2916 1608 2995 secularis,
1631 2913 1689 2979 sed
1711 2913 1842 2977 fructus

1097 3021 1251 3103 Spiritus.

350 3145 383 3188 v.
400 3125 430 3188 5.
449 3120 572 3188 Ἀσατε
583 3130 626 3207 τῷ
639 3121 720 3208 Θεῷ,
734 3122 858 3207 ψάλατε
869 3132 912 3212 τῷ
925 3123 1053 3211 ὀνόματι
1141 3142 1172 3187 v.
1196 3126 1226 3188 5.
1253 3125 1382 3190 Gaetula
1399 3123 1473 3201 Deo,
1493 3122 1660 3204 psalmum
1674 3121 1770 3187 dieite
1786 3138 1840 3186 πο

307 3228 413 3310 αὐτοῦ,
430 3225 638 3311 δδοποιήσατε
660 3235 704 3312 τῷ
719 3225 881 3312 ίπιδηκότι
902 3228 953 3293 ἐπί
975 3229 1047 3295 δυσ·
1095 3230 1179 3294 mini
1192 3229 1271 3309 ejvs,
1290 3226 1466 3309 iterfacite
1477 3227 1508 3291 ci
1517 3227 1576 3310 qui
1590 3225 1841 3306 αεαενιάόόειήωει·

307 3340 382 3417 μῦν.
404 3331 520 3416 Κύριος
543 3333 642 3417 όνομα
664 3331 759 3418 αὐτῷ,
781 3329 838 3398 ’καί
859 3332 1052 3419 ἀγαλλιᾶσθε
1095 3351 1256 3402 occasum:
1271 3332 1427 3396 aoniam
1440 3349 1552 3396 αοαιετι
1565 3331 1633 3409 illi,
1651 3333 1684 3394 et
1700 3329 1840 3394 ιαιιόόαιτ

306 3434 437 3501 ἐνώπιον
452 3436 558 3501 αὐτοῦ.
1095 3436 1402 3519 iacmapectaejas.

348 3537 472 3626 Ὥσπερ
486 3540 543 3606 ἐάν
566 3539 652 3625 ᾄδειν
673 3562 726 3626 μοι
743 3550 901 3627 προκήται
916 3541 1047 3628 βασιλεῖ,
1139 3540 1435 3620 Quemadmodum,
1448 3540 1478 3604 si
1484 3540 1569 3604 mihi
1580 3541 1757 3618 contingat
1764 3557 1840 3602 ean·

303 3641 410 3728 δεήσει
425 3665 464 3730 με
486 3641 601 3708 εἰδέναι
620 3651 697 3708 ποῖα
719 3643 800 3729 μέλη
817 3643 1008 3732 ἀποδέχεται
1031 3647 1049 3712 δ
1096 3653 1169 3712 tum
1182 3646 1293 3710 dicare
1309 3645 1514 3726 imperatori,
1529 3661 1666 3708 necesse
1677 3644 1761 3708 mihi
1778 3644 1842 3706 erit

304 3746 460 3835 βασιλεῦς,
483 3749 535 3813 ἵνα
557 3747 641 3833 ᾄδων
664 3745 768 3832 ἀρέσω
791 3750 893 3836 αὐτῷ·
909 3753 1007 3829 οὕτως
1022 3751 1051 3816 εί
1095 3769 1191 3815 nosse
1208 3752 1323 3832 qualia
1346 3751 1528 3831 imperator
1550 3753 1687 3830 accepta
1709 3750 1841 3812 cantica

303 3850 408 3936 μέλλω
424 3851 509 3937 ᾅδειν
524 3860 569 3937 τῷ
583 3849 699 3937 Κυρίῳ,
712 3850 819 3937 δεήσει
834 3874 872 3939 με
884 3851 999 3919 εἰδέναι
1009 3856 1051 3920 τόι
1094 3854 1225 3932 habeat,
1241 3858 1281 3916 ut
1296 3853 1446 3917 canendo
1469 3853 1521 3917 illi
1543 3854 1711 3934 placeam:
1735 3854 1792 3932 ita,
1811 3854 1841 3916 si

304 3953 385 4040 μέλη
417 3956 458 4020 τά
480 3953 686 4040 εὐφραίνοντα
708 3957 761 4020 τόν
783 3955 910 4042 Κύρων,
941 3957 979 4023 ἵν’
1001 3957 1050 4022 ἐπ’
1094 3961 1264 4024 canticum
1280 3959 1454 4022 oblaturus
1478 3976 1554 4022 sum
1572 3958 1725 4037 Domina
1749 3975 1842 4038 opor-

304 4060 402 4122 αῦτοῦ
419 4056 577 4141 ἀκροατοῦ
601 4058 668 4143 dou
690 4067 734 4144 τῷ
749 4056 866 4144 Κυρίῳ.
882 4059 972 4126 Ἐπεὶ
994 4064 1049 4126 καί
1094 4063 1179 4126 tebit
1192 4081 1246 4126 me
1262 4063 1392 4126 edoceri
1408 4061 1559 4125 carmina
1570 4079 1647 4142 quae
1658 4063 1839 4125 Dominum

302 4162 343 4226 τὰ
357 4161 493 4246 αἰσθητά
507 4160 659 4246 ἐπίόαθρα
669 4161 788 4248 γίνεται
798 4166 876 4249 πρὸς
887 4167 923 4229 τό
935 4173 1049 4249 νοήσαι
1093 4168 1314 4246 delectantur,
1328 4171 1366 4229 ut
1382 4183 1484 4246 super
1498 4171 1577 4229 tono
1593 4166 1709 4230 audito
1720 4184 1840 4229 canam

303 4265 344 4328 τά
366 4265 539 4350 κρείττονα,
563 4264 665 4330 ἰστέον
687 4264 729 4344 ὡς
751 4265 842 4352 ὁμὲν
865 4267 949 4353 ᾄδων
972 4268 1049 4356 ψιλή
1094 4272 1246 4335 Domino.
1282 4275 1325 4334 At
1355 4269 1488 4352 quando
1530 4270 1668 4352 quidem
1702 4273 1841 4336 sensilia

301 4376 419 4452 χρῆται
433 4378 532 4453 φωνῇ,
548 4368 565 4433 δ
581 4369 615 4434 δὲ
631 4369 760 4454 ψάλλων
775 4374 830 4435 καί
845 4382 890 4459 τῷ
905 4373 1048 4459 όργάνῳ·
1093 4375 1182 4440 fiunt
1200 4375 1327 4454 gradus
1343 4375 1518 4438 inferiores
1540 4375 1582 4438 ad
1606 4377 1746 4440 meliora
1768 4395 1841 4458 per-

301 4473 348 4537 ίδε
364 4475 418 4538 οῦν
434 4477 565 4538 σεαυτόν
580 4476 675 4559 χωρίς
698 4473 852 4562 σώματος,
872 4479 927 4542 καί
942 4478 1048 4565 ἑννόη-
1093 4479 1257 4560 cipicnda,
1273 4479 1447 4543 sciendum
1463 4485 1515 4543 est
1535 4480 1701 4560 quomodo
1723 4487 1840 4544 cantor

303 4598 360 4642 σον
374 4579 409 4641 τὸ
425 4577 520 4662 ᾄδειν.
537 4575 663 4662 Νόησόν
678 4600 734 4644 σου
749 4582 805 4644 καὶ
827 4583 863 4645 τὸ
878 4591 979 4668 σῶμα,
995 4585 1050 4648 καί
1093 4588 1210 4647 utetur
1237 4600 1324 4665 pura
1345 4599 1436 4662 voce,
1459 4585 1584 4664 psaltes
1606 4590 1721 4648 autem
1738 4587 1840 4649 etiarn

302 4685 362 4767 δρα
381 4684 416 4747 τὸ
432 4681 575 4766 ψάλλειν.
591 4681 681 4768 ’ᾼδει
695 4685 757 4768 γάρ
772 4691 816 4770 τῷ
831 4685 902 4771 Θεῷ
918 4686 935 4750 δ
951 4686 1003 4752 διά
1016 4687 1049 4751 b·
1093 4690 1334 4752 instrumento:
1355 4685 1432 4748 vide
1447 4703 1530 4765 ergo
1548 4689 1775 4768 temetipsum,
1791 4703 1840 4750 se·

301 4796 377 4873 γιῦιν
392 4787 558 4872 δογμάτων
573 4789 631 4872 τήν
654 4787 761 4874 ψυχήν
776 4788 1007 4875 παιδευόμενος,
1031 4790 1048 4856 ό
1092 4794 1187 4855 cluso
1202 4807 1348 4871 corpore,
1365 4794 1399 4852 et
1414 4791 1569 4870 intellige
1584 4791 1727 4855 canendi
1743 4808 1837 4872 opus.

302 4892 358 4968 τάς
373 4890 552 4975 πρεπούσας
568 4891 653 4978 αὐτῷ
676 4890 839 4978 θεολογίας
855 4892 893 4957 ἐκ
913 4893 1049 4971 διανοίας
1094 4899 1229 4958 Intuere
1245 4895 1346 4958 etiam
1359 4898 1457 4957 tuum
1473 4912 1604 4976 corpus,
1617 4902 1651 4959 et
1665 4895 1741 4958 vide
1757 4894 1840 4975 quid

303 4992 542 5079 κεκαθαρμένης
570 4993 772 5081 ἀναπέμπων.
797 4995 923 5062 Ψάλλει
944 4996 980 5062 δὲ
1005 5006 1049 5083 τῷ
1092 5000 1138 5063 sit
1159 4998 1311 5080 psallere.
1335 4999 1434 5062 canit
1455 5001 1546 5063 enim
1569 5000 1678 5063 Deum
1701 4999 1759 5062 ille
1778 5001 1837 5080 qui

304 5096 431 5184 ὀνόματι
452 5098 559 5183 αὐτοῦ,
575 5099 592 5163 ό
608 5099 660 5165 διά
681 5109 742 5166 τῦν
765 5110 820 5166 τοῦ
843 5100 987 5187 σωματος
1002 5121 1048 5168 κι-
1092 5121 1152 5186 per
1181 5119 1264 5167 sana
1298 5101 1458 5183 dogmata
1491 5103 1639 5168 animam
1669 5103 1838 5184 erudiens,
