3966 6108
727 688 1108 806 susumus

540 978 593 1044 IN
628 983 871 1049 cautior
914 979 1276 1046 CANTICORUM

784 1283 1036 1364 Maritum

185 1539 324 1606 Eusebii
332 1541 418 1605 nihil
426 1560 601 1624 superesse
614 1544 649 1608 in
663 1545 800 1608 Cantica
807 1563 885 1608 can·
929 1546 1153 1611 Adamantius
1168 1547 1307 1612 amalos
1324 1561 1555 1627 quoscumque
1570 1545 1678 1610 deter-

135 1644 293 1725 ticorum,
313 1645 402 1727 quod
425 1646 589 1712 hactenus
605 1649 640 1711 in
656 1650 766 1712 lucem
786 1665 886 1712 vene·
930 1651 1009 1713 ruit.
1037 1649 1101 1714 Sed
1122 1651 1152 1714 si
1177 1650 1399 1714 ottoboniano
1422 1651 1485 1713 305
1512 1648 1605 1729 fides,
1630 1651 1678 1714 ita

137 1749 195 1828 rit,
202 1755 324 1830 praeter
339 1750 506 1832 quoddam
521 1751 679 1816 sublesta
689 1751 768 1816 fidei
780 1753 887 1834 prooe-
930 1754 1049 1836 pedem
1064 1755 1232 1818 Eusebius
1245 1771 1311 1816 non
1328 1754 1455 1834 retulit,
1473 1753 1556 1834 quin
1571 1771 1679 1836 prooe·

136 1854 259 1935 mium,
275 1855 468 1920 mirandum
486 1875 577 1938 sane,
594 1875 701 1938 quum
717 1859 886 1922 obstinata
931 1858 1038 1920 mium
1058 1859 1305 1939 qualecumque
1329 1874 1426 1922 orsus
1448 1857 1561 1937 fuerit,
1587 1859 1679 1921 viam

136 1960 355 2032 aemulatione
374 1962 488 2024 omnia
505 1964 666 2043 presserit
680 1963 828 2041 vestigia
844 1965 884 2026 0-
929 1963 1039 2042 quasi·
1049 1961 1122 2042 jam
1148 1961 1213 2026 sibi
1240 1966 1404 2041 sternens,
1438 1975 1507 2041 qua
1531 1961 1677 2026 ulterius

138 2064 280 2144 rigaris,
296 2064 356 2144 qui
370 2066 474 2130 semel
500 2071 535 2130 at
556 2068 680 2131 iterum
696 2085 735 2130 ac
750 2084 886 2132 summa
928 2070 1004 2146 post
1031 2067 1179 2144 vestigia
1210 2067 1368 2144 magistri
1404 2067 1676 2148 progrederetur.

138 2184 219 2230 cum
230 2167 329 2231 laude
338 2172 373 2230 et
383 2169 759 2249 elegantia,Salomonis
772 2171 885 2250 diges-
928 2170 990 2232 Ille
1002 2187 1148 2250 namque
1163 2171 1277 2232 omnia
1289 2169 1418 2232 Cantici
1430 2169 1535 2232 verba
1550 2169 1678 2250 triplici

137 2273 186 2335 sit
195 2272 462 2354 epithalamium.
471 2275 600 2354 Cuique
613 2279 731 2338 notum
739 2279 792 2338 est
804 2273 885 2338 iusi·
927 2273 1171 2346 ccmmentario
1185 2273 1371 2351 adornavit,
1385 2272 1534 2352 primum
1545 2273 1678 2337 drama-

138 2391 209 2453 gne
222 2376 412 2438 encomium
424 2375 622 2461 Hieronymi
635 2379 670 2442 in
683 2381 827 2459 Prolcgo
841 2379 885 2443 ad
928 2377 973 2440 tls
989 2377 1139 2440 litteram
1153 2381 1363 2458 prosecutus,
1376 2376 1497 2440 deinde
1508 2393 1569 2459 pro
1579 2393 1678 2458 spon·

139 2479 339 2542 Damasum:
353 2483 550 2562 «Origenes,
563 2500 642 2548 cum
653 2484 690 2548 in
702 2485 831 2550 caeteris
845 2485 885 2548 li·
927 2499 966 2544 sa
980 2499 1071 2544 nunc
1086 2482 1283 2561 Ecclesiam,
1301 2498 1394 2544 nunc
1410 2481 1560 2544 animam
1575 2479 1679 2544 addu-

139 2580 210 2644 bris
221 2597 337 2646 omnes
345 2584 474 2665 vicerit,
483 2586 519 2650 in
527 2587 664 2651 cantico
675 2588 884 2652 canticorum
928 2603 1017 2667 cens,
1033 2605 1109 2668 quae
1124 2587 1292 2667 litteralis,
1313 2588 1498 2665 allegorica
1514 2590 1548 2650 at
1569 2603 1678 2650 mora-

141 2687 214 2769 ipse
227 2704 264 2752 se
279 2688 391 2752 vicit.»
406 2688 487 2754 Inde
496 2691 608 2756 nobile
616 2696 786 2756 certamen
795 2691 885 2757 Rufi·
927 2691 970 2754 lis
992 2691 1225 2773 interpretatio
1249 2695 1309 2756 ast.
1332 2691 1479 2754 Eusebio
1502 2693 1617 2781 autem
1641 2708 1675 2752 a·

138 2807 222 2854 num
239 2791 328 2856 inter
342 2796 377 2856 et
391 2793 667 2875 Stridoniensem,
683 2812 829 2877 quorum
846 2796 884 2860 il·
926 2795 1090 2876 scriptum
1108 2795 1321 2876 prooemium,
1346 2797 1480 2857 tantum
1503 2793 1677 2871 allegoria

137 2895 323 2976 lequatuor
330 2896 444 2976 libros,
456 2897 554 2976 largo
562 2899 719 2978 origenis
727 2917 883 2982 compen·
926 2898 1111 2980 adhaerens,
1127 2899 1264 2963 brevius
1278 2902 1313 2961 et
1323 2897 1488 2962 concinne
1499 2897 1677 2961 canticum

137 2999 203 3081 dio,
226 3002 427 3083 composuit,
449 3001 504 3064 hic
520 3018 600 3065 vero
622 3002 708 3067 duas
726 3003 883 3069 homilias
928 3007 1038 3068 totum
1046 3003 1418 3085 Ecclesiaesolisponsae
1426 3002 1575 3066 ascribit:
1588 3001 1678 3066 unde

137 3104 233 3168 Latio
248 3103 342 3168 datas
358 3122 491 3168 summo
505 3105 615 3185 judici
629 3107 773 3170 Damaso
789 3108 884 3172 obtu-
928 3125 1005 3189 quae
1020 3107 1110 3188 apud
1125 3109 1370 3192 Hieronymum
1386 3111 1420 3172 et
1436 3107 1598 3173 Rufinum
1621 3106 1677 3170 de-

137 3205 188 3268 lit.
197 3206 260 3270 Sed
273 3207 354 3288 quid
366 3207 448 3288 haec,
460 3209 523 3272 etsi
532 3208 574 3271 ad
586 3226 646 3272 nos
657 3209 801 3274 feliciter
811 3228 884 3292 per·
928 3212 1130 3291 siderentur,
1146 3211 1202 3276 hic
1217 3212 1312 3275 brevi
1328 3213 1449 3276 saltem
1471 3215 1675 3289 argumento

138 3311 303 3391 venerint,
319 3312 349 3374 ai
364 3312 590 3393 conferantur,
606 3330 649 3375 ne
665 3312 705 3376 de
726 3330 794 3376 uno
814 3315 883 3378 sin·
927 3314 1272 3378 redhiberividentur.
1286 3314 1549 3396 Sermoqnidem
1562 3315 1675 3378 tenuis
1758 3299 1766 3310 ”

136 3415 252 3492 gulari
267 3415 381 3479 libello
396 3416 586 3497 loquamur,
601 3418 811 3494 cumdecem
824 3433 882 3478 vo-
926 3422 978 3482 est
997 3436 1037 3481 ac
1063 3420 1163 3500 plane
1185 3417 1315 3502 χυδαῖος
1338 3418 1393 3481 καὶ
1408 3413 1586 3502 χαμερπής,
1610 3435 1673 3480 nec

135 3519 333 3599 luminibus,
350 3536 434 3600 quos
455 3521 682 3605 Hieronymus
697 3522 741 3585 ad
755 3521 882 3598 viginti
924 3527 1038 3585 tamen
1054 3541 1074 3584 a
1089 3521 1165 3585 rudi
1181 3523 1270 3604 stylo
1285 3522 1424 3586 Eusebii
1450 3522 1600 3602 alienus3
1617 3537 1673 3584 ve·

137 3640 245 3705 usque
260 3640 420 3688 versuum
439 3624 549 3687 millia
574 3623 713 3688 conflari
736 3623 883 3688 miraba-
924 3629 980 3688 tus
995 3629 1110 3687 autem
1123 3640 1207 3705 opus
1220 3641 1292 3688 esse
1304 3625 1382 3689 inde
1395 3625 1566 3706 probatur,
1583 3624 1673 3705 quod

135 3728 215 3792 turi
227 3727 322 3791 Sistit
332 3745 367 3791 se
379 3728 606 3811 Hieronymus
619 3727 661 3791 ad
670 3745 775 3810 capu
786 3745 818 3792 v.
829 3729 880 3809 10,
924 3727 1033 3791 obiter
1043 3728 1266 3809 Montanistae,
1278 3729 1376 3809 quasi
1393 3732 1554 3808 recentes,
1568 3744 1672 3808 vapu-

135 3829 278 3895 Rufinus
304 3849 384 3895 vero
404 3831 521 3896 decem
543 3837 651 3896 tomos
676 3834 712 3896 in
734 3837 881 3914 quatuor
924 3834 1006 3912 lant,
1023 3834 1058 3895 in
1074 3849 1159 3913 qnos
1175 3849 1242 3895 non
1269 3831 1373 3896 semel
1394 3829 1485 3894 haud
1507 3831 1582 3894 sine
1604 3832 1673 3894 sin·

134 3934 238 3997 libros
247 3937 440 4015 coarctavit,
450 3936 560 4017 neque
569 3937 659 4000 ultra
671 3954 742 4019 cap.
759 3954 784 4000 ιι
796 3955 828 4000 v.
840 3939 879 4000 15
925 3935 1041 4014 gulari
1054 3935 1229 3999 simultate
1248 3936 1320 4018 ipse
1343 3935 1558 4000 Oaesariensis
1581 3936 1674 4000 inve-

134 4054 334 4120 prograssus
360 4045 421 4120 est,
447 4057 487 4103 ac
509 4040 539 4104 si
561 4039 627 4104 duo
649 4043 764 4106 amuli
791 4041 880 4106 idem
922 4040 1029 4103 hitur.

133 4144 292 4223 stadium,
324 4160 434 4224 neque
456 4145 557 4225 ultra,
580 4163 715 4210 currere
733 4147 882 4210 studuis·
968 4145 1012 4207 At
1026 4144 1098 4208 haec
1108 4144 1234 4208 lacinia
1251 4159 1396 4208 nova-ne
1407 4146 1459 4206 est
1472 4146 1574 4224 atque
1586 4137 1678 4207 ἀνέκ·

134 4250 221 4309 sent.
237 4248 349 4311 Pauca
369 4249 542 4330 supplevit
563 4250 758 4331 Philocalia,
781 4253 881 4333 plura
925 4243 1038 4322 dotari
1060 4247 1226 4329 Equidem
1250 4249 1285 4312 in
1300 4248 1418 4330 spissis
1440 4265 1501 4312 sex
1523 4248 1626 4312 tomis
1642 4265 1676 4311 o·

135 4351 288 4432 Procopii
299 4355 544 4434 catena,quam
556 4357 688 4418 nostros
698 4343 775 4437 post
785 4357 881 4420 Mau·
924 4371 1045 4436 perum
1057 4354 1290 4436 Eusebii,qure
1305 4353 1676 4432 diligentissimeeden-

134 4455 226 4518 rinos
252 4457 360 4520 Maius
383 4456 430 4519 ita
455 4455 639 4535 diligenter
663 4459 815 4540 messuit,
840 4465 881 4524 ut
924 4457 1123 4522 deauravit
1149 4459 1185 4521 in
1208 4457 1398 4540 Patrolopia
1420 4473 1524 4538 quam
1547 4457 1676 4537 dicunt,

134 4561 230 4626 nulla
251 4561 348 4626 nobis
368 4564 423 4626 vel
441 4562 584 4624 minima
605 4564 699 4644 spica
720 4565 879 4646 supersit,
923 4561 978 4624 vir
991 4562 1094 4624 citius
1110 4561 1234 4626 litteris
1247 4565 1281 4625 et
1292 4561 1453 4624 Ecclesia
1466 4564 1611 4642 ereptus,
1623 4563 1645 4624 J
1647 4577 1676 4624 0.

134 4681 173 4728 ac
188 4664 331 4729 timendi
352 4666 447 4731 locus
462 4667 517 4746 sit,
533 4684 576 4731 ne
592 4669 823 4749 amplissimus
840 4672 881 4733 0-
924 4667 1019 4746 Bapt.
1042 4665 1164 4745 Malou,
1187 4665 1379 4743 Brugensis
1402 4665 1589 4746 episcopus,
1608 4681 1678 4727 orn-

7 4787 8 4792 *
133 4770 264 4848 rigenis
286 4787 436 4852 campus,
455 4770 554 4835 odore
576 4773 654 4849 agri
676 4772 767 4856 pleni
789 4773 882 4836 redc
927 4770 1008 4834 nino
1030 4769 1102 4832 haec
1127 4769 1238 4850 opella
1259 4767 1490 4848 desideratum
1515 4766 1591 4830 ideo
1613 4767 1678 4830 fcr-

7 4887 9 4940 J
132 4874 216 4956 lana,
230 4873 434 4955 devastetur,
449 4876 577 4958 absque
591 4878 663 4943 ulla
682 4895 747 4963 ,spe
768 4878 883 4959 plures
926 4882 1015 4940 tasse
1039 4873 1129 4956 quod
1155 4873 1355 4938 Parisiensis
1383 4871 1569 4956 typotheta,
1597 4871 1678 4935 licet

134 4977 265 5044 fructus
279 4978 511 5062 recuperandi.
927 4979 1178 5058 solertissimus,
1196 4994 1270 5040 eam
1286 4977 1452 5058 expiscari
1471 4975 1675 5057 nequiverit.

178 5083 353 5148 Abstinuit
384 5101 421 5148 se
457 5085 627 5150 Eusebius
655 5084 759 5166 huius
791 5085 882 5151 horti
925 5084 1046 5150 Procul
1061 5081 1153 5146 enim
1169 5085 1204 5144 et
1218 5081 1253 5144 in
1277 5081 1406 5145 ultimis
1429 5079 1566 5159 finibus,
1583 5079 1672 5142 inter

133 5187 290 5254 flosculos
316 5190 505 5272 decerpere,
527 5192 604 5256 ideo
630 5191 771 5257 sonasse
793 5191 881 5274 quod
927 5191 1089 5267 Batavos,
1120 5186 1252 5270 primus
1275 5185 1310 5250 id
1336 5183 1480 5269 protulit
1508 5183 1676 5249 Meursius
