4044 6104
854 483 1060 548 EUSEBIUS
1670 490 1733 552 393

191 621 225 687 ἐν
249 631 292 708 τῷ
315 620 556 707 ἀποστραφῆναι
572 623 626 687 τὸν
641 619 754 707 ἐχθρόν
770 641 829 708 μου
840 623 884 701 τίς
899 623 940 688 τὰ
984 624 1153 688 introirem
1161 641 1263 689 moror
1274 629 1452 694 retrorsum
1462 677 1470 710 ,
1482 628 1736 713 infirmabuntur

191 710 308 808 όπίσώ,
339 725 548 811 ἀσθενῆσουσι
573 728 628 791 καί
654 726 846 792 ἀπολοῦνται
876 727 939 792 ἀπὸ
984 729 1178 810 αίρνοιθόιαιί
1191 729 1310 813 osaoie
1324 739 1390 798 troc.

188 831 358 915 προσώπου
373 851 440 894 σου.

231 933 297 999 Καὶ
319 933 453 1021 ἔπρεπὲν
468 956 505 1020 γε
520 937 573 1000 τόν
597 933 667 1000 Υἱόν
682 944 738 1000 τοῦ
761 933 845 1002 Θεοῦ
860 937 937 1002 ἐπα·
1027 939 1114 1002 Sane
1126 939 1265 1004 decebat
1276 942 1401 1005 Filium
1414 943 1475 1006 Dei
1491 943 1729 1010 ascendentem

187 1036 387 1124 ναδεδηκότα
408 1048 514 1104 πᾶσαν
533 1041 591 1125 τὴν
606 1036 716 1122 κτίσιν,
732 1041 782 1106 ἐπὶ
804 1040 882 1126 μόνη
898 1049 937 1125 τῆ
982 1057 1084 1122 super
1099 1044 1294 1107 universam
1317 1048 1532 1126 creationem,
1550 1049 1584 1110 in
1605 1049 1676 1112 solo
1698 1068 1732 1111 a·

186 1141 251 1228 θόηι
277 1151 334 1227 τῆς
355 1153 412 1208 τοῦ
434 1142 560 1228 Πατρός
581 1141 735 1228 θεότητος
756 1143 937 1230 εὐφραίνεσ·
982 1149 1099 1222 spectu
1108 1148 1260 1210 Paternus
1271 1148 1459 1212 divinitatis
1472 1151 1589 1230 iaetari,
1599 1156 1633 1214 et
1646 1152 1680 1214 in
1694 1170 1734 1212 υ-

186 1244 245 1310 θαι
259 1249 314 1311 καί
330 1247 378 1312 ἀπ’
390 1247 475 1333 αὐτῷ
491 1246 574 1332 μόνῳ
590 1247 756 1331 ἀγαλλιᾰν.
771 1247 876 1314 Ψαλώ
893 1257 937 1333 τῷ
982 1263 1025 1308 no
1042 1248 1100 1310 illo
1117 1251 1279 1314 exultare.
1292 1252 1578 1336 Pecllomroonrirro'
1592 1258 1658 1333 tuo,
1673 1253 1732 1318 Ao-

185 1351 315 1438 όνόματί
329 1372 397 1433 σου,
413 1353 540 1437 όψιστε·
556 1351 640 1436 μόνῳ
655 1355 716 1438 γὰρ
740 1352 825 1438 αὐτῷ
840 1352 882 1431 ώς
897 1355 936 1420 ἂν
981 1351 1115 1414 onemo.
1140 1355 1208 1435 Ipsi
1224 1371 1370 1436 namque
1390 1357 1463 1435 soli,
1481 1360 1520 1419 ut
1542 1362 1619 1438 pote
1634 1358 1731 1436 sino,

185 1453 246 1541 Υἱῷ
257 1463 370 1540 γνῶσις
387 1456 535 1540 πάρεσαν
547 1466 602 1522 τοῦ
615 1467 680 1534 τοῖς
690 1466 785 1522 πᾶσιν
797 1457 936 1544 ἀρρήτου
981 1457 1123 1520 scientia
1139 1457 1234 1522 adest
1245 1460 1390 1523 nominis
1402 1462 1444 1525 ad
1461 1465 1636 1543 paternam
1649 1461 1734 1525 divi-

184 1561 239 1624 ιιαί
255 1559 520 1646 ἀκατονομάστου
540 1561 693 1647 ὀνόματος
708 1570 766 1646 τῆς
781 1571 935 1648 πατρικῆς
980 1561 1098 1624 nitatis
1110 1564 1321 1643 pertinentis,
1334 1565 1424 1644 quod
1433 1565 1590 1630 omuibus
1603 1568 1733 1630 ceteris

183 1662 347 1748 θεότητος,
364 1665 420 1728 ότι
432 1664 471 1749 δῆ
490 1664 573 1748 μόνῳ
588 1664 772 1749 γινώσκοντι
787 1669 840 1731 τόν
864 1665 935 1730 too-
981 1663 1152 1729 ineffabile
1168 1673 1229 1746 est,
1246 1673 1314 1732 eta
1331 1687 1545 1751 quocumque
1561 1672 1731 1733 nominari

184 1778 240 1832 τοῦ
263 1767 402 1853 Πατέρα.
426 1766 527 1846 θώπος
542 1768 581 1855 δῆ
597 1771 637 1855 ῆν
657 1770 675 1833 δ
695 1771 824 1855 όψιστος
839 1769 929 1847 θεός.
979 1771 1133 1834 noseium
1146 1778 1315 1853 quatenus
1330 1774 1393 1837 soli
1409 1774 1480 1837 filio
1496 1780 1596 1840 notus
1608 1781 1659 1838 est
1670 1778 1731 1838 Pa·

185 1872 296 1939 Ταότα
307 1873 342 1938 δὲ
355 1872 501 1958 μάλιστα,
516 1875 604 1958 φησὶ,
621 1871 743 1958 ποιήσω
754 1873 788 1938 ἐν
799 1882 843 1959 τῷ
856 1873 934 1938 ἀπο-
979 1877 1041 1936 ter.
1051 1875 1143 1938 idem
1152 1882 1333 1956 porroerat
1340 1879 1535 1942 altissimus
1543 1881 1643 1943 Deus.
1652 1881 1732 1942 Haec

185 1985 363 2062 στραφῆναι
377 1979 432 2042 τόν
446 1976 559 2062 ἐχθρόν
572 1997 630 2062 μου
646 1977 755 2042 όπίσω.
772 1977 827 2055 Τίς
843 1979 878 2045 δὲ
894 1977 935 2063 ῆν
979 1979 1137 2058 maxime,
1164 1981 1286 2060 inquit,
1315 1981 1447 2060 faciem,
1471 1981 1547 2046 dom
1564 1965 1730 2048 'tormina

185 2083 292 2166 οότος;
308 2083 329 2166 ῆ
345 2081 363 2144 δ
378 2090 435 2166 τῆς
453 2081 537 2167 ζωῆς
554 2081 676 2167 ἐχθρός,
700 2081 841 2161 θάνατος
864 2086 936 2168 περὶ
978 2097 1068 2146 αιτιοι
1081 2086 1168 2146 rotro
1179 2084 1389 2149 subvertetur.
1402 2086 1466 2150 Sed
1478 2087 1589 2167 qualis
1597 2091 1670 2150 erat
1678 2088 1730 2150 isi

186 2187 223 2250 ob
234 2185 394 2251 λέλεκται·
404 2185 563 2273 Ἐσχατος
574 2185 686 2273 ἐχθρός
701 2189 935 2273 καταργεῖταιδ
979 2186 1051 2248 Nisi
1063 2186 1141 2249 vite
1155 2187 1315 2252 inimicus
1331 2207 1430 2268 mors,
1446 2189 1487 2252 de
1502 2207 1570 2271 qua
1586 2190 1727 2253 dicitur:

185 2289 336 2368 θάνατος.
359 2289 474 2356 Ἔσται
496 2291 532 2354 δὲ
558 2291 656 2356 ebron
677 2292 883 2378 κατάργησις,
906 2294 935 2359 ἐ·
983 2290 1230 2356 «Novissimus
1250 2293 1356 2356 hostis
1373 2292 1567 2358 destruetur
1593 2310 1727 2356 mors.»

183 2393 293 2460 πιιδάν
313 2396 357 2472 είς
379 2397 420 2460 τά
435 2393 535 2461 ὀπίσω
551 2394 761 2482 ἀποστραφῆ·
784 2395 883 2462 ὀπίσω
897 2397 934 2462 δό
978 2397 1230 2461 Exterminium
1243 2397 1315 2477 ejus
1339 2399 1414 2478 erit,
1437 2397 1572 2479 quando
1592 2415 1729 2462 conver·

183 2507 262 2582 ποῦς
278 2500 300 2584 ῆ
317 2499 361 2577 εἰς
376 2501 434 2585 τῆν
456 2499 585 2584 πρώτην
608 2499 706 2565 αὑτοῦ
726 2501 932 2586 κατάστασιν,
978 2503 1070 2563 tetur
1086 2507 1281 2566 retrorsum.
1299 2503 1491 2567 notrorum
1506 2505 1631 2581 autem,
1656 2501 1729 2564 ubi·

183 2599 236 2665 δτι
252 2602 296 2688 μὴ
308 2601 488 2687 ὑφιστῆται
501 2599 539 2670 Ὁ
550 2605 613 2690 γάρ
625 2602 705 2682 Θεός
715 2604 857 2672 θάνατον
872 2610 933 2672 oba
979 2605 1084 2666 nami
1094 2605 1167 2669 Nisi
1182 2605 1310 2670 reditus
1323 2606 1359 2668 in
1375 2606 1554 2686 pristinam
1566 2605 1728 2669 conditio-

187 2702 351 2790 ἐποίησιν,
375 2706 479 2792 φθόνῳ
501 2707 536 2772 δὲ
559 2706 706 2774 διαδόλου
727 2708 868 2787 θάνατος
891 2711 932 2775 εί·
978 2724 1067 2789 nem,
1080 2709 1389 2788 quandononerot.
1409 2709 1628 2772 «Deusenim
1641 2724 1728 2770 mor-

185 2809 302 2895 σῆλθεν
323 2811 367 2889 είς
389 2815 443 2877 τόν
464 2812 594 2899 κόσμον,
608 2812 757 2879 Ἐπειδὰν
771 2813 874 2881 τοίνυν
889 2816 933 2894 εἰς
978 2815 1048 2874 tem
1063 2828 1131 2875 non
1149 2811 1237 2892 iecit,
1253 2813 1312 2876 aed
1332 2812 1461 2876 invidia
1483 2811 1616 2874 Diaboli
1635 2828 1726 2875 mors

183 2915 224 2980 τά
238 2913 338 2979 δπίσω
356 2913 507 3001 χωρήσας
522 2919 541 2980 δ
554 2915 696 2994 θάνατος
719 2915 834 3003 μηκέτι
847 2917 880 3003 ῆ,
896 2920 933 2984 τό
978 2915 1134 2980 introivit
1155 2917 1191 2979 in
1215 2917 1427 2980 mundum.»
1453 2913 1593 2991 Quando
1616 2915 1730 2993 igitur

182 3029 356 3102 τηνικαῦτα
377 3021 432 3084 καί
446 3019 476 3084 οἱ
490 3020 593 3086 λοιποί
615 3020 730 3098 πάντες
753 3021 860 3107 ἐχθροὶ
874 3023 930 3088 καὶ
978 3037 1069 3082 mors
1092 3024 1277 3084 retrorsum
1291 3021 1461 3098 secedens,
1473 3018 1546 3099 jam
1559 3035 1627 3082 non
1651 3019 1726 3097 erit,

182 3121 326 3209 πολέμιοι
344 3133 400 3189 τοῦ
416 3135 472 3190 σοῦ
495 3121 601 3210 Λόγου
625 3115 860 3211 ἀσθενὴοουοιν,
876 3129 931 3192 καί
977 3128 1061 3188 tunc
1073 3125 1343 3189 debilitabuntur
1350 3143 1467 3190 omnes
1478 3125 1603 3204 reliqui
1615 3123 1727 3186 hostes

185 3226 378 3294 ἀπολοῦνται
392 3227 456 3294 ἀπὸ
471 3229 640 3313 προσώπου
656 3251 723 3296 σου.
978 3231 1013 3289 et
1035 3228 1166 3291 inimici
1178 3229 1279 3292 Verbi
1299 3230 1362 3308 tui,
1385 3235 1487 3308 atque
1510 3227 1728 3291 destruentur

978 3336 1057 3396 ante
1073 3332 1194 3396 ibciem
1211 3339 1316 3397 tuam.

228 3460 260 3505 v.
279 3442 329 3522 10,
344 3443 394 3505 11.
407 3439 472 3505 Καὶ
488 3438 614 3525 ἐγένετο
626 3439 743 3526 Κύριος
760 3443 931 3529 καταφυγὴ
1022 3453 1053 3498 v.
1073 3436 1123 3515 10,
1143 3437 1193 3498 11.
1209 3436 1378 3517 Btsootns
1396 3435 1616 3501 esturmenta
1638 3434 1729 3517 rofre

182 3553 227 3628 τῷ
242 3542 362 3627 πένητι,
387 3541 501 3630 βοηθός
515 3543 549 3608 ἐν
564 3542 744 3628 εὐκαιρίαις,
761 3545 794 3612 όν
812 3544 933 3631 θλίψει·
974 3540 1223 3622 oiompoopert,
1234 3539 1365 3620 adjutor
1376 3539 1412 3602 ιἰι
1423 3538 1723 3620 opportunitatibus,

184 3625 239 3712 καί
261 3647 481 3712 ἐλπισόιτωσαν
500 3646 603 3712 tutet
625 3646 654 3712 οἱ
675 3645 882 3734 γινώσκοντες
897 3651 933 3713 τὸ
976 3643 1014 3708 io
1029 3644 1237 3710 tribulatione
1242 3668 1256 3722 ;
1272 3647 1303 3708 ot
1319 3648 1448 3724 τριτταί
1465 3645 1503 3707 io
1518 3648 1548 3707 to
1566 3644 1623 3724 qut
1641 3661 1731 3708 noor-

181 3753 281 3838 όνομά
293 3773 360 3832 σου,
377 3751 425 3816 ότι
439 3753 499 3816 οὐκ
512 3750 718 3836 ἐγκατέλιπες
738 3755 814 3831 τοὺς
837 3754 932 3838 όκζη-
976 3752 1057 3812 mor
1080 3765 1203 3812 nortem
1217 3754 1321 3826 roem,
1350 3748 1502 3828 quoniam
1527 3765 1589 3810 noro
1614 3747 1731 3812 doroli-

182 3856 314 3934 τουντάς
330 3877 376 3938 σε,
393 3854 500 3940 Κύριε.
977 3853 1081 3934 quieti
1095 3856 1270 3948 quarentes
1285 3856 1325 3930 te,
1344 3853 1488 3916 Domine.

228 3958 267 4027 Ὁ
297 3963 406 4047 κριτὴς
441 3963 535 4039 αὐτὸς
555 3960 667 4047 γέγονε
690 3963 860 4048 καταφυγὴ
887 3972 932 4049 τῷ
1022 3955 1573 4038 lpsejudextaetusestrefugium
1588 3957 1729 4037 pauperi

185 4068 270 4131 κατὰ
280 4055 404 4149 πρῶτον
420 4063 487 4151 βίον
497 4067 555 4150 τῆν
572 4068 684 4152 οτενῆν
699 4067 755 4130 καί
770 4064 932 4152 τεθλιμμό-
978 4063 1037 4143 qui
1060 4063 1171 4144 priore
1190 4062 1388 4126 decurrente
1404 4061 1485 4140 vita,
1505 4061 1644 4125 incessit
1665 4079 1725 4143 per

184 4191 243 4255 νην
271 4168 421 4234 ὡδευκότι
443 4167 553 4255 πένητι
574 4173 695 4257 καὶτῷ
719 4168 931 4256 μακαριζομό-
976 4169 1068 4230 viam
1077 4173 1205 4230 aretam
1218 4172 1251 4230 et
1262 4171 1456 4245 angustam,
1467 4171 1501 4228 et
1516 4167 1567 4230 illi
1580 4167 1639 4246 qui
1652 4166 1729 4230 bea-

183 4295 226 4357 νιρ
254 4284 369 4360 πτωχῷ
397 4283 440 4360 τῷ
470 4275 637 4361 πνεύματι·
660 4276 812 4340 τοδταυτδ
835 4295 934 4362 prpu-
977 4275 1034 4335 tus
1042 4272 1153 4336 dictus
1165 4275 1217 4334 est
1227 4288 1355 4352 pauper
1367 4271 1403 4334 in
1416 4272 1549 4352 spiritu.
1564 4271 1602 4333 Id
1615 4271 1726 4351 ipsum

187 4377 320 4463 θηκότες
339 4378 368 4444 οἱ
390 4378 597 4464 γινώσκοντες
620 4382 655 4444 τό
671 4378 771 4464 όνομά
793 4401 861 4462 σου,
877 4381 932 4444 καί
976 4381 1156 4457 postquam
1172 4377 1339 4454 noverint,
1362 4377 1422 4456 qui
1437 4380 1649 4454 cognoscunt
1667 4393 1724 4438 no-

186 4481 234 4545 δτι
249 4483 322 4558 τοὺς
339 4481 553 4566 ἐκζητοῦντάς
575 4503 612 4547 σε
635 4493 688 4549 νῦν
711 4484 745 4548 ἐν
765 4493 809 4569 τῷ
831 4484 931 4570 καιρῷ
977 4482 1180 4558 mertuum,
1197 4482 1231 4543 et
1246 4479 1413 4561 quomodo
1429 4496 1496 4558 eos,
1513 4481 1572 4561 qui
1585 4497 1677 4542 nuno
1692 4483 1726 4541 te

181 4594 240 4670 τῆς
263 4593 323 4670 σῆς
345 4584 571 4676 δικαιοκρισίας
592 4587 651 4651 οὐκ
672 4586 927 4673 ἐγκαταλείψεις,
976 4590 1131 4666 querunt
1146 4585 1182 4647 in
1203 4587 1353 4665 tempore
1371 4583 1494 4663 judicii
1510 4585 1572 4662 tui,
1588 4600 1656 4646 non
1671 4584 1727 4647 de*

180 4689 328 4756 ἐντεῦθεν
349 4691 413 4778 ῆδη
436 4688 650 4769 ἀλπιζὲτωσαν
672 4691 724 4755 ἐπὶ
747 4691 805 4774 ot,
825 4690 931 4768 πάσας
975 4702 1078 4768 serae,
1093 4686 1165 4767 jam
1181 4688 1321 4768 proinde
1337 4692 1473 4769 sperent
1499 4689 1533 4751 iu
1556 4693 1601 4767 te,
1624 4703 1724 4769 quas·

215 4997 243 5036 v.
256 4977 282 5048 8,
294 4977 320 5032 4.
339 4974 439 5033 Ibidr
460 4973 526 5031 Gor.
540 4991 591 5046 xv,
608 4975 652 5031 26.
662 4972 730 5048 Sap.
753 4973 826 5045 1,15
843 4974 931 5032 Joan.
975 4967 1224 5041 quumsimiiioin
1234 4964 1364 5022 oroFiiii
1374 4965 1458 5038 quasi
1470 4965 1620 5022 inferioris
1637 4965 1729 5039 ponit.

179 5081 243 5135 xrv,
255 5065 299 5120 23.
315 5063 408 5120 Caute
420 5061 563 5134 legendus
584 5065 631 5117 eet
642 5059 797 5132 Eusebius,
816 5062 932 5135 quoties
976 5055 1020 5113 cf.
1029 5053 1251 5113 Montetaloonii
1260 5055 1382 5126 ρνοίερρ.
1397 5070 1440 5111 xv
1452 5057 1507 5108 ato.

178 5149 216 5206 de
226 5151 354 5206 Patreet
365 5149 430 5205 Deo
438 5148 642 5206 universorum
653 5147 791 5220 loquitur,
801 5147 838 5207 de
847 5149 931 5223 cujus
1012 5159 1040 5202 v.
1053 5143 1096 5212 10,
1109 5141 1152 5197 11.
1165 5139 1260 5198 Vatia.
1275 5140 1317 5196 13.

179 5238 242 5293 eolo
264 5242 385 5311 aspectu
410 5240 475 5293 tota
495 5239 630 5292 creatura
653 5234 780 5320 letatur,
804 5235 932 5294 maxime
