3966 6108
796 459 839 523 in
864 457 1111 525 exornatas
1657 447 1721 527 ειν

168 595 223 662 τδν
244 591 376 680 Κύριον·
399 593 518 675 ζῶντος
539 594 574 661 δέ
597 606 653 663 τοῦ
669 596 840 683 δράκοντος
863 600 920 663 καί
964 605 1061 682 ptum
1079 587 1245 664 incolunt
1270 600 1412 664 vivente
1428 605 1542 666 autem
1565 603 1721 685 dracone,

169 699 268 785 μηδὲν
283 698 472 785 πάσχοντος,
496 700 557 787 οὐχ
572 698 633 766 οίοί
651 721 687 767 τε
708 702 792 788 ήσαν
806 701 919 790 γινιθσ·
965 723 1026 768 neo
1042 703 1228 786 quidquam
1245 705 1447 786 sustinente,
1459 707 1554 771 locus
1569 722 1637 772 non
1652 709 1718 772 erit

168 821 237 868 κειν
252 804 306 869 τὸν
320 801 447 888 Κύριον.
963 808 1192 889 cognoscendi
1212 808 1407 872 Dominum.

212 910 288 972 car.
305 927 394 990 xxx,
416 927 448 972 ν.
470 910 502 972 4.
524 905 589 973 Καί
609 906 679 994 ήξει
700 909 845 996 μάχαιρα
870 909 920 975 ἐπ’
1007 917 1083 978 Onu.
1101 929 1189 994 xxx,
1205 933 1237 977 v.
1257 912 1292 976 4.
1307 913 1353 979 nt
1373 912 1435 979 uic
1452 913 1588 999 ρίαιίίκι
1609 916 1647 980 in
1660 918 1720 980 Ε-

168 1007 369 1096 Αίγυπτίους.
801 1068 805 1076 ,
961 1017 1099 1101 motion

126 1129 131 1138 ·
211 1112 371 1200 Αἴγυπτος
385 1113 419 1181 ἐν
430 1114 560 1195 πολλοῖς
575 1123 692 1182 νοεῖται
706 1115 759 1183 ἐπί
773 1127 830 1183 τοῦ
845 1116 919 1184 κύσ·
1007 1123 1046 1184 In
1061 1121 1180 1185 multis
1198 1120 1281 1191 loeis
1298 1121 1467 1203 aegyptus
1483 1120 1525 1186 de
1540 1121 1604 1186 hoo
1621 1131 1720 1188 mun-

168 1237 229 1304 μου
254 1217 367 1282 τούτου
390 1217 593 1304 ἀνθρωπίνου,
620 1221 676 1286 καί
701 1231 757 1286 τοῦ
781 1219 918 1310 ἐπιγείου
962 1223 1004 1288 do
1019 1225 1154 1290 mortali
1170 1215 1388 1304 intelligitur,
1401 1225 1488 1304 etde
1504 1225 1563 1288 illo
1578 1228 1725 1291 terreno.

167 1323 289 1408 τούτου,
305 1323 339 1404 ἐξ
354 1325 391 1389 ού
407 1323 538 1404 ἐξιοῦσιν
553 1325 583 1391 οἱ
604 1325 746 1412 ἀληθινοί
761 1324 919 1412 Ἰσραηλί·
963 1328 1151 1408 orbe,unde
1159 1333 1286 1394 exeunt
1293 1329 1365 1393 veri
1378 1330 1549 1409 Israelita,
1558 1335 1714 1411 etprooe·

167 1447 230 1512 ται,
246 1429 301 1493 καί
315 1427 476 1495 ὁδεύουσιν
499 1429 664 1516 ἐρχόμενοι
678 1431 731 1496 ἐπί
750 1433 809 1517 τήν
824 1430 918 1516 άγίαν
962 1432 1048 1496 dunt
1069 1433 1283 1502 ambulantes
1298 1432 1341 1496 ad
1361 1437 1513 1496 nannum
1531 1435 1715 1513 regionem.

167 1539 246 1618 γῆν·
270 1531 397 1598 δοίκῦν
411 1533 445 1599 ἐν
468 1530 628 1620 Αίγύπτιμ,
649 1535 701 1603 ίνα
717 1536 760 1622 μή
783 1534 918 1623 πειραθη
963 1537 1026 1612 Qui
1039 1535 1382 1619 habitatinAEgypto,
1394 1553 1437 1600 ne
1449 1537 1604 1616 gladium
1617 1555 1716 1621 expe·

167 1643 224 1722 της
239 1635 413 1722 ἐρχομίνης
436 1636 485 1703 ἐπ’
497 1635 661 1724 Αἰγύπτου
684 1638 853 1726 μαχαίρας,
871 1642 915 1726 μή
963 1641 1072 1706 riatur
1088 1643 1225 1704 euntem
1242 1641 1278 1703 in
1290 1643 1487 1724 AEgyptum,
1503 1642 1589 1706 nolit
1603 1645 1717 1708 lutum

167 1740 348 1826 ἐργαζίσθω
364 1740 476 1826 πηλὸν,
492 1743 574 1829 μηδέ
592 1743 797 1831 οίκοδομητσι
810 1744 918 1823 πόλεις
963 1746 1105 1826 operari,
1128 1761 1239 1826 neque
1261 1743 1427 1812 adificare
1453 1745 1609 1810 civitates
1631 1747 1717 1810 Pha·

168 1843 301 1930 Φαραὼ,
316 1853 362 1932 τῷ
376 1845 506 1932 ἄρχοντι
520 1856 577 1913 τοῦ
597 1848 708 1927 αίῦνος
731 1847 843 1915 τούτου
865 1849 916 1916 ἐπ’
938 1915 940 1918 ,
963 1849 1069 1929 raoni,
1092 1848 1238 1930 prinoipi
1261 1845 1364 1928 hujus
1390 1849 1508 1914 saeouli
1534 1851 1570 1914 in
1598 1867 1715 1932 peeca-

167 1947 334 2036 ἁμαρτίαν.
962 1955 1048 2016 tum.

212 2075 244 2120 v.
261 2057 291 2121 θ.
308 2053 359 2122 Ta
376 2054 411 2119 δέ
432 2053 519 2141 λίγει
536 2054 674 2123 Ἀδωναί
695 2055 830 2144 Κύριος·
852 2056 918 2126 Καί
1006 2075 1038 2120 v.
1061 2058 1092 2120 5.
1116 2057 1194 2122 Hero
1219 2055 1300 2122 uicit
1321 2055 1448 2123 Adonai
1468 2057 1646 2124 nomiae·
1666 2060 1712 2126 Εί

168 2167 339 2224 πεσοῦνται
351 2159 394 2225 τδι
408 2157 678 2245 άντιοτηρίγμοιτα
692 2160 864 2247 Αἰγύπτου.
961 2165 1113 2230 ramat
1124 2161 1246 2244 fulcro
1263 2161 1409 2243 Ερμρίί.
1447 2204 1449 2208 .

210 2259 498 2349 Ἀντιστηρίγμστά
509 2264 570 2328 είσι
580 2274 638 2350 της
649 2262 811 2352 Αίγύπτου
826 2266 917 2353 λύγοι
1005 2265 1218 2330 Fuloimenta
1235 2265 1374 2348 AEgypti
1389 2269 1471 2329 suut
1484 2281 1657 2331 sermones
1673 2265 1715 2332 de

166 2365 245 2452 δπέρ
259 2373 322 2432 τῶν
333 2366 464 2452 ἡδονῶν,
477 2367 556 2452 ύπέρ
568 2377 630 2434 τῶν
642 2379 839 2455 σωματικῶν.
852 2370 917 2438 Καὶ
960 2368 1203 2451 voluptatibus,
1227 2368 1385 2432 derebus
1404 2371 1582 2450 corporeis.
1598 2372 1715 2454 Neque

168 2469 244 2536 εἰσίν
255 2469 284 2534 οἱ
292 2471 514 2557 προϊστάμενοι
524 2481 587 2539 τῦν
598 2473 917 2561 τοιούτωνλύγωνκαί
960 2473 1084 2538 desunt
1097 2476 1331 2554 procuratores
1346 2472 1512 2537 similium
1524 2475 1717 2539 orationum
1817 2558 1821 2570 ‘

167 2572 436 2659 ἐπιστηρίζοντες
458 2577 493 2641 ἐν
514 2575 620 2656 αὐτοῖς
643 2579 704 2663 τήν
724 2581 843 2665 νοητήν
857 2577 916 2645 Αί-
962 2579 1078 2660 etqui
1100 2578 1224 2641 molem
1245 2580 1426 2657 struentes,
1450 2579 1639 2660 spiritualis
1661 2582 1714 2643 AE·

165 2697 294 2763 γυπτον,
310 2675 452 2761 τουτίστι
462 2682 521 2766 τήν
537 2678 702 2766 άμαρτίαν,
718 2684 777 2768 τήν
788 2683 915 2750 κακίαν.
960 2683 1060 2766 gypti
1082 2683 1452 2764 sustinentpecoatum
1478 2685 1513 2746 et
1534 2683 1712 2746 malitiam.

168 2780 310 2867 Ἀγαθοῦ
325 2783 380 2849 οὖν
395 2782 479 2850 Θεοῦ
500 2785 569 2849 ἐστι
588 2793 691 2850 ταῦτα
711 2786 752 2851 τὰ
774 2786 918 2873 άντιστη-
960 2786 1086 2868 Optimi
1110 2801 1193 2864 ergo
1208 2785 1270 2884 llei
1292 2803 1418 2850 munus
1441 2792 1492 2850 est
1513 2787 1711 2852 subvertere

167 2887 306 2972 μίγματα
333 2886 536 2970 καταύαλείν,
562 2889 614 2954 ίνα
642 2888 831 2976 καταργήσῃ
858 2893 917 2977 τήν
961 2891 1026 2955 iata
1041 2891 1160 2971 fulera,
1181 2893 1220 2954 ut
1241 2873 1394 2954 destruat
1416 2895 1603 2973 peooatum.
1626 2893 1714 2958 Sunt

166 2990 340 3076 ἁμαρτίαν·
357 2993 424 3057 ἐστι
439 2993 474 3057 δὲ
488 2995 545 3058 καί
555 2994 589 3060 ἐν
604 3003 644 3080 τη
661 2993 760 3081 ἀρετῇ
773 2994 918 3082 ἀντιστη-
960 2994 1064 3058 etiem
1087 2995 1226 3058 virtutis
1253 2993 1453 3058 iuloimenta
1474 2997 1509 3058 et
1529 3011 1712 3076 sermones,

165 3096 304 3181 ρίγματα
319 3097 374 3162 καί
388 3096 478 3182 λύγοι
491 3099 547 3162 καί
562 3096 591 3163 ol
610 3098 834 3185 προϊστάμενοι
847 3099 917 3166 τού-
960 3098 1130 3164 ethorum
1145 3099 1410 3181 concionatores,
1425 3097 1485 3164 sed
1506 3099 1545 3166 hi
1566 3117 1635 3166 non
1657 3107 1731 3164 οιι·“

164 3219 237 3282 των,
253 3199 325 3266 ἀλλ’
335 3202 423 3266 οὗτοι
437 3203 474 3266 ού
489 3211 668 3268 πεσοῦνται.
961 3201 1053 3267 dent.

72 3307 74 3310 ’
209 3308 287 3370 car.
300 3323 388 3386 xxx,
404 3324 435 3370 v.
449 3306 517 3370 4·θ.
534 3304 589 3372 Ἐν
604 3303 754 3392 Αἰγύπτῳ
769 3308 824 3372 καί
839 3327 915 3393 ουμ·
1004 3308 1081 3370 Cra.
1096 3323 1184 3385 xxx,
1207 3323 1239 3368 v.
1254 3306 1286 3385 4,
1310 3306 1341 3368 5.
1363 3307 1473 3372 Perse
1493 3310 1525 3371 εί
1548 3307 1657 3372 Grates
1677 3311 1710 3372 at

164 3405 310 3473 πεσεῖται
335 3408 378 3473 τά
402 3407 539 3494 θεμίλια
565 3409 672 3496 αύτής.
703 3409 835 3494 Πίρσαι,
861 3413 917 3477 καί
959 3408 1069 3490 Dedin
1083 3413 1115 3475 εί
1128 3408 1713 3494 δι’ύμωίαοοίαοίοιιιαοεμνοιιιίεοαί
1817 3467 1821 3478 .

131 3587 134 3596 ,
163 3511 300 3597 Κρήτας,
316 3516 373 3580 καί
386 3511 494 3596 Λυδοί,
518 3516 573 3580 καί
587 3512 711 3595 Λίδυες,
726 3516 782 3580 καί
797 3514 912 3594 πάντες
958 3516 991 3580 εί
1010 3513 1129 3596 σαίρειν
1138 3511 1295 3596 stilorum
1307 3510 1448 3594 foderes
1461 3513 1526 3578 mei
1543 3513 1653 3598 ρίαάίο
1672 3515 1711 3580 in

165 3614 196 3680 οί
211 3613 376 3702 ἐπίμικτοι,
392 3619 447 3683 καί
458 3620 520 3684 τῶν
531 3617 605 3684 ιίὶῦιν
616 3627 674 3704 τής
685 3616 842 3704 διαθήκης
856 3639 916 3705 μου
959 3617 1019 3684 lae
1035 3621 1125 3683 terra
1139 3616 1261 3684 aanor.

168 3719 312 3808 μαχαίρᾳ
326 3730 496 3789 πεσοῦνται
510 3724 543 3789 ἐν
558 3725 650 3809 αῦτη.

208 3822 368 3912 Αἴγυπτος
381 3825 777 3913 ἐρμηνεύεταιἘκθλίύων.
789 3826 915 3895 Οὐκοῦν
1002 3828 1188 3910 AEgyptum
1229 3825 1495 3906 interpretantur
1534 3828 1711 3892 οεοακίοοκ

163 3928 302 3996 ἐκθλίδει
323 3933 396 4010 τοὺς
416 3929 558 4009 δικαίους
577 3932 611 3998 ἐν
632 3939 671 4018 τη
694 3931 837 4018 ἐκθλίψει
858 3943 914 3999 τοῦ
959 3933 1077 3996 Nonne
1091 3933 1194 3994 vexat
1205 3928 1316 4009 justos
1328 3929 1364 3992 in
1375 3927 1597 3994 tribulatione
1610 3928 1714 4010 hujus

163 4032 283 4120 κύομου
306 4035 435 4119 τούτους
458 4035 691 4122 ἐκλαμδάνεται
712 4038 775 4122 γάρ
790 4038 834 4116 είς
858 4039 912 4103 τδν
958 4035 1102 4099 mundi?
1123 4033 1298 4116 accipitur
1320 4033 1411 4096 enim
1428 4050 1489 4116 pro
1511 4034 1638 4098 mundo
1660 4037 1714 4100 Ε·

163 4136 319 4224 κύσμονή
340 4138 512 4225 Αἴγυπτος·
527 4141 582 4204 καί
596 4150 689 4206 τοῦτο
704 4139 847 4225 εδρήσεις
861 4161 913 4226 γε·
958 4145 1097 4224 gyptus.
1121 4140 1164 4208 Et
1187 4138 1249 4202 hoo
1271 4137 1426 4202 iuvenies
1449 4143 1607 4202 exactum
1630 4154 1714 4217 arga

163 4240 336 4328 γενημένον
359 4243 493 4309 ἐπὶτῶν
515 4241 738 4328 Ἐδραίωκ-
762 4241 913 4310 Βαδυλιθ·
959 4246 1128 4310 Hebraeos.
1149 4277 1187 4290 -
1206 4243 1443 4324 Interpretatio
1471 4247 1585 4306 autem
1607 4243 1715 4326 Baby·

85 4373 91 4385 ·
164 4365 227 4422 νιος
242 4345 278 4410 δέ
293 4345 498 4432 ἑρμηνεύεται
514 4345 672 4433 Συνίχων,
692 4349 777 4426 ὅστις
790 4351 864 4426 τοὺς
880 4347 915 4412 ά-
959 4352 1047 4415 louis
1061 4353 1113 4414 est
1134 4348 1300 4426 emeno,
1317 4364 1393 4428 quae
1413 4347 1563 4410 eontinet
1581 4363 1638 4410 ιιοε
1653 4347 1714 4427 qui

163 4447 246 4528 ξίους
262 4459 399 4537 συνοχῆς
422 4448 566 4535 συνέχει·
589 4453 645 4516 καί
660 4461 751 4518 τοῦτο
772 4450 914 4536 εὑρήσεις
959 4454 1008 4520 ibi
1019 4454 1186 4519 oontinori
1199 4458 1382 4516 merentur.
1396 4453 1434 4516 Id
1446 4452 1600 4516 invenies
1613 4452 1649 4515 iu
1662 4469 1718 4514 oa·

165 4555 216 4620 ἐπί
230 4563 288 4639 τῆς
311 4554 531 4642 αἰχμαλωσίας
553 4565 611 4642 της
632 4555 854 4643 Ἰερουσαλήμ.
871 4593 914 4608 -
958 4559 1115 4642 ptivitate
1138 4557 1362 4620 Hierusalem.
1381 4558 1544 4639 -Syrus
1566 4556 1712 4620 vertitur

163 4657 265 4743 Συρδς
280 4657 485 4745 ἑρμηνεύεται
499 4658 676 4746 Μετέωρος·
692 4662 783 4738 ούτος
799 4681 913 4745 μετεω-
957 4662 1113 4730 uallata
1133 4661 1301 4745 affectans.
1324 4661 1417 4724 Idem
1439 4659 1576 4724 affectat
1598 4660 1714 4723 inania

164 4760 257 4848 ρίζων
271 4764 313 4828 τά
334 4763 453 4850 μάταια
474 4763 697 4852 φαντάσματα,
714 4763 847 4850 μάταιος
870 4764 913 4832 ὢν
959 4767 1206 4848 phantasmata,
1215 4781 1323 4845 quum
1334 4764 1446 4828 inanis
1458 4763 1504 4828 sit
1512 4768 1545 4826 at
1558 4765 1593 4828 in
1605 4763 1713 4828 subli-

200 4925 269 5000 (λαμ.
283 4945 358 4998 xxx,
368 4945 397 4986 u.
409 4928 466 4984 45.
479 4926 579 4985 Ottob.
588 4926 611 4982 f.
620 4928 682 4983 220.
693 4925 721 4982 N
721 4943 754 4983 eo
766 4926 847 4983 solus
859 4932 914 4998 eut,
959 4945 987 5001 p.
1000 4923 1068 4998 112)
1081 4924 1176 4980 multa
1185 4922 1217 4980 id
1225 4939 1328 4996 genus,
1338 4940 1403 4996 qum
1413 4923 1515 4980 multis
1526 4930 1661 4982 veterum
1668 4926 1712 4982 te'-

164 5029 219 5070 neo
235 5014 347 5087 primus
360 5013 511 5086 Origenes,
524 5013 575 5086 qui
586 5031 640 5088 per
657 5012 776 5070 ethnica
796 5013 916 5069 nomine
960 5011 1096 5068 alimonis
1105 5010 1324 5067 oonllrmantur.
1334 5009 1434 5067 Etiam
1443 5010 1480 5066 οί.
1490 5007 1715 5085 inlraflexaplla

164 5100 323 5173 allegorias
335 5106 469 5159 venatur.
478 5099 593 5157 Praeter
603 5099 681 5157 enim
690 5099 854 5170 Philonem,
865 5099 916 5156 ha·
959 5101 991 5156 in
1003 5099 1149 5170 Ezeohiel,
1167 5098 1220 5154 ubi
1236 5097 1331 5154 multe
1348 5103 1513 5172 etymorum
1530 5099 1711 5172 glossemata

166 5188 219 5244 bes
231 5202 321 5263 supra
337 5187 376 5246 ad
391 5187 503 5248 ualeam
515 5185 716 5246 Melitonianoe
732 5186 825 5246 oleris
838 5187 872 5260 (t
884 5201 915 5258 u,
961 5185 1083 5259 origeni
1095 5183 1242 5244 ascribere
1255 5182 1302 5240 fas
1315 5183 1379 5242 erit
