4036 6090
844 419 888 482 IN
911 417 1097 482 PSALMOS
1681 423 1742 486 125

206 567 344 624 τοιοῦτον
363 557 516 635 tornator
531 558 624 624 ἐστιν.
640 556 729 624 Ἀλλ’
745 560 804 624 οὒκ
818 558 950 644 ἀχρειώ-
997 565 1109 625 mento
1125 565 1330 640 sauguinem
1347 549 1488 642 efficere,
1504 563 1538 627 id
1554 569 1605 627 est
1618 581 1743 628 sermo

206 686 270 729 σειε
285 663 421 729 καθόλου
444 667 479 728 τό
495 665 600 748 ποτόν,
616 663 676 729 κάν
699 663 737 728 ἐκ
751 673 807 730 τοῦ
822 662 947 749 προχεί-
995 683 1073 728 nem
1092 671 1255 746 nostrum,
1271 667 1435 747 nobisque
1447 668 1622 731 ostendere
1633 669 1736 731 talem

207 789 262 852 ρου
282 767 320 832 δι’
331 767 456 852 ἀπάτην
478 764 667 852 περιφοινίξη
690 768 840 846 τόέίδος.
864 767 951 834 Πίνει
995 786 1062 832 uon
1079 787 1150 834 esse
1165 772 1276 850 qualis
1291 775 1351 834 est.
1367 771 1431 834 Sed
1445 789 1582 852 prorsus
1605 773 1737 836 inutilis

205 874 268 957 γὰρ
283 871 300 936 ό
315 870 513 955 Ἰσραηλίτης
536 874 571 936 τό
594 869 741 955 ἀληθινόν
758 871 851 954 ὕδωρ,
877 871 950 936 οὐδὲ
995 877 1095 954 potus
1118 892 1185 938 non
1201 875 1269 955 fiet,
1285 876 1420 938 temetsi
1436 877 1546 955 prima
1558 875 1667 938 fronte
1682 893 1743 957 per

206 977 282 1060 πρὸς
296 977 331 1040 τό
346 975 427 1051 εἶδος
442 985 498 1060 της
512 974 636 1058 ἀπάτης
654 973 923 1060 ἐπιστρεφόμενος.
997 993 1142 1040 errorem
1170 983 1325 1060 aspectus
1355 977 1428 1058 ejus
1455 979 1620 1042 rubescat.
1651 979 1742 1042 Bibit

996 1082 1087 1144 enim
1118 1082 1271 1145 Israelita
1303 1099 1457 1148 veracem
1488 1098 1622 1162 aquam,
1655 1083 1739 1162 quin

997 1187 1068 1248 ullo
1083 1203 1120 1249 se
1135 1184 1232 1249 modo
1248 1180 1423 1249 convertat
1438 1183 1480 1247 ad
1496 1186 1618 1248 erroris
1641 1203 1742 1266 appa·

996 1290 1152 1352 rentiam.

248 1410 279 1456 v.
296 1394 348 1458 45.
362 1389 601 1471 Ἐξαπέστειλεν
625 1391 668 1469 εἰς
683 1391 796 1468 αὐτοὺς
818 1390 950 1478 κυνόμυ-
1037 1412 1069 1456 v.
1085 1395 1137 1456 45.
1153 1393 1251 1459 Misit
1264 1393 1301 1458 itt
1315 1409 1366 1457 eor
1377 1408 1579 1474 cynompcms
1591 1397 1623 1458 ei
1644 1410 1739 1459 conw-

206 1517 265 1576 ιαν,
280 1499 334 1561 καί
360 1495 540 1582 κατέφαγεν
565 1497 688 1578 αὐτοὺς,
708 1496 763 1560 καί
778 1494 948 1582 βάτραχον,
994 1496 1115 1577 ditior,
1133 1501 1166 1562 et
1177 1513 1303 1577 rotam,
1321 1503 1352 1563 ei
1366 1496 1558 1578 disperdidit
1572 1514 1633 1562 eor.

203 1603 256 1665 καί
271 1600 439 1686 διέφθειρεν
455 1600 576 1678 αότοός.

244 1702 406 1770 Ἐντεῦθεν
420 1703 554 1790 εἰλήφθη
579 1713 623 1790 τῷ
637 1704 794 1791 γράψαντι
809 1707 867 1791 την
883 1704 948 1768 ἐπι·
1038 1706 1119 1770 Inde
1131 1710 1303 1787 receptum
1315 1710 1367 1770 est
1377 1705 1467 1787 apud
1477 1705 1674 1785 scriptorem
1686 1707 1743 1768 Sa·

202 1806 423 1894 γεγραμμένην
445 1808 624 1895 Σολομῶντι
649 1808 779 1894 Σοφίαν,
806 1810 854 1873 ότι
875 1811 948 1886 τοὺς
994 1811 1139 1892 pientiae,
1152 1828 1228 1891 qua
1239 1811 1409 1874 Salomoni
1420 1809 1609 1886 ascribitur,
1618 1811 1742 1891 AEgyp-

202 1909 391 1996 divertitur
421 1910 555 1997 ἀκρίδων
584 1916 649 1979 καί,
662 1923 757 2000 μυιῶν
784 1911 948 1977 ἀπέκτεινε
993 1915 1057 1977 tios
1073 1914 1280 1977 locustarum
1297 1917 1330 1977 et
1344 1930 1480 1977 murum
1503 1912 1670 1976 morsibus
1692 1915 1742 1978 in-

202 2013 360 2102 δηγματα.
377 2015 423 2082 Οὐ
438 2019 503 2102 γάρ
522 2016 614 2103 χρεία
635 2017 760 2082 πολλῶν
779 2015 945 2100 πολεμίων,
993 2021 1174 2098 teremptos
1191 2017 1305 2081 luisse.
1317 2019 1389 2080 Non
1405 2019 1496 2081 enim
1507 2019 1597 2082 Deus
1609 2017 1742 2097 indiget

204 2119 276 2183 οὐδὲ
290 2121 431 2206 μεγάλης
442 2120 602 2207 δυνάμεως
617 2121 806 2206 ἀναιρούσης
821 2122 944 2204 αὐτοὺς,
993 2124 1111 2184 multis
1122 2122 1271 2185 hostiurn
1284 2122 1481 2201 agminibus
1489 2140 1598 2203 neque
1607 2123 1740 2200 ingenti

202 2221 275 2286 ἀλλ’
286 2223 484 2307 ἀπέθνησκον
507 2225 566 2288 ὑπό
579 2227 747 2311 κυνσμυίας
762 2227 816 2290 καί
832 2224 947 2311 βατρά-
991 2228 1117 2289 virtute
1128 2225 1170 2288 ad
1182 2226 1382 2292 excidendos
1397 2243 1463 2305 eos,
1475 2226 1534 2290 sed
1544 2226 1740 2291 ceciderunt

202 2346 268 2412 χυν
284 2327 484 2413 δακνόμενοι·
500 2339 593 2393 τοῦτο
607 2329 669 2413 γάρ
685 2328 778 2412 δηλοί
790 2327 840 2392 τό·
856 2327 947 2392 κατέ·
992 2330 1160 2393 morsibus
1186 2331 1374 2413 cynomyia
1390 2333 1423 2392 et
1449 2347 1626 2392 ranarum:
1650 2330 1740 2411 quod

202 2451 302 2516 φαγεν
314 2433 445 2510 αὐτούς·
460 2435 511 2497 ίνα
526 2433 560 2497 δὲ
572 2432 749 2518 παριστηση
769 2431 786 2496 ὁ
802 2431 895 2516 λόγος
910 2434 946 2495 τό
991 2434 1188 2514 significant
1213 2436 1329 2499 verba:
1345 2438 1377 2498 et
1397 2433 1530 2500 conaedit
1554 2451 1615 2499 eor.
1643 2434 1738 2498 Unde

202 2535 219 2599 ό
235 2534 358 2612 ἀναιδὲς
371 2537 591 2621 caracteris
603 2536 772 2621 κυνόμυιαν
786 2535 945 2621 μάστιγος,
991 2556 1071 2602 vero
1086 2557 1155 2622 prae
1170 2557 1206 2603 se
1221 2555 1332 2602 sermo
1345 2538 1432 2601 terat
1442 2539 1666 2615 ignominiam
1682 2537 1740 2600 tla-

201 2639 257 2704 δύο
279 2639 390 2725 ἀναιδη
407 2640 474 2719 ζῶα
489 2639 641 2706 συνέλαόε
656 2642 711 2705 καί
727 2641 806 2725 όμοῠ
825 2637 946 2725 ὠνόμα-
991 2644 1074 2721 gelli
1089 2661 1150 2725 per
1163 2642 1378 2725 cynomyiam
1390 2642 1538 2722 impacti,
1547 2642 1613 2704 duo
1624 2642 1740 2722 turpia

201 2763 247 2808 σε.
260 2742 306 2808 Σὺ
315 2742 547 2829 δὲέπισήμηναι
559 2745 606 2808 ότι
617 2746 747 2828 τόνπερί
759 2752 819 2809 τῶν
827 2742 946 2828 Αἰγυπ-
991 2747 1152 2810 animalia
1181 2747 1326 2827 sumpsit
1351 2764 1391 2809 ac
1416 2747 1519 2809 simul
1546 2747 1737 2827 appellavit.

202 2844 275 2911 τίυν
292 2846 449 2933 μαστίγων
465 2847 559 2934 λόγον
581 2848 615 2934 όν
636 2849 705 2913 δυσί
727 2847 864 2933 ψαλμοῖς
882 2848 947 2912 ἐπι·
991 2855 1042 2916 Tu
1058 2870 1138 2916 vero
1152 2853 1383 2915 animadverte
1399 2850 1488 2932 quod
1502 2850 1739 2931 Aegyptiorum

202 2950 388 3037 τεμνόμενος
404 2951 538 3032 όΔαυίδ,
554 2961 597 3037 τῷ
611 2973 646 3017 τε
659 2949 882 3038 ἑόδομηκοστῷ
897 2949 946 3016 ἑά
990 2959 1111 3038 plagas
1145 2955 1253 3019 David
1282 2955 1515 3037 perstringens
1552 2955 1587 3016 in
1610 2951 1742 3016 duobus

203 3055 298 3141 δόμῳ,
315 3059 352 3119 ot
368 3059 414 3121 ἔτι
424 3057 458 3121 ἐν
473 3059 563 3143 χερσί
574 3059 630 3134 τάς
645 3056 743 3137 λέξεις
755 3060 879 3143 ἔχομεν,
893 3059 947 3122 καί
991 3062 1141 3142 psalmis,
1168 3059 1203 3124 in
1229 3061 1293 3124 hoc
1319 3059 1571 3141 septuagesimo
1599 3057 1739 3137 psalmo,

203 3169 246 3244 τῷ
258 3159 418 3245 ἑκατοστῷ
429 3161 577 3247 τετάρτῳ,
590 3163 626 3226 οὐ
637 3164 722 3226 κατὰ
729 3161 814 3241 τάξιν
822 3161 945 3241 ἐξέθετο
991 3166 1089 3246 cujus
1104 3184 1173 3247 proe
1184 3165 1341 3228 manibus
1357 3164 1517 3228 lectiones
1529 3166 1694 3240 tenemus,
1707 3164 1741 3222 et

203 3263 329 3346 ταύτας,
353 3267 425 3328 οὔτε
447 3265 552 3342 πάσας
574 3265 727 3352 ὠνόμασε.
749 3266 818 3351 Τὴν
839 3263 946 3351 τρίτην
991 3273 1027 3334 in
1041 3271 1223 3335 centesimo
1235 3273 1366 3350 quarto,
1377 3267 1469 3330 haud
1476 3266 1576 3347 juxta
1587 3264 1738 3328 ordinem

203 3375 279 3451 γοῦν
294 3367 429 3432 ἐνταῦθα
444 3370 498 3433 καί
513 3371 571 3454 την
586 3371 682 3454 ἕκτην
692 3372 747 3434 καί
759 3372 817 3455 την
833 3369 947 3455 ἐνάτην
994 3375 1165 3438 recensuit
1179 3376 1310 3455 plagas,
1326 3389 1437 3454 neque
1454 3387 1570 3434 omnes
1592 3369 1742 3433 uomina-

205 3468 409 3556 ἀπεσιώπησε
432 3471 578 3558 μάστιγα,
602 3472 744 3539 τουτέστι
769 3476 841 3551 τοὺς
863 3473 947 3539 σκνί-
992 3479 1051 3541 vit.
1069 3481 1107 3540 ln
1122 3479 1186 3541 hoc
1202 3479 1310 3555 igitur
1325 3478 1396 3539 loco
1412 3475 1547 3537 tertiam
1564 3477 1597 3536 et
1610 3477 1741 3536 sextam

203 3593 275 3655 πας,
298 3576 354 3652 τὰς
377 3575 567 3660 φλυκταίνας
589 3578 644 3640 καί
665 3580 701 3642 τό
728 3577 856 3654 σκότος·
879 3577 947 3642 ἀντί
993 3588 1026 3648 et
1048 3600 1172 3647 nonam
1195 3583 1330 3646 silentio
1359 3579 1585 3662 praetermisit,
1612 3576 1742 3639 scilicet

204 3678 238 3742 δὲ
254 3679 370 3746 τούτων
392 3678 539 3764 ἐρυσίῦην
562 3681 629 3745 είπε
644 3682 699 3744 καί
721 3680 865 3766 πάχνην·
881 3680 948 3747 ἀνθ’
993 3689 1129 3766 culices,
1144 3687 1298 3766 pustulas
1313 3689 1347 3748 et
1360 3681 1526 3746 tenebrae.
1542 3681 1605 3744 Sed
1619 3681 1740 3743 horum

204 3785 246 3847 ὢν
262 3783 392 3869 μυσίτην
404 3785 425 3870 ἢ
438 3783 573 3871 βροῦχον
584 3787 639 3848 καί
650 3783 804 3870 σκώληκα
819 3787 840 3871 ἢ
853 3787 947 3870 κρόος
993 3795 1066 3856 loco
1078 3788 1444 3869 allegavitrubiginem
1457 3791 1490 3848 et
1500 3785 1668 3866 pruinam.
1677 3785 1740 3846 Pro

202 3886 232 3951 ol
247 3887 349 3952 λοιποί
363 3887 574 3975 ηρμήνευσαν.
589 3889 738 3975 Ἐρυσίὸη
755 3890 789 3956 δέ
805 3892 872 3957 ἐστι
885 3912 944 3956 κα·
992 3896 1116 3978 quibus
1142 3895 1202 3960 alii
1225 3894 1424 3973 interpretes
1446 3892 1586 3952 vertunt
1608 3883 1741 3970 μυσίτην

202 3991 243 4054 κα
258 3989 314 4075 po
336 4012 430 4076 τινας,
446 3991 468 4077 ἡ
483 3994 691 4079 κανναρτώδης
713 3993 815 4080 φθορὰ
830 4004 885 4059 τοῦ
901 3994 945 4059 σί·
992 4004 1046 4066 vel
1055 4001 1274 4078 bruchum,et
1284 4013 1433 4060 vermem
1445 3995 1499 4058 vel
1506 3994 1598 4072 gelu.
1608 3992 1741 4070 Rubigo

202 4115 267 4178 του,
283 4095 304 4180 ἢ
321 4099 356 4160 τὸ
368 4095 548 4177 ἐπικάθιζον
560 4107 624 4176 τοῖς
636 4107 769 4183 καρποῖς
780 4099 956 4185 παχνῶδες-
993 4111 1107 4170 autern
1124 4109 1183 4184 est,
1199 4102 1299 4183 juxta
1321 4099 1484 4182 quosdam
1506 4096 1644 4177 quidem
1668 4096 1742 4175 pul-

203 4201 257 4263 καὶ
273 4200 449 4285 δῑαφθαῖραν
461 4202 582 4280 αὒταῦς·
598 4202 693 4269 Κατὰ
704 4202 739 4268 δέ
749 4225 844 4287 τινας,
859 4202 946 4288 &tri-
993 4229 1093 4276 verea
1115 4207 1257 4292 putredo
1272 4204 1444 4282 frumeuti,
1459 4201 1513 4265 vel
1531 4216 1742 4263 succrescen-

203 4301 256 4380 δας
269 4303 360 4389 γένος
376 4309 483 4390 μικρὸν
499 4309 553 4370 καὶ
575 4307 709 4389 tilleke,
726 4306 841 4372 ανθάὖ
857 4306 946 4393 [390⁰-
993 4321 1043 4380 tes
1066 4313 1232 4378 fructibus
1258 4309 1471 4386 collusiones,
1495 4322 1570 4387 quae
1593 4320 1649 4366 eos
1670 4303 1763 4365 cor?

203 4427 263 4492 λίαν
283 4408 424 4487 Ἀκύλας
445 4408 610 4475 ἐκδέδωκε·
635 4408 701 4475 Καί
722 4431 774 4496 ινα
794 4410 947 4496 μάστιγας
992 4421 1164 4501 rumpunt.
1187 4417 1279 4479 Alios
1294 4429 1374 4476 vcro
1385 4410 1494 4491 juxta,
1510 4425 1620 4486 genus
1635 4406 1739 4487 quod·

126 4559 129 4566 ,
202 4510 380 4597 Ᾱῑναααῑαν
395 4512 584 4600 Ξῦαανααίανς
594 4509 749 4600 Ἑβραίων
764 4513 945 4598 συγκρίνων,
992 4525 1069 4588 darn
1086 4529 1137 4587 est
1152 4524 1358 4585 locustarum
1371 4516 1536 4593 exiguum
1549 4517 1583 4576 et
1594 4518 1739 4574 oontem-

202 4615 350 4704 θαύμαζε
365 4620 412 4684 δα
434 4618 598 4704 Αῑνΰααα
613 4619 669 4703 μὲν
691 4619 778 4702 παρὰ
792 4626 835 4704 τῷ
850 4638 945 4682 πατα-
991 4628 1119 4709 ptibile‚
1135 4643 1195 4706 pro
1210 4640 1278 4705 quo
1290 4621 1413 4703 Aquila
1427 4618 1600 4681 Bruohum
1622 4614 1736 4678 edidit.

203 4731 252 4807 pp
266 4723 404 4808 διψῶσαν,
419 4721 560 4806 Ἐὅναῑκ
575 4721 609 4786 δὲ
624 4721 658 4785 ἐν
673 4732 711 4806 τῇ
727 4720 835 4806 ἐναλίαν)
854 4723 945 4786 αὒαα
992 4736 1042 4798 Tu
1059 4749 1139 4794 vero
1150 4730 1235 4792 mihi
1247 4725 1422 4790 conferens
1434 4723 1554 4805 plagas
1565 4718 1739 4800 aegyptio

203 4839 306 4912 Ρανανν
322 4829 444 4905 oneror.
459 4826 590 4891 Ἒανναν
605 4827 667 4911 γαρ
682 4825 720 4890 ἐκ
731 4833 943 4911 πνευματικῆς
991 4855 1067 4901 rum
1084 4853 1161 4898 curn
1178 4833 1394 4896 Hebraeorum
1409 4823 1593 4903 beneficiis,
1614 4823 1738 4886 mirare

236 5084 263 5124 v.
277 5066 320 5120 to.
333 5066 399 5120 Vnt.
421 5065 447 5134 3,
469 5064 511 5118 12.
532 5061 670 5117 Laurent.
688 5061 768 5132 Plut,
787 5079 814 5131 v,
833 5062 874 5117 14.
894 5060 945 5116 Sa·
990 5061 1090 5126 μυςίτη.
1107 5051 1209 5125 μιξίτη)
1227 5048 1264 5106 cf.
1282 5044 1425 5105 Theodor.
1443 5043 1561 5101 Heraol.
1579 5042 1656 5116 apud
1668 5041 1737 5099 Ocr-

201 5156 291 5229 pient.
314 5169 377 5223 xvr,
401 5153 427 5208 9.
450 5181 483 5193 -
505 5149 550 5206 De
567 5146 683 5204 Brucho
710 5148 757 5205 vel
782 5153 873 5216 μνοίτη
895 5147 943 5220 (al.
990 5130 1666 5212 der.11,tatetuusab.inh.l.rielu.11,228.
