4008 6094
816 467 859 532 IN
882 465 1067 569 PSALinS
1666 469 1709 532 25

176 597 455 689 προσφθόγγεσθαι,
483 600 568 683 aas}
595 601 645 669 ὑπ’
677 602 779 670 αὐτῶν
800 623 922 691 νενικη-
964 606 1124 689 petebant
1146 604 1299 671 hostibus
1323 603 1521 688 objicienda,
1544 608 1710 672 semelae

179 704 280 790 μένος.
296 701 341 772 Ἢ
356 707 509 794 ἐγενόμην
519 710 596 793 πρὸς
606 708 796 788 κακοδόξους
810 707 853 785 dic
865 709 924 774 οὐκ
964 712 1016 776 fui
1044 711 1086 774 ab
1116 711 1198 792 ipsis
1228 715 1417 792 superatus.
1446 711 1507 774 Vel
1536 711 1711 775 malevolis

174 808 308 893 όκοιλοιν,
325 809 389 876 οὐδ’
403 813 486 897 ἔχων
497 812 531 877 όν
545 821 589 898 τῷ
608 811 739 899 στόματί
754 834 812 898 μου
833 810 921 898 ἐλίγ-
964 814 1210 898 coram,sactuo
1225 829 1297 877 sem
1312 817 1475 895 temperem
1487 829 1551 876 ooo
1563 813 1708 893 audiens,

176 933 263 998 χους.
279 912 431 980 Κίνδυνον
445 918 507 1002 γὰρ
523 915 610 1001 φέρει
625 916 778 995 πολλάκις
793 919 828 981 τό
851 916 922 982 δυσ·
962 937 1063 1002 oeque
1084 918 1202 982 laberer
1228 918 1265 982 ia
1291 933 1345 980 ora
1370 933 1436 982 mco
1461 915 1711 998 ννόσνμαίίοκνι.

176 1015 289 1102 piper
311 1018 413 1104 λόγων
435 1019 571 1102 ἀκούειν,
590 1021 645 1084 καί
665 1022 702 1084 τό
723 1019 923 1106 διαλέγεσθαι
963 1023 1157 1088 Periculum
1181 1022 1271 1084 enim
1294 1037 1362 1084 non
1389 1036 1464 1082 raro
1486 1019 1576 1100 parit
1603 1019 1713 1082 detra-

175 1122 246 1205 περὶ
277 1121 507 1207 προδλημιλτιυν
537 1122 747 1210 ὑποκειμένων
781 1123 919 1189 κολάσει.
962 1127 1114 1189 ctionum
1136 1125 1275 1204 auditio,
1292 1129 1326 1188 et
1347 1123 1545 1205 disceptatio
1565 1121 1606 1185 de
1628 1139 1711 1204 prar-

175 1217 222 1288 Ἠ
236 1224 329 1291 τοῦτό
352 1247 456 1312 φησιν,
479 1229 526 1291 ότι
547 1230 586 1292 σὺ
608 1227 790 1310 εἰσακούεις,
814 1227 921 1314 Κύριε,
962 1230 1068 1294 tensis
1091 1230 1291 1293 criminibus
1312 1228 1447 1310 piaculo
1470 1227 1544 1290 erit.
1569 1226 1630 1289 Vel
1649 1227 1712 1291 hoc

175 1328 237 1393 κᾶν
251 1329 315 1413 ἐγὼ
326 1329 460 1414 scopabo
470 1332 547 1416 πρὸς
558 1333 614 1408 τὰς
626 1329 697 1397 κατ’
711 1332 787 1418 ἐμοῦ
803 1332 921 1420 δυσφη·
964 1334 1024 1413 ait,
1047 1334 1130 1414 quia
1151 1338 1190 1396 tu
1214 1333 1364 1412 exaudis,
1381 1332 1533 1412 Domine,
1548 1332 1629 1396 licet
1646 1347 1712 1410 ego

173 1429 257 1517 μίας.
275 1471 316 1482 -
332 1432 390 1498 bre
404 1431 435 1499 τί
450 1419 484 1498 δέ
499 1433 638 1520 γενόμην
652 1445 808 1522 τυιοῦτοςς
964 1437 1202 1502 obsurdescam
1225 1437 1267 1501 ad
1289 1436 1374 1500 mihi
1392 1434 1539 1517 objectae
1553 1434 1708 1501 crimina·

637 1571 640 1577 Δ
962 1541 1081 1605 tiones.
1100 1577 1138 1588 -
1156 1541 1220 1605 Sed
1236 1556 1398 1621 quorsum
1421 1539 1469 1601 ita
1490 1555 1545 1602 me
1560 1537 1687 1602 habuit

215 1659 247 1704 v.
278 1642 329 1706 16.
358 1634 429 1706 Ὀτι
451 1640 502 1705 ἐπί
524 1642 570 1725 σέ,
594 1641 724 1728 ηλπισα,
750 1641 857 1729 Κύριε,
881 1645 920 1710 σὺ
1006 1663 1038 1708 ν.
1056 1647 1106 1709 16.
1126 1646 1281 1722 damiam
1295 1645 1332 1709 io
1347 1647 1388 1722 tc,
1408 1642 1555 1722 Domine,
1570 1642 1710 1724 parre.-

175 1743 356 1830 εἰσακοῦση,
372 1744 608 1830 Κύριε,όΘεός
625 1768 694 1833 μου.
962 1747 1173 1828 όντπααόίεε,
1191 1750 1336 1827 Domine,
1355 1749 1445 1811 Deae
1458 1763 1556 1812 κινακ

216 1847 288 1914 Τῦν
299 1849 464 1932 τοσούτων,
478 1851 564 1934 φησί,
577 1857 686 1915 κακῶν
698 1849 771 1936 μίαν
783 1851 848 1937 lxo
860 1871 919 1916 συ·
1005 1855 1132 1933 Tantis,
1155 1854 1277 1933 inquit,
1301 1853 1337 1916 in
1361 1854 1461 1916 malis
1488 1853 1624 1916 unicam
1652 1852 1709 1915 ha·

172 1950 283 2038 τηρίας
297 1952 419 2038 ἐλπίδα,
443 1955 501 2039 την
523 1953 562 2018 ἐκ
583 1963 641 2018 σοῦ
659 1953 831 2042 γενομίνην
853 1956 919 2021 ἐπι·
960 1957 1025 2022 beo
1047 1974 1141 2038 spem
1165 1957 1295 2036 salutis,
1318 1956 1524 2019 auxiliuma
1546 1960 1579 2019 te
1597 1956 1710 2020 oriun-

171 2055 312 2141 κουρίαν.
328 2050 374 2121 Ἠ
385 2056 477 2121 τοῦτό
492 2077 588 2142 φησι·
611 2058 714 2143 είγόιρ
739 2061 782 2145 μη
798 2058 920 2146 ἤλπισα
961 2060 1054 2124 dum.
1078 2061 1139 2126 Vel
1162 2060 1225 2124 hoc
1248 2061 1305 2123 ait:
1322 2061 1388 2123 nisi
1411 2061 1447 2124 in
1462 2065 1496 2122 te
1511 2045 1715 2142 sperassem,

171 2159 223 2224 ἐπί
237 2162 284 2244 σὲ,
300 2160 435 2246 ἐμαυτόν
457 2161 496 2226 ἂν
517 2161 696 2248 ἠμυνάμην.
718 2160 795 2228 Νυνὶ
817 2163 852 2229 δὲ
872 2186 918 2250 γι-
962 2166 1129 2246 meipsum
1142 2165 1236 2229 ultus
1248 2164 1399 2228 fuissem.
1411 2166 1710 2243 Nuncveroagno-

172 2263 284 2330 νώσκιυ
306 2263 360 2330 τό·
383 2263 436 2350 Μὴ
459 2263 589 2342 ἑαυτοὺς
612 2266 816 2352 ἐκδικοῦντες,
840 2268 918 2355 ἀγα·
960 2287 1017 2334 sco
1029 2270 1124 2333 illud:
1140 2271 1285 2348 «Nolite,
1298 2269 1423 2348 dilecti,
1435 2272 1568 2332 vosmet
1579 2270 1709 2349 ulcisci,

170 2367 283 2454 πητυί·
298 2369 382 2433 ἀλλὰ
401 2368 472 2434 δότε
486 2367 582 2434 τόπον
604 2379 644 2455 τῇ
666 2371 754 2456 όργη.
777 2371 842 2436 Καί
864 2371 918 2438 τό·
960 2372 1117 2438 seddate
1138 2374 1250 2437 locum
1273 2374 1372 2437 irae.»
1397 2374 1441 2436 Et
1463 2373 1564 2436 illud:
1591 2373 1707 2436 «Mihi

169 2470 262 2556 Ἐμοί
291 2471 462 2556 ἐκδίκησις,
490 2472 553 2558 ἐγὼ
579 2472 800 2557 ἀνταποδώσω,
831 2474 917 2562 λέγει
960 2479 1120 2558 vindicta,
1136 2483 1170 2542 et
1192 2495 1257 2557 ego
1279 2475 1475 2555 retribuam,
1492 2476 1575 2540 dicit
1597 2477 1708 2540 Domi·

171 2574 298 2660 Κύριος.
315 2574 489 2661 Ἐγενόμην
508 2575 582 2641 ὡσεί
597 2576 759 2662 ἄνθρωπος
781 2577 918 2666 ἀόσήθη-
960 2601 1062 2646 uus.»
1079 2583 1222 2648 «Factus
1234 2597 1307 2646 eum
1320 2580 1406 2644 erut
1418 2578 1507 2642 Ιιυνιο
1521 2579 1703 2660 derelictos,

170 2699 233 2761 τυς,
249 2681 304 2743 καί
319 2679 378 2745 οὐκ
397 2681 480 2766 ἔχων
502 2679 537 2744 ἐν
559 2678 689 2766 στόματι
711 2683 807 2748 αὑτοῦ
830 2682 918 2770 ἐλέγ-
960 2689 993 2750 et
1011 2703 1076 2750 eoo
1096 2685 1215 2750 Ιιαόειιυ
1228 2686 1266 2749 ia
1283 2701 1336 2750 ore
1349 2701 1407 2748 ruo
1422 2681 1705 2766 redorpetimws.»

169 2803 257 2869 γους.
274 2783 319 2848 Σὺ
336 2783 506 2868 είσακσιλση
529 2783 638 2870 Κύριε,
662 2786 680 2850 δ
703 2784 783 2864 Θεός
799 2809 867 2874 μου,
892 2788 920 2854 εἰ
961 2791 1013 2852 Tu
1036 2806 1119 2868 ergo
1142 2787 1276 2868 exaudi,
1305 2788 1455 2866 Domine,
1483 2788 1574 2850 Deus
1602 2803 1709 2866 meua,

169 2889 225 2952 καί
240 2887 303 2973 ἐγὼ
324 2887 397 2953 ὡσεί
419 2891 534 2974 κυφὸς,
550 2891 609 2955 οὐκ
629 2893 748 2977 ἢκουον
770 2899 831 2958 τῦν
846 2893 919 2958 κατ’
964 2893 1097 2956 etiamsi
1113 2910 1188 2974 ego,
1204 2893 1293 2956 sicut
1305 2890 1439 2970 surdus,
1457 2907 1525 2952 uon
1544 2889 1710 2952 audierim

170 2993 248 3078 ἐμοῦ
278 2993 469 3079 δυσφημιῶν,
500 2996 539 3058 σὺ
570 2996 706 3060 ἄκουσον
736 3005 797 3062 τῦν
827 2996 917 3083 λεγο-
964 3012 1041 3077 quar
1068 3001 1185 3061 contra
1214 3013 1269 3059 me
1298 2995 1451 3058 convicia
1477 2993 1644 3072 feruntur,
1671 2995 1710 3056 tu

172 3089 281 3179 μένυν.
841 3171 845 3179 ,
963 3099 1044 3164 audi
1066 3117 1142 3181 quae
1166 3099 1336 3164 dicuntur.

218 3235 251 3280 v.
271 3217 320 3280 17.
336 3211 409 3281 Ὀτι
424 3217 516 3280 είπα·
532 3215 663 3302 Μήποτε
679 3218 855 3305 ἐπιχαρῦσί
869 3243 922 3307 μοι
1007 3236 1039 3282 v.
1065 3221 1115 3282 17.
1143 3220 1226 3295 Qrcia
1244 3217 1332 3284 diei:
1349 3167 1523 3299 Neqracdo
1537 3233 1710 3300 superpart-

176 3318 206 3383 οἱ
221 3317 328 3404 ἐχθροί
343 3341 413 3405 μου,
427 3322 482 3385 καὶ
497 3320 530 3385 ἐν
545 3329 588 3406 τῷ
611 3321 800 3407 σαλευθῆναι
822 3323 921 3402 πόδας
965 3323 1061 3388 deam
1081 3322 1165 3387 mili
1185 3323 1314 3388 inimici
1335 3323 1408 3401 mci,
1434 3325 1467 3385 εί
1486 3320 1561 3386 dem
1583 3338 1711 3388 coname-

177 3443 247 3506 μου,
263 3421 312 3486 ἐπ’
326 3422 384 3507 ἐμὲ
399 3422 752 3510 ἐμεγαλοδρημόνησαν.
962 3431 1079 3492 centro
1094 3429 1191 3510 pedae
1205 3429 1278 3508 κατ’,
1296 3443 1394 3508 super
1415 3443 1465 3490 me
1478 3441 1595 3508 νκαηκα
1613 3425 1712 3491 locati

962 3535 1048 3597 scca

219 3643 287 3712 Οὐκ
301 3647 411 3732 ἔχουσι
421 3648 483 3732 γὰρ
494 3647 524 3712 τί
539 3649 678 3715 εἴπωσιν,
689 3649 919 3737 Ἐπιχαρησιν.
1006 3636 1079 3700 Non
1102 3635 1229 3699 habent
1251 3634 1341 3698 enim
1357 3633 1447 3714 quod
1463 3632 1587 3696 dicant.
1608 3634 1710 3697 Laeta·

177 3769 229 3815 ται
244 3749 289 3835 δὲ,
305 3752 333 3816 εἰ
349 3751 392 3836 μη
409 3750 533 3838 τύχοιμι
549 3762 603 3817 τοῦ
620 3775 676 3818 σοι,
699 3753 816 3833 ἐλέους,
832 3754 921 3822 Ἀλλ’
963 3741 1093 3804 buntur
1115 3743 1241 3818 autem,
1264 3737 1293 3802 si
1316 3741 1466 3800 tuanen
1493 3734 1588 3799 fruar
1613 3735 1711 3798 mise·

216 3947 364 4009 Burruus
378 3946 415 4010 ιἰι
436 3965 466 4010 ο.
485 3949 535 4010 16.
555 3948 719 4028 ίλιιυπίσνι,
740 3950 862 4031 inquit,
881 3951 920 4016 ίπ
968 3949 1152 4028 loquentur
1162 3962 1289 4023 magna
1300 3948 1417 4008 contra
1428 3960 1482 4006 me
1494 3943 1623 4007 inimici
1635 3945 1712 4007 mei:

175 4036 205 4096 te
225 4035 364 4112 sperari.
380 4036 452 4099 Nisi
468 4037 559 4098 euim
574 4055 760 4118 sperassem
777 4040 812 4101 in
828 4045 871 4120 te,
888 4045 923 4104 et
967 4053 1035 4100 non
1058 4035 1149 4100 enim
1176 4035 1302 4098 habent
1324 4032 1414 4114 quod
1440 4032 1564 4096 dicant.
1591 4033 1712 4096 Statim

176 4121 392 4185 credidissem
415 4125 478 4188 tibi
501 4124 642 4188 dicenti:
666 4126 752 4191 Mili
766 4132 828 4191 etc.
841 4129 922 4192 mei·
967 4129 1083 4188 autem
1106 4129 1146 4187 ut
1167 4123 1388 4205 trepidavere,
1411 4138 1478 4184 non
1494 4120 1613 4200 dicam,
1629 4121 1713 4183 ceci-

174 4226 275 4290 psum
304 4212 424 4290 utique
451 4212 691 4277 vindicassem:
722 4233 813 4279 nunc
842 4233 922 4280 vero
965 4213 1054 4294 dero,
1077 4213 1192 4276 statim
1209 4213 1373 4293 incipient
1388 4209 1588 4291 exprobrare
1612 4212 1646 4272 et
1663 4209 1711 4272 di·

176 4314 303 4360 memor
314 4317 390 4362 sum
405 4303 563 4382 praecepti
580 4304 673 4367 illius
685 4320 752 4385 quo
759 4303 922 4382 jubemur
964 4319 1055 4367 cere:
1079 4302 1181 4365 Vides
1196 4301 1310 4364 hunc?
1331 4301 1417 4363 Ecce
1434 4297 1552 4378 etipse
1568 4296 1711 4377 quidse-

177 4402 321 4450 nonnos
337 4388 426 4468 ipsos
442 4390 622 4471 vindicare,
638 4393 696 4456 sed
712 4392 791 4470 dare
810 4394 922 4456 locum
965 4391 1034 4455 cit?
1056 4393 1100 4454 Et
1121 4408 1199 4453 curn
1215 4389 1286 4452 haec
1300 4387 1428 4465 doceat,
1443 4388 1518 4464 agit
1532 4387 1615 4448 alia:
1634 4402 1711 4449 con·

177 4475 278 4538 ira...
302 4477 377 4555 Ego
399 4479 489 4541 sicut
510 4479 634 4544 surdus
656 4498 724 4544 non
742 4481 921 4545 audiebam
965 4479 1070 4544 traria
1092 4480 1182 4542 enirn
1206 4494 1322 4540 eorum
1350 4493 1426 4558 quur
1452 4474 1557 4553 docet,
1585 4475 1709 4552 agit...

178 4580 245 4644 eos,
257 4565 316 4643 qui
329 4581 382 4628 me
390 4567 668 4631 criminabantur.
677 4569 740 4632 Sed
752 4574 790 4634 tu
799 4572 922 4635 exaudi
967 4570 1061 4632 Beati
1078 4585 1160 4647 ergo
1174 4584 1303 4646 sumus,
1320 4566 1349 4629 si
1364 4563 1461 4628 nulla
1475 4563 1612 4626 omnino
1624 4580 1712 4626 com-

180 4669 220 4714 ea
242 4668 318 4732 quae
341 4654 538 4734 loquuntur.
561 4658 623 4720 ΒΒ.
648 4658 721 4721 687.
965 4659 1069 4722 motio
1092 4659 1128 4720 in
1151 4654 1276 4719 nostris
1290 4653 1432 4736 pedibus
1448 4655 1636 4731 accusatur,
1652 4652 1711 4715 sed

220 4741 368 4804 Rurrrvus
393 4743 431 4807 ia
458 4762 488 4808 ν.
521 4745 571 4813 17.
601 4746 679 4808 Dixi
709 4747 811 4810 etiam
841 4747 921 4810 hoc:
965 4750 1048 4810 sunt
1068 4748 1195 4808 stantes
1210 4760 1312 4823 super
1326 4747 1466 4823 petram,
1482 4737 1517 4802 id
1532 4743 1593 4819 est,
1609 4757 1711 4822 super

177 4830 923 4913 rumcommavebmrcrpedcsucietcouam·
966 4835 1077 4916 ipsum
1099 4834 1282 4897 Dominum
1304 4834 1422 4895 Jesum
1445 4828 1627 4892 Christum.
1645 4829 1708 4892 ΒΒ.

178 4917 237 4980 diu
253 4923 379 4982 stetero
394 4921 582 5003 intrepidus
597 4927 631 4994 et
646 4924 838 5004 immobilis,
854 4941 922 4989 non
967 4924 1041 5004 687,
1066 4923 1139 4986 688.

211 5099 239 5136 v.
254 5081 296 5136 16.
310 5081 377 5138 Vet.
392 5082 433 5152 15,
446 5083 647 5139 consentiente
660 5083 777 5140 Corder.
790 5083 833 5140 ef.
847 5041 923 5142 Deu-
1002 5104 1030 5144 v.
1044 5085 1085 5140 17.
1098 5083 1173 5142 Ibid.
1186 5082 1229 5140 ef.
1241 5082 1350 5140 iterum
1362 5081 1479 5140 Gorder.

174 5173 229 5224 ter.
243 5185 343 5241 mn,
356 5168 399 5225 33.
413 5169 497 5226 Rom
511 5187 566 5240 ιιιι,
580 5171 621 5225 19.
