4020 6098
728 443 772 507 IN
794 441 994 506 PSALMUM
1017 445 1151 509 CXVIII
1656 455 1721 518 259

222 581 342 669 Ἥμεϊς,
357 581 386 648 οἱ
401 583 445 669 μὴ
469 581 603 668 καθαροί
617 591 655 670 τῇ
671 580 796 668 καρδίᾳ,
811 584 866 647 καί
881 583 924 668 μη
1013 585 1090 666 Νοε,
1106 588 1166 668 ηυί
1181 588 1299 654 mundi
1316 590 1414 655 eorde
1431 609 1498 656 nou
1509 612 1639 675 sumus,
1653 614 1715 659 neo

179 685 403 773 μετειληφότες
433 684 609 772 συνείδησιν
637 684 814 772 παρόηοίον
840 687 926 770 ἔχειν
968 688 1133 754 habemus
1158 692 1401 758 oonsoientiam
1427 714 1504 778 qua
1533 699 1577 762 ad
1608 701 1717 764 Deum

180 794 260 877 πρὸς
273 791 355 859 Θεὸν
377 790 563 878 δυναμένην,
587 791 752 878 εὐχόμενοι
766 789 824 854 οὐκ
838 789 927 874 έροῠ-
968 791 1128 857 fiduciam
1158 794 1282 859 habere
1312 800 1426 878 possit,
1457 800 1539 864 dum
1564 819 1711 880 oramus,

179 915 247 981 μεν·
261 891 457 973 ’Λνταπόδος
469 903 512 980 τῷ
523 894 625 979 δούλῳ
637 915 704 960 σου.
720 893 759 960 El
770 896 831 981 γὸιρ
849 893 925 958 ἀπο·
969 896 1108 962 minime
1117 897 1279 964 dicemus:
1290 903 1444 968 Βειικόαι
1454 921 1544 969 servo
1555 909 1655 972 titali
1659 924 1715 970 am

177 997 280 1082 δόσει,
302 997 433 1064 κολάσει
456 998 541 1084 ημᾶς
557 1000 641 1064 κατὰ
662 999 718 1076 τὸς
742 991 872 1082 ἀνομίας
887 995 924 1080 ἡ·
968 1000 998 1061 si
1014 999 1218 1080 retribuerit,
1234 1003 1354 1084 puniet
1368 1022 1428 1070 nos
1451 1005 1552 1086 juxta
1573 1012 1711 1089 peecata

178 1109 254 1187 μῶν.
269 1100 366 1187 Λέγει
384 1103 439 1167 οὖν
454 1101 472 1166 ό
495 1098 570 1188 ἡμῖν
592 1098 820 1186 παραπλησίως
834 1099 926 1184 έλεη-
968 1108 1093 1166 nostra.
1106 1105 1138 1166 Is
1150 1105 1259 1182 igitur
1271 1109 1330 1188 qui
1343 1126 1439 1191 aeque
1451 1128 1490 1174 ao
1503 1127 1563 1174 nos
1575 1113 1712 1174 veniam

178 1203 241 1284 θείς
256 1206 317 1272 ὑπὸ
331 1205 432 1273 Θεοῦ·
455 1203 502 1270 Ob
516 1207 601 1270 κατὸι
616 1207 671 1283 τὸις
693 1201 823 1290 ἀνομίας
836 1203 926 1289 ημῶν
969 1207 1072 1269 aDeo
1086 1213 1287 1274 consecutus
1303 1216 1362 1292 est,
1394 1210 1496 1276 dicit:
1529 1215 1632 1278 «Non
1663 1231 1713 1277 se

179 1308 326 1396 ίποίησεν
341 1309 425 1396 ἡμῖν,
442 1309 514 1374 οὐδέ
535 1311 618 1375 κατὸι
633 1311 691 1387 τὰς
713 1304 868 1394 ἁμαρτίας
890 1305 927 1390 ἡ·
969 1310 1118 1373 eundum
1132 1310 1330 1394 iniquitates
1345 1318 1477 1378 nostras
1491 1316 1581 1396 feeit,
1606 1334 1720 1398 neque

181 1421 247 1499 μων
272 1410 494 1478 ἀνταπέδωκεν
518 1411 603 1498 ημῖν.
627 1408 665 1478 Ὁ
687 1411 723 1476 δέ
749 1406 928 1495 παὸρησίαν
969 1413 1167 1477 secumdum
1183 1422 1319 1496 peooata
1333 1422 1449 1481 nostra
1474 1421 1633 1484 retribuit
1660 1437 1718 1484 no-

180 1517 264 1602 ίχων
286 1517 365 1600 πρὸς
386 1516 440 1580 τὸν
462 1514 553 1597 Θεὸν,
576 1513 730 1594 πεποιθὼς
753 1525 791 1600 τη
813 1513 928 1578 ἑαυτοῦ
970 1516 1057 1579 bis.»
1075 1519 1139 1594 Qui
1154 1535 1233 1582 vero
1247 1517 1407 1584 fiduciam
1420 1522 1522 1586 habet
1536 1523 1579 1587 ad
1594 1525 1717 1602 Deum,

181 1618 369 1704 συνειδήσει,
396 1617 510 1705 φησίν·
535 1617 731 1696 ’Λνταπόδος
755 1627 799 1704 τῷ
826 1618 928 1704 δούλην
971 1622 1188 1685 consolentiae
1201 1639 1272 1686 suae
1288 1623 1445 1705 confisus,
1469 1627 1537 1690 ait:
1563 1623 1719 1692 Ιὸεόντὸαε

186 1744 255 1805 σου,
267 1731 311 1809 τῷ
324 1722 422 1810 μηδὲν
438 1721 523 1802 ἀξιον
537 1720 699 1799 κολάσεως
712 1719 927 1806 πεποιηκέναι.
971 1739 1062 1788 arao
1077 1727 1141 1804 όασ,
1161 1729 1201 1788 ut
1215 1727 1274 1807 qui
1287 1727 1373 1790 nihil
1389 1727 1507 1792 feeerit
1522 1729 1718 1808 castigatio·

182 1820 252 1893 Ἰνα
267 1826 302 1892 δέ
318 1827 361 1911 μη
385 1824 459 1910 δόξη
476 1827 494 1890 ό
513 1826 607 1912 λόγος
628 1826 707 1892 είναι
730 1823 928 1910 ἀλαζονικὸς,
972 1844 1015 1891 ne
1038 1828 1193 1906 dignum.
1215 1832 1343 1896 Verum
1362 1848 1405 1895 ne
1427 1849 1538 1896 sermo
1560 1831 1717 1895 videatur

182 1931 250 2015 ίχει
265 1951 294 1995 τι
309 1929 469 2015 ἀσφαλές·
484 1931 522 1996 ob
536 1932 598 2016 γὰρ
610 1931 714 1996 εἶπεν·
734 1927 930 2006 ’Λνταπόδος
973 1947 1147 2012 arrogans,
1163 1951 1232 2014 prae
1244 1951 1280 1998 so
1298 1933 1364 1998 fert
1377 1937 1556 2000 cautelam.
1572 1935 1671 2000 Haud
1682 1955 1716 2000 e-

154 2037 156 2044 '
183 2053 247 2120 μοι,
270 2033 342 2100 ἀλλ’
356 2032 530 2112 ἀνταπόδος
552 2043 596 2119 τῷ
617 2033 720 2118 δούλιμ
742 2054 809 2114 σου,
833 2033 862 2097 εί
881 2029 927 2111 τίς
973 2035 1046 2097 nim
1068 2034 1171 2100 dixit:
1196 2037 1355 2101 Retribue
1378 2040 1473 2120 mihi,
1496 2040 1556 2104 sed
1577 2040 1718 2105 ασίτόὸασ

184 2137 249 2202 έστι
268 2137 379 2214 δοῦλος
395 2138 459 2218 σὸς,
475 2139 529 2202 καὶ
545 2137 684 2203 δουλεύει
700 2158 760 2202 σοι.
776 2175 817 2186 -
834 2136 880 2204 Τὸ
894 2136 930 2202 δέ
972 2155 1063 2203 servo
1092 2142 1156 2218 tuo,
1191 2139 1371 2206 dummodo
1404 2159 1523 2208 servus
1554 2148 1634 2208 tuus
1661 2145 1716 2224 slt,

182 2240 281 2326 ζηοόν
297 2263 346 2328 με,
362 2243 406 2319 είς
420 2244 474 2306 τὸν
490 2239 647 2326 μέλλοντα
661 2241 776 2328 χρόνον
790 2239 929 2306 έκκλίνει
974 2248 1009 2307 et
1030 2245 1157 2308 serviat
1179 2244 1252 2308 tibi.
1272 2281 1310 2291 —
1328 2246 1426 2326 illud,
1450 2252 1565 2311 autem
1586 2247 1718 2330 virifica

182 2345 219 2410 τὸ
234 2343 312 2430 ζην·
327 2345 387 2409 οὐκ
400 2344 506 2431 οἴομαι
520 2346 581 2430 γὰρ
598 2346 646 2410 ότι
661 2343 702 2422 ὡς
722 2345 785 2431 ἤδη
802 2344 865 2423 ζῶν
880 2343 930 2408 λί-
972 2365 1032 2427 αιε,
1061 2349 1168 2410 vitam
1195 2347 1238 2411 ad
1264 2352 1398 2430 tempus
1425 2349 1581 2414 futurum
1604 2349 1715 2414 refert.

180 2469 229 2535 γει
244 2447 299 2515 τό·
322 2447 426 2534 Ζησόν
442 2447 693 2534 μ’«ἀλλὸίσως
708 2448 857 2536 ἀναφέρει
879 2448 931 2514 ret
973 2451 1047 2514 Non
1062 2451 1154 2515 enim
1180 2451 1326 2517 arbitror
1352 2453 1441 2534 quod
1465 2453 1563 2533 quasi
1586 2452 1722 2534 jamdu-

181 2552 267 2639 ζωὴν
289 2551 451 2639 ἀληθινὴν,
474 2551 545 2618 όθεν
566 2551 698 2638 έπίιγει·
720 2551 786 2620 Καὶ
801 2551 929 2639 φυλάξω
973 2553 1055 2618 dum
1066 2556 1195 2635 vivens,
1211 2555 1303 2620 dicat
1316 2579 1323 2619 :
1337 2556 1468 2639 νόσφ’]όσα
1493 2573 1551 2636 me,
1578 2557 1637 2620 sed
1662 2574 1718 2619 ve-

180 2659 253 2736 τοὺς
267 2655 380 2742 λόγους
394 2677 461 2722 σου.
477 2655 549 2744 zoi]
565 2658 627 2743 γὰρ
650 2656 772 2744 ἀληθὴς
789 2655 810 2742 η
828 2656 929 2743 φυλα-
973 2658 1169 2724 rosimiliter
1180 2660 1215 2723 id
1226 2659 1329 2724 refert
1339 2660 1381 2723 ad
1392 2662 1498 2724 vitam
1510 2679 1636 2741 veram,
1652 2680 1715 2726 un·

186 2763 229 2850 κη
245 2771 302 2829 του
316 2761 422 2848 νόμου.
973 2760 1014 2825 de
1028 2761 1197 2826 addimit
1206 2761 1382 2827 custodiam
1393 2781 1552 2829 σενοιοκεσ
1563 2769 1634 2830 tuos
1644 2789 1654 2826 .·
1671 2766 1720 2828 vi·

973 2870 1009 2928 ta
1024 2866 1115 2929 enim
1130 2881 1212 2928 vera
1228 2871 1279 2930 est
1294 2867 1446 2931 custodia
1462 2868 1561 2947 legis.

227 2988 259 3034 v.
278 2970 329 3036 18.
344 2967 569 3054 ’Λποκόλυψον
584 2970 657 3046 τοὺς
672 2967 851 3056 ὸφθαλμοός
859 2990 929 3055 μου,
1017 2970 1056 3032 V.
1075 2970 1125 3033 18.
1141 2969 1260 3035 Ιὸεσεία
1271 2969 1378 3035 oeulos
1388 2988 1481 3051 oreos,
1496 2975 1528 3037 εί
1542 2971 1721 3040 διασείσασ-

182 3073 238 3138 καί
252 3071 440 3158 κατανοήσω
459 3074 500 3137 τὸ
520 3071 687 3160 θαυμάσια
702 3072 741 3138 ίκ
754 3083 810 3138 τοῦ
832 3071 929 3162 νόμου
973 3072 1008 3137 όν
1021 3071 1192 3138 mirabilia
1206 3071 1243 3140 de
1260 3073 1327 3158 leae
1342 3077 1408 3138 tlte.

185 3197 253 3242 σου.

225 3279 416 3348 Λίσθόινεται
430 3281 448 3344 ό
462 3279 627 3368 προφήτης
650 3280 697 3348 ότι
718 3280 929 3368 ὸπικεκαλυμ-
1014 3282 1122 3344 sensu
1134 3279 1277 3361 percipIt
1287 3280 1451 3361 propheta
1459 3281 1604 3346 nimium
1616 3286 1722 3346 tectos

184 3383 272 3472 μένοι
294 3385 389 3449 αὐτοῦ
411 3385 495 3470 ἦσαν
516 3384 546 3448 οί
568 3382 732 3470 ὀφθαλμοί,
753 3384 846 3452 οἱονεί
866 3388 929 3472 γὸιρ
974 3383 1268 3463 esseooulossuos3
1282 3382 1535 3465 quaedamenim
1548 3388 1644 3469 quasi
1658 3388 1719 3450 im·

186 3487 326 3566 κόκωσις
347 3486 476 3574 γέγονεν
497 3486 572 3574 ἡμῖν
595 3490 666 3572 περί
679 3490 716 3553 τὸ
729 3485 928 3576 ἡγεμονικὸν,
972 3486 1139 3550 becillitas
1147 3485 1244 3549 nobis
1254 3486 1361 3549 indita
1372 3492 1423 3550 est
1433 3487 1470 3550 in
1482 3489 1657 3553 intellectu
1666 3506 1723 3552 no·

182 3593 238 3659 καί
254 3590 356 3679 βλίιόη
373 3590 438 3657 ἀπὸ
459 3599 516 3676 της
538 3589 750 3676 παλαιότητος
764 3599 821 3676 της
843 3592 928 3655 κατὰ
972 3595 1042 3655 stro
1056 3595 1091 3654 et
1112 3590 1267 3672 quadam
1291 3590 1460 3670 aegritudo
1486 3609 1528 3656 ex
1551 3598 1719 3658 vetustate

182 3699 237 3765 τὸν
251 3696 386 3762 παλαιὸν
409 3693 581 3779 ἄνθρωπον,
604 3697 659 3760 καί
680 3695 724 3773 είς
740 3697 823 3761 έστιν
838 3695 855 3760 ὀ
871 3693 928 3780 μό-
972 3696 1015 3758 ab
1030 3695 1170 3775 antiquo
1186 3694 1322 3758 homine
1338 3693 1494 3775 inducta;
1510 3701 1611 3778 atque
1627 3715 1717 3762 unua

183 3821 236 3878 νος
246 3799 365 3884 ταύτην
376 3797 524 3864 ίόισασθαι
535 3797 714 3883 δυνάμενος,
726 3798 743 3864 ὸ
755 3796 858 3885 Λόγος
872 3806 927 3864 τοῦ
973 3802 1007 3862 et
1020 3799 1111 3862 solus
1127 3798 1265 3860 omnino
1284 3801 1348 3878 est,
1364 3799 1424 3880 qui
1451 3799 1719 3866 imbecillitatem

182 3901 284 3972 Θεοῦ·
307 3901 507 3982 ἐξαπέστειλε
528 3902 622 3986 γὸρὸ
645 3899 725 3980 Θεὸς
747 3903 800 3967 τὸν
823 3900 928 3988 Λόγον
972 3902 1100 3968 mederi
1110 3902 1225 3986 possit,
1239 3901 1386 3967 Verbum
1399 3904 1470 3968 Dei.
1490 3906 1610 3969 «Deus
1627 3905 1718 3970 enim

183 4111 337 4181 aetatu
352 4129 393 4174 ex
410 4110 535 4175 fiducia
546 4112 928 4190 innocentem,serrotoo
1016 4113 1206 4174 Aaaaosros
1221 4109 1259 4173 ιἰι
1272 4126 1302 4176 o.
1320 4109 1371 4173 18.
1387 4111 1500 4174 Μυσοί
1509 4111 1664 4175 velamen
1680 4112 1719 4176 il-

183 4221 226 4267 ex
237 4201 412 4267 servitutis
423 4199 533 4262 officio
548 4198 723 4279 subjecit...
748 4201 852 4264 Vltom
864 4200 929 4262 uti·
972 4199 1041 4278 lud,
1065 4200 1155 4281 quod
1177 4215 1245 4262 noo
1268 4199 1437 4261 revelatur
1460 4216 1480 4261 a
1502 4215 1717 4282 quocumque

183 4308 250 4373 que
272 4287 446 4366 observabo,
476 4305 544 4350 non
566 4288 741 4368 presentis
767 4289 928 4368 temporis
973 4287 1050 4368 alio,
1076 4288 1143 4351 nisi
1166 4287 1201 4350 in
1225 4287 1356 4350 Christo
1382 4286 1485 4349 luerit
1507 4293 1718 4352 evacuatum.

182 4385 244 4459 est,
260 4379 318 4444 sed
333 4375 714 4455 significatiosermonIs
727 4376 927 4442 infuturum
973 4378 1162 4439 cumrvero
1192 4392 1373 4439 conversus
1399 4373 1594 4454 hujusmodi
1616 4376 1720 4440 fuerit

182 4485 219 4534 se
234 4473 370 4548 tempus
384 4465 554 4529 extendit..
570 4465 640 4528 Scit
654 4464 744 4528 enim
767 4465 929 4546 propbeta
973 4465 1015 4528 ad
1031 4466 1224 4544 Dominum,
1235 4463 1408 4529 auferetur
1419 4464 1605 4528 velamen...
1617 4464 1719 4529 Medi-

182 4555 318 4638 quando
332 4554 431 4620 beata
444 4553 640 4620 illaetvera
654 4553 843 4618 viventium
858 4553 929 4618 vita
970 4558 1163 4618 cementum
1185 4554 1217 4616 ei
1240 4552 1390 4616 medicus
1415 4550 1719 4632 demonstraverat,

184 4645 239 4710 sit.
974 4642 1031 4706 ille
1047 4640 1088 4704 de
1104 4643 1198 4721 ooelo,
1215 4639 1255 4704 de
1271 4656 1338 4722 quo
1353 4641 1517 4725 seriptum
1533 4646 1600 4706 est:
1624 4642 1722 4706 Misit

972 4729 1104 4796 σενὸααι
1119 4734 1182 4793 eto.

141 4977 144 4982 Ι
183 4907 252 4966 larii
263 4911 294 4964 at
302 4906 450 4964 Ambrosii
459 4905 497 4964 ad
507 4906 665 4978 origenem
673 4903 795 4977 redusit,
805 4923 931 4978 quocum
973 4906 1023 4964 nis
1032 4904 1106 4961 bene
1116 4903 1217 4972 multa
1230 4919 1264 4958 ao
1276 4901 1378 4960 mirari
1396 4902 1476 4958 subit
1493 4903 1570 4960 unde
1586 4904 1676 4961 etiam
1688 4905 1720 4962 in

182 4995 310 5066 fortasse
322 4997 449 5068 pergunt
465 5010 518 5065 per
529 4992 589 5048 alie
600 4989 741 5048 ambobus
757 4993 922 5050 eommunia
974 4991 1106 5052 oonoiliis
1124 5007 1243 5046 oaassm
1254 4989 1299 5046 illi
1310 4990 1369 5048 hae
1380 4988 1416 5045 de
1428 5007 1460 5046 re
1478 4989 1658 5048 secesserint
1678 4992 1723 5048 ef.

217 5100 247 5139 v.
259 5080 302 5138 18.
316 5081 375 5138 Vat
387 5079 430 5135 16.
443 5078 492 5134 Ρο.
508 5095 567 5151 στι,
579 5079 623 5134 90.
637 5077 677 5134 Et
688 5077 806 5150 quidem
818 5078 880 5134 haee
893 5078 931 5137 de
975 5077 1165 5137 Montl'auoon
1176 5076 1209 5132 in
1220 5076 1352 5150 prolegg.
1364 5075 1403 5133 ad
1415 5075 1574 5134 Eusebium
1592 5077 1624 5134 in
1644 5079 1723 5152 psal·

184 5173 306 5244 precato
319 5165 441 5239 origInis
453 5164 608 5240 perspicua
620 5168 697 5237 eunt,
711 5169 749 5238 ot¹
759 5165 818 5224 alia
829 5165 931 5244 Orige-
975 5163 1432 5239 mos‚oep.v11,m.o.,i²etrol
1449 5181 1535 5228 xxm·
1548 5165 1603 5225 ool.
1622 5165 1666 5237 48,
1677 5167 1722 5222 49.
