4036 6090
305 443 366 508 156
966 449 1177 514 ORIGENES

302 605 364 666 και,
375 586 430 650 καί
445 585 552 670 θύραι,
574 586 630 651 καί
644 584 780 671 θυρίδες,
797 587 852 651 καί
867 585 979 668 κιόνες,
995 588 1051 652 καί
1094 589 1325 653 fundamentis
1338 595 1459 653 cratera
1471 589 1607 672 fabrica,
1621 595 1655 655 et
1666 596 1770 674 portae
1782 591 1847 656 ole-

302 690 402 770 στοαί,
425 690 480 754 καί
501 691 576 767 ναός
599 690 654 755 ἀπ’
668 690 771 772 έλέου,
794 692 850 756 καί
876 690 1051 776 θυσιαστη-
1095 695 1244 774 mentiae,
1263 699 1297 758 et
1310 695 1434 759 exedra
1450 701 1483 759 et
1495 697 1583 760 iores
1599 701 1633 759 et
1647 695 1803 760 fenestrae
1816 703 1849 759 et

303 812 379 876 ριον,
397 795 453 858 καί
468 793 712 881 καταπέτασμα,
725 797 780 860 καί
802 794 902 874 πόλις.
918 795 984 860 Καί
999 796 1052 861 ἒπί
1094 797 1261 860 columnae
1281 802 1315 861 et
1337 800 1488 880 porticus
1512 804 1546 862 et
1571 799 1735 862 sacellum
1751 803 1849 863 mise-

302 905 363 982 γῆς
387 897 443 982 μέν
462 897 499 960 οὐ
514 906 577 974 πᾶς
600 898 761 982 ἄνθρωπος
785 898 910 984 ρύστης,
925 900 981 963 καί
992 901 1052 964 οὐκ
1094 901 1248 964 rieurdiae
1269 918 1413 982 sacrum,
1438 905 1472 965 et
1494 902 1604 965 altare
1629 907 1663 965 et
1685 904 1800 965 velum
1816 909 1850 966 et

302 1001 369 1065 ἔστι
394 1000 521 1086 καθαρίι
548 1000 701 1086 ἀλήθεια·
730 1002 815 1067 ἀλλὰ
841 1003 881 1068 δι’
896 1002 1051 1088 έσόπτρου
1094 1004 1225 1068 civitas.
1244 1039 1283 1050 -
1302 1007 1389 1068 Sane
1411 1011 1660 1087 superterram
1677 1023 1777 1069 nemo
1792 1006 1850 1068 ho·

303 1102 447 1188 ἀληθεια,
470 1107 525 1170 καί
540 1105 575 1171 έν
589 1103 764 1192 αἰνίγματι·
779 1106 814 1171 έν
829 1107 973 1191 οὐρανοῖς
996 1109 1051 1172 καί
1095 1109 1228 1172 minum
1245 1109 1440 1190 redemptor
1460 1115 1521 1190 est,
1537 1111 1634 1173 nulla
1649 1111 1774 1174 veritas
1798 1111 1847 1172 iu-

304 1211 347 1274 ῶν
369 1210 490 1296 ἐστινὴ
508 1209 660 1296 βασιλεία,
677 1211 875 1298 έτοιμόζεται
891 1212 983 1298 αὐτη,
1000 1215 1052 1278 ἰνα
1095 1219 1283 1294 temerata,
1307 1214 1369 1277 sed
1391 1215 1518 1278 veritas
1540 1201 1602 1294 per
1623 1215 1800 1294 speculum
1816 1220 1850 1278 et

307 1312 337 1377 οἰ
359 1315 395 1377 τό
415 1315 485 1398 εἰκη
502 1313 676 1400 πολίτευμα
698 1315 826 1400 ἔχοντες
848 1315 883 1381 έν
899 1315 1052 1400 οὐρανοῖς,
1095 1319 1131 1380 in
1148 1319 1350 1398 aenigmate3
1374 1317 1434 1382 sed
1457 1319 1492 1380 in
1509 1319 1603 1381 eoelis
1621 1334 1681 1400 pro
1697 1318 1751 1382 his
1767 1335 1848 1399 quo·

303 1417 404 1504 αὐτην
432 1417 621 1499 θεάσωνται,
648 1417 839 1503 φορέσαντες
864 1420 923 1504 την
946 1417 1053 1485 εἰκόνα
1095 1439 1172 1485 rum
1196 1423 1332 1501 regium
1356 1428 1408 1486 est
1431 1423 1610 1504 palatium,
1634 1422 1708 1502 ipsa
1722 1439 1849 1504 praepa·

302 1532 359 1586 τοῦ
380 1520 584 1607 έπουρανίου·
599 1521 728 1606 έπείπερ
750 1522 803 1587 έπί
817 1531 878 1608 γῆς
894 1521 1051 1608 βλέπομεν
1096 1532 1202 1606 ratur,
1219 1527 1327 1591 uthis
1344 1527 1404 1608 qui
1427 1527 1608 1590 honestum
1631 1527 1770 1590 vivendi
1793 1543 1851 1604 ge·

303 1625 342 1690 δι’
353 1625 509 1711 έσόπτρου
525 1628 580 1692 καί
595 1627 630 1693 έν
644 1625 812 1713 αἰνίγματι,
829 1627 875 1690 διδ
890 1627 945 1690 καί
961 1626 991 1689 εἰ
1006 1647 1052 1702 τις
1096 1647 1162 1693 nus
1188 1630 1335 1710 habent,
1371 1648 1446 1694 eam
1482 1631 1705 1712 contemplari
1733 1630 1851 1710 detur,

302 1729 393 1794 δοκεῖ
404 1728 584 1814 ἒγνυικέναι,
599 1732 703 1808 οῦπιος
718 1731 837 1817 ἔγνωκε
857 1729 899 1806 ὡς
914 1729 963 1795 δεῖ
974 1739 1052 1814 γνῶ·
1096 1732 1277 1797 dummodo
1299 1733 1410 1797 ierant
1432 1735 1627 1812 imaginem
1650 1735 1796 1798 coelestis
1819 1751 1852 1796 e·

302 1854 371 1900 ναι·
386 1833 438 1898 διόι
452 1845 544 1899 τοῦτο
559 1835 594 1900 έν
616 1843 681 1910 τοῖς
696 1835 838 1917 οὐρανοῖς
862 1832 1049 1920 έτοιμασθή-
1096 1837 1288 1917 xemplaris.
1306 1837 1445 1913 Quando
1462 1837 1602 1918 quidem
1618 1838 1654 1900 in
1679 1841 1770 1899 terra
1784 1854 1852 1917 per

303 1959 391 2004 σεται
406 1936 428 2022 ἡ
445 1937 579 2023 ἀλήθεια
593 1949 650 2004 τοῦ
665 1937 758 2006 Θεοῦ.
1010 1922 1013 1930 ’
1095 1941 1273 2022 speculum
1288 1942 1444 2005 videmus
1461 1947 1496 2005 et
1513 1944 1551 2004 iu
1568 1943 1761 2020 aenigmate,
1778 1940 1853 2004 ideo

1096 2045 1152 2108 vel
1167 2045 1197 2108 si
1213 2044 1290 2125 quis
1306 2047 1510 2124 cognovisse
1528 2045 1696 2125 videatur,
1712 2046 1853 2108 minime

1096 2149 1290 2228 cognoscit,
1307 2151 1359 2212 uti
1375 2166 1473 2212 nosse
1489 2153 1629 2230 oportet.
1651 2149 1732 2213 Inde
1749 2147 1851 2213 illud:

1097 2255 1139 2317 Ira
1154 2253 1242 2320 culis
1249 2253 1492 2335 preparabitur
1505 2253 1629 2318 ceurae
1644 2255 1715 2318 Dei.

347 2354 444 2439 Ἐλέη
461 2365 517 2421 τοῦ
539 2353 623 2422 Θεοῦ
638 2353 733 2420 καλεῖ
753 2357 811 2440 την
826 2361 870 2440 τῷ
885 2352 980 2419 Δαυίδ
1003 2353 1054 2418 δο-
1145 2356 1394 2420 Misericordias
1410 2358 1474 2420 Dei
1493 2363 1592 2421 vocat
1614 2359 1775 2436 largitam
1791 2359 1854 2420 Da-

304 2461 412 2527 θεῖσαν
427 2459 628 2546 ἐπαγγελίαν,
645 2458 687 2536 ὡς
697 2459 737 2523 έκ
748 2457 981 2544 φιλανθρωπίας
995 2479 1055 2522 πα·
1097 2459 1169 2524 vidi
1185 2461 1455 2542 promissionem,
1473 2466 1513 2524 ut
1536 2480 1612 2543 quae
1628 2462 1854 2541 benignitatis

304 2564 467 2651 ρέσγεται·
484 2565 600 2649 ᾄσομαι
616 2565 680 2646 οὖν,
705 2562 774 2628 ἀντί
788 2572 845 2626 τοῦ
860 2559 1053 2648 μιμνήσομαι
1097 2582 1223 2628 munus
1240 2569 1299 2627 est.
1320 2565 1458 2629 Cantaba
1476 2582 1570 2645 erg0‚
1582 2583 1642 2646 pro
1655 2565 1855 2629 recordabor

303 2669 421 2753 ταύτης
436 2669 597 2753 διηνεκῶς,
613 2679 705 2733 τοῦτο
725 2669 787 2754 γὰρ
803 2668 847 2745 εἰς
868 2669 982 2754 γενεὰν
996 2668 1052 2731 καί
1098 2687 1183 2748 eam,
1200 2669 1467 2751 inperpetuum,
1487 2671 1522 2734 id
1546 2675 1597 2733 est
1619 2670 1656 2734 ιἰι
1676 2671 1854 2753 antarctic-

302 2773 426 2860 γενεάν·
441 2775 502 2860 οὐχ
518 2773 574 2840 ένα
593 2774 691 2854 έλεον,
708 2776 762 2838 τόν
778 2773 877 2837 αἰῶνα
891 2771 1051 2856 cooperor,
1096 2791 1168 2838 acm
1183 2774 1477 2855 arpocrationem.
1494 2777 1568 2838 Non
1580 2791 1684 2837 unam
1699 2774 1782 2838 dicit
1793 2775 1855 2837 mi·

304 2877 389 2943 ἀλλόι
403 2878 540 2955 πολλοὺς
562 2880 636 2954 τούς
651 2879 705 2941 καί
721 2877 802 2962 μετὰ
817 2877 870 2942 τόν
890 2875 989 2940 αἰῶνα
1005 2874 1055 2938 δο-
1097 2876 1324 2956 serieordiam,
1343 2895 1419 2958 quaa
1443 2879 1478 2941 in
1500 2896 1572 2942 aevo
1592 2878 1708 2942 futura
1723 2881 1778 2959 sit,
1794 2879 1854 2942 sed

304 2979 516 3067 θησομένους·
535 2982 646 3068 ᾄσεται
661 2981 678 3045 ό
694 2982 800 3066 σωτὴρ
817 2981 861 3057 εἰς
876 2982 931 3046 τόν
946 2980 1053 3061 αἰῶνα,
1096 2983 1263 3064 plurimas
1286 2999 1361 3062 quae
1381 2987 1458 3064 post
1478 2985 1643 3047 saeoulum
1668 2983 1850 3047 dabuntur.

305 3086 421 3163 εἰςτὰς
437 3085 492 3151 δύο
513 3087 635 3172 γενεὰς,
651 3089 724 3162 τοὺς
739 3085 774 3164 έξ
793 3085 890 3172 ἐθνῶν
912 3086 967 3150 καί
982 3087 1054 3162 τοὺς
1098 3088 1257 3151 cantabit
1278 3087 1432 3151 Salvator
1447 3089 1483 3150 in
1500 3089 1665 3152 saeoulum
1686 3106 1746 3169 per
1768 3089 1852 3152 duas

305 3190 344 3255 ἐκ
358 3199 539 3276 περιτομῆς,
552 3187 964 3276 ἀπαγγέλλειόσῶτηρτὴν
977 3187 1056 3274 ἀλή-
1098 3192 1201 3255 etiam
1218 3192 1466 3271 generationes,
1486 3209 1588 3255 uuam
1612 3209 1655 3255 ex
1677 3192 1850 3271 gentibus,

306 3292 392 3358 θειαν
403 3304 458 3357 τοῦ
470 3291 564 3374 Θεοῦ,
577 3294 611 3358 ἐν
619 3293 739 3380 σώματι
750 3293 928 3379 γενόμενος,
936 3294 989 3359 διόι
999 3305 1056 3360 τοῦ
1098 3298 1240 3360 alteram
1264 3312 1305 3358 ex
1328 3297 1595 3359 circumcisione.
1613 3296 1767 3360 Salvator
1789 3313 1847 3358 an-

305 3397 462 3483 στόματος
477 3398 584 3463 αὐτοῦ.
601 3398 709 3465 Εἰπὼν
724 3398 759 3463 δέ
772 3401 818 3464 δτι
835 3398 1055 3486 μνησθησομαι
1099 3399 1273 3462 nuntiabit
1288 3401 1466 3462 veritatem
1483 3401 1555 3479 Dei,
1573 3399 1760 3480 incorpore
1776 3417 1853 3462 oon·

305 3510 363 3588 της
377 3501 579 3588 ἐπαγγελίας,
602 3503 714 3588 έπόγει
733 3504 789 3567 καί
815 3503 913 3568 αὐτοῦ
935 3505 976 3568 τὰ
1002 3501 1057 3588 δή·
1099 3505 1222 3567 sistens
1249 3520 1309 3584 per
1335 3520 1371 3568 os
1397 3521 1509 3568 suum.
1531 3504 1619 3567 Dum
1641 3521 1722 3567 vero
1748 3505 1849 3568 dicit:

306 3627 407 3693 ματα·
422 3605 557 3672 δυσὼπει
573 3608 634 3692 γδιρ
649 3609 703 3672 τόν
724 3606 880 3692 δεσπότην
895 3607 917 3672 ἃ
933 3608 1020 3672 εἰπεν
1038 3607 1055 3671 ό
1102 3607 1312 3671 Recordabor
1327 3607 1570 3687 promissionis
1593 3606 1732 3687 subjicit
1746 3607 1852 3688 ipsius

306 3711 397 3789 Θεός.
414 3711 471 3788 Εἰς
482 3713 641 3797 οἰκτιρμόν
651 3714 692 3777 τὰ
703 3712 802 3776 αὐτοῦ
817 3709 947 3797 ῥήματα
961 3730 1057 3795 προσ·
1099 3713 1162 3776 Dei
1181 3714 1302 3777 verba:
1323 3711 1465 3776 flectunt
1486 3713 1579 3776 enim
1601 3713 1784 3776 Dominum
1807 3712 1850 3775 ad

306 3819 474 3905 φερόμενα,
490 3817 673 3904 έπιρέρουσι
686 3829 778 3905 γοῦν·
1099 3817 1367 3881 misericordiam
1383 3818 1486 3881 verba
1502 3835 1578 3898 quae
1590 3818 1680 3880 Deus
1696 3818 1848 3898 protulit.

1036 3977 1041 3988 .
1099 3921 1211 3984 Verba
1223 3921 1332 4000 igitur
1346 3937 1422 4000 qua
1434 3921 1595 4002 pietatem
1608 3922 1760 4000 eliciunt,
1772 3920 1851 3984 sub·
1908 3918 1911 3926 ’

1096 4023 1283 4104 jioiuntur:

349 4125 423 4196 Ὅτι
437 4130 546 4207 είπας·
561 4130 605 4208 εἰς
626 4132 682 4195 τόν
704 4130 803 4196 αἰῶνα
825 4129 913 4208 έλεος
936 4129 1058 4196 οἰκοδο-
1148 4129 1304 4204 (iteratam
1326 4125 1468 4193 crebri:
1488 4130 1531 4192 Ic
1552 4131 1706 4192 eternum
1727 4127 1855 4194 misert-

308 4234 494 4321 μηθήσεται.
511 4274 552 4284 -
568 4233 735 4321 Ὑπέσχου,
758 4234 853 4321 λέγει,
876 4237 936 4322 τὴν
954 4233 1058 4298 τοιαύ-
1100 4231 1210 4296 cordia
1239 4230 1462 4314 certificabitur.
1494 4235 1533 4294 ln
1564 4237 1730 4296 aeteruum
1757 4232 1854 4314 polli-

307 4361 366 4425 την
381 4337 614 4426 φιλανθρωπίαν
629 4340 805 4425 οἰκοδομεῖν
820 4339 864 4416 εἰς
879 4342 933 4404 τόν
948 4339 1057 4404 αἰῶνα.
1101 4337 1190 4399 citus
1219 4353 1264 4414 es,
1294 4337 1417 4415 inquit,
1444 4334 1646 4416 hujusmodi
1668 4337 1858 4400 clementiae

307 4444 374 4511 Καί
395 4445 501 4522 καλῶς
524 4442 704 4530 οἰκοδομίαν
731 4445 798 4508 εἰπε
824 4445 883 4528 τὴν
905 4445 989 4508 κατὰ
1012 4464 1058 4528 μι-
1100 4439 1282 4503 oedlfieium
1306 4441 1343 4503 in
1370 4456 1453 4502 aevo
1477 4458 1553 4503 esse
1577 4458 1790 4504 mansurum.
1813 4441 1858 4503 Et

308 4551 384 4633 κρδν
399 4545 663 4632 τῆς-ἐπαγγελίας
682 4545 822 4630 αὔξησιν.
838 4544 980 4630 Ἠρξατο
996 4545 1057 4630 γὰρ
1100 4545 1226 4626 optime
1238 4543 1421 4608 aedificium
1434 4543 1522 4607 dixit
1538 4561 1613 4608 esse
1626 4545 1715 4607 hane
1725 4545 1856 4626 pollici·

308 4653 342 4732 έξ
356 4652 426 4730 ἑνός
441 4661 498 4716 τοῦ
512 4649 670 4735 Ἀδραόιρη
687 4652 743 4715 καί
765 4647 851 4734 διέόη
868 4650 912 4727 εἰς
927 4651 981 4714 τόν
998 4647 1059 4713 Ἰσ-
1100 4649 1263 4712 tationem
1276 4649 1445 4730 paulatim
1462 4653 1612 4712 auctam.
1626 4651 1814 4729 Incoeperat
1826 4665 1858 4710 e-

308 4757 491 4842 ραηλιτικόν
513 4754 602 4837 λαόν,
618 4754 658 4820 ἔκ
680 4754 792 4819 τούτου
812 4753 856 4831 εἰς
879 4763 985 4819 πᾶσαν
1000 4755 1058 4839 την
1101 4755 1173 4816 uim
1189 4752 1231 4815 ab
1248 4770 1316 4816 uno
1332 4752 1516 4833 Abraham,
1542 4756 1616 4815 tum
1636 4750 1859 4815 transmeavit

309 4859 505 4947 οἰκουμένην.
525 4857 586 4924 Ἠν
608 4861 670 4946 γὰρ
693 4869 750 4924 τοῦ
775 4857 860 4926 Θεοῦ
882 4857 1060 4944 ἐπαγγελία
1102 4857 1144 4922 ad
1160 4856 1293 4940 plebem
1316 4857 1549 4938 Israeliticam,
1566 4857 1608 4920 ab
1631 4857 1692 4920 illa
1716 4856 1759 4918 ad
1781 4855 1857 4918 uni-

309 4967 387 5049 πρδς
401 4965 455 5029 τόν
471 4961 577 5045 Δαυίδ,
600 4963 736 5048 φυλάξαι
758 4964 794 5026 τό
817 4959 943 5049 σπέρμα
962 4963 1060 5030 αὐτοῦ
1101 4973 1238 5026 versum
1260 4963 1386 5026 orbem.
1411 4964 1490 5026 Haec
1518 4963 1609 5025 enim
1633 4965 1705 5025 erat
1727 4960 1788 5024 Dei
1811 4959 1855 5022 ad

312 5069 357 5145 εἰς
373 5070 426 5133 τόν
443 5069 552 5149 αἰῶνα,
568 5067 603 5144 δς
617 5067 684 5133 ἐστι
698 5065 844 5152 Χριστός.
1102 5067 1211 5130 David
1225 5066 1415 5147 promissi0,
1431 5066 1635 5130 servandum
1648 5083 1720 5128 esse
1737 5079 1853 5128 semen

1105 5172 1208 5252 illius,
1226 5171 1317 5252 qnod
1333 5176 1383 5234 est
1400 5169 1565 5233 Christus.
