4006 6090
723 417 767 478 IN
790 417 991 482 PSALMUM
1012 418 1146 481 CXVIII
1651 418 1716 481 285

171 549 334 639 παρέσχεν
357 549 470 618 ἑαυτὸν
491 551 588 618 τόπον
607 551 738 620 ἐκείνου.
763 552 852 621 Ποίει
867 556 921 621 οὖν
965 559 1088 636 locum,
1112 556 1245 622 diabolo
1263 561 1371 620 semet
1385 558 1497 622 tradit.
1521 559 1587 621 Fac
1604 559 1713 636 igitur

172 658 268 722 αὐτόν
283 665 508 742 καταπατῆσαι
522 658 582 722 ὑπὸ
597 667 653 722 τοῦ
676 668 733 723 σοῦ
748 657 854 745 λόγου,
869 679 922 744 γε·
966 679 1045 724 eum
1053 662 1182 724 conteri
1189 660 1254 724 sub
1265 661 1445 742 verbotuo,
1455 663 1622 725 voluntati
1631 679 1715 726 mera

174 760 306 847 νομίνου
321 761 354 826 ἐν
369 771 409 847 τῇ
425 759 605 847 προαιρέσει
620 784 689 849 μου.
967 765 1081 828 iusito.
1689 773 1692 788 '

217 886 249 931 v.
274 868 326 932 85.
354 865 553 952 Διηγήσαντό
578 889 628 952 μοι
651 867 827 954 παράνομοι
849 867 922 934 ἀδο-
1010 887 1042 931 ν.
1057 871 1110 933 85.
1136 871 1365 935 Ncrrcocruat
1391 871 1475 936 milri
1502 871 1611 953 iniqui
1613 870 1717 953 scirt-

173 969 315 1055 λεσχίσς,
331 969 403 1034 ἀλλ’
414 972 473 1034 οὐκ
488 969 529 1048 ὡς
545 970 639 1057 νόμον
655 993 721 1053 σου,
737 972 845 1057 Κύριε.
966 971 1113 1053 lotiones,
1131 973 1187 1038 sed
1198 991 1262 1038 αοα
1276 978 1314 1038 τοι
1328 974 1380 1038 lec
1395 978 1462 1054 tric,
1480 976 1626 1039 Domine.

219 1071 259 1138 Oi
274 1084 336 1139 τῶν
352 1073 538 1158 ἑτεροδόξων
557 1075 748 1160 παρανόμων
762 1077 859 1142 όντων
870 1074 923 1140 λό-
992 1079 1255 1154 .Haeretic0rum
1278 1083 1394 1159 utpote
1422 1080 1618 1160 iniquorum
1649 1096 1716 1144 ser·

172 1198 233 1265 γοι,
249 1179 304 1243 καί
327 1177 487 1264 διηγήσεις
511 1181 613 1244 αὐτῶν
636 1179 820 1267 ἀδολεσχίαι
835 1183 922 1265 εἰσὶν,
969 1197 1087 1245 mones
1103 1188 1137 1245 et
1151 1184 1361 1247 narrationes
1378 1189 1459 1248 sunt
1480 1183 1612 1264 fabula,
1639 1201 1716 1265 quse

173 1284 229 1347 καὶ
251 1282 398 1369 οἰκδαμῦς
421 1282 636 1369 αιγκρίνονται
659 1293 702 1370 τῷ
724 1283 803 1370 θείω
827 1284 921 1372 νόμῳ.
966 1286 1164 1350 nullatenus
1186 1287 1256 1364 legi
1271 1286 1395 1350 dlvinae
1411 1292 1658 1368 comparantur.
1676 1323 1715 1332 -

176 1424 215 1433 —
233 1385 379 1464 Σπανίως
402 1388 464 1473 γὰρ
495 1389 561 1473 ἔχω
592 1388 655 1452 ἀπό
683 1388 765 1457 Θεοῦ
788 1391 865 1474 πρὸς
886 1391 923 1454 τὸ
966 1391 1101 1454 Etenim
1123 1391 1307 1471 pauculum
1322 1409 1343 1453 a
1358 1393 1428 1455 Deo
1450 1391 1576 1455 donum
1600 1392 1712 1472 recepl

174 1492 233 1576 τήν
248 1493 375 1576 γραφήν
390 1489 606 1576 ἐξηγήσασθαι
621 1491 724 1578 χάριν,
747 1491 852 1559 ἄλλων
868 1492 924 1558 όλ-
966 1494 1008 1556 ad
1020 1494 1228 1574 ScrIpturam
1244 1494 1540 1576 interpretandam,
1556 1496 1637 1559 dum
1654 1495 1714 1558 alii

172 1593 235 1672 λως
251 1594 468 1680 ἐξηγουμένων
484 1595 659 1679 αίρετικών,
670 1595 841 1682 Ἰουδαίων,
860 1596 923 1662 ue·
965 1600 1065 1662 aliter
1089 1605 1371 1680 commentantur,
1398 1600 1558 1680 haretici,
1580 1599 1715 1680 ludaei,

173 1710 321 1786 μαριτῦν.
345 1700 411 1767 Καί
426 1700 456 1765 οἱ
470 1702 660 1787 παρανόμως
680 1700 828 1788 βιοῦντες,
844 1702 874 1768 εί
892 1722 924 1767 τι
966 1703 1179 1767 Samaritani.
1201 1706 1245 1768 Et
1270 1705 1330 1785 qui
1352 1703 1502 1785 improbe
1528 1705 1661 1783 vivunt,
1683 1703 1714 1768 si

173 1802 328 1890 λέγουσιν,
344 1802 517 1889 ἀδολεσχία
528 1804 629 1869 ἐστιν·
644 1805 678 1870 ἐν
690 1805 778 1890 ψυχῇ
790 1806 851 1890 γὰρ
864 1824 923 1869 πα-
967 1808 1049 1888 quid
1065 1809 1263 1889 loquuntur,
1279 1809 1408 1890 ineptia
1422 1811 1484 1872 est.
1508 1811 1547 1871 In
1562 1808 1716 1890 improba

175 1907 300 1995 ρανόμιρ
315 1917 403 1986 ποῖος
418 1909 513 1994 λόγος
528 1909 653 1986 εὔτονος
668 1909 690 1994 ἡ
705 1906 875 1996 σωτήριος;
967 1913 1057 1976 enim
1071 1913 1195 1992 anima,
1203 1913 1280 1992 quis
1292 1913 1358 1975 erit
1368 1927 1478 1976 sermo
1489 1917 1579 1976 recte
1590 1929 1715 1976 sonans

492 2041 496 2056 ·
967 2021 1027 2080 aut
1042 2018 1174 2097 spirans
1201 2017 1370 2080 salutem?

218 2136 251 2181 v.
261 2118 314 2201 86,
327 2118 378 2181 87.
392 2114 499 2183 Πᾶσαι
513 2117 547 2180 αί
561 2115 686 2182 ἐντολαί
703 2139 759 2183 σου
772 2116 924 2202 ἀλήθεια·
1011 2140 1042 2183 ν.
1052 2122 1104 2200 86,
1113 2122 1166 2184 87.
1177 2118 1716 2198 omnicmndatcaucatcacia

177 2219 292 2298 ἀδίκως
307 2218 500 2299 κατεδίωξαν
517 2243 565 2307 με,
578 2219 737 2307 βοήθησόν
753 2243 813 2307 μοι.
830 2221 925 2306 Παρόι
959 2225 1051 2306 jaasia
1058 2225 1223 2307 persecreti
1244 2229 1323 2290 mut
1336 2240 1395 2302 mc,
1420 2221 1540 2304 adjura
1554 2240 1612 2285 τοι.
1628 2225 1715 2286 Poo-

177 2323 280 2411 βραχὺ
294 2323 499 2390 συνετέλεσόν
514 2347 552 2411 με
568 2325 602 2393 ἒν
614 2335 653 2410 τῇ
669 2326 722 2410 γῇ,
738 2324 801 2411 ἐγὼ
816 2325 851 2391 δὲ
866 2327 925 2390 οῦκ
968 2331 998 2395 lc
1023 2331 1133 2394 micres
1154 2330 1452 2394 οοοενοιοιοοειναιό
1475 2343 1524 2390 ονε
1546 2327 1583 2390 ia
1610 2330 1710 2406 terro,

174 2427 384 2514 ἐγκατέλιπον
400 2431 457 2506 τόις
473 2429 603 2508 ἐντολάς
619 2451 686 2495 σου.
966 2451 1021 2517 τρο
1034 2437 1143 2498 actem
1156 2449 1219 2496 aaa
1232 2431 1391 2514 dereliqui
1406 2429 1558 2495 madoci
1573 2434 1639 2494 όιιο.

220 2530 372 2604 Διὼκεται
388 2532 517 2610 δικαίως
530 2535 585 2620 μὲν
598 2534 615 2598 ό
627 2535 817 2620 παρανόμως
830 2533 924 2620 βιοὺς,
1010 2541 1031 2602 J
1035 2543 1108 2602 uste
1123 2537 1390 2618 persecuti0nem
1402 2538 1540 2618 patum,
1553 2537 1612 2616 qui
1628 2534 1716 2598 vivit

174 2636 290 2716 ἀδίκως
312 2638 387 2727 8in
408 2637 537 2721 δίκαιος,
562 2639 579 2703 ό
602 2638 790 2724 φιλαλήθης,
813 2637 925 2724 ἐχθρός
967 2645 1094 2724 inique;
1109 2642 1245 2722 injuste,
1265 2641 1294 2705 is
1321 2641 1382 2720 qui
1404 2638 1518 2719 justus
1543 2643 1604 2718 est,
1631 2638 1714 2701 ami·
1783 2705 1786 2711 ,

174 2742 348 2828 ἀνθρώποις
363 2743 542 2828 γενόμενος,
559 2743 610 2807 διὰ
626 2745 685 2828 τὴν
700 2741 861 2826 ἀλήθειαν.
884 2779 922 2789 -
967 2739 1027 2812 cus
1042 2748 1205 2825 veritatis,
1222 2763 1284 2808 nec
1300 2745 1370 2808 nisi
1386 2747 1521 2824 propter
1536 2743 1715 2806 veritatem

176 2844 223 2911 Ob
250 2848 356 2929 τύπος,
384 2847 457 2912 οὐδὲ
484 2845 659 2932 σύμδολον·
683 2857 793 2934 μικροῦ
819 2847 868 2911 δεῖ
888 2847 926 2911 ἐκ
967 2852 1162 2917 hominibus
1187 2850 1329 2913 invisus.
1348 2849 1478 2912 -Non
1509 2845 1633 2925 figura,
1659 2863 1716 2908 nc-

175 2961 231 3016 τοῦ
246 2952 384 3036 διωγμοῦ
407 2951 509 3015 αὐτῶν
536 2950 738 3036 ἐτελεύτησα,
755 2950 827 3015 ἀλλ’
842 2951 925 3036 όμως
967 2977 1034 3040 que
1060 2957 1214 3040 symbola
1235 2957 1316 3019 sunt
1343 2949 1492 3036 [hostesl
1516 2953 1641 3014 Parum
1663 2949 1720 3013 ab
1774 3013 1781 3026 ,

175 3053 349 3120 καῖ’θῦδὲν
372 3075 429 3119 00⁰
444 3054 585 3140 παριδὼν
608 3055 664 3132 τὰς
686 3053 816 3132 ἐντολὰς
838 3053 925 3120 &tiel-
967 3063 1034 3127 fuit
1056 3061 1238 3144 quominus
1254 3076 1296 3121 ex
1322 3059 1464 3121 istorum
1484 3055 1718 3137 persecutione

174 3179 245 3224 πον.
866 3175 869 3188 ·
968 3167 1154 3232 Interircm.
1170 3166 1412 3227 Verumtamen
1433 3162 1468 3223 in
1494 3160 1593 3222 nulla
1603 3175 1640 3223 re
1662 3175 1720 3221 ne·

968 3272 1108 3350 gligens
1124 3266 1284 3332 mandata
1299 3271 1360 3328 tua
1370 3264 1580 3345 praetermisi.

221 3386 252 3430 v.
270 3368 322 3430 88·
338 3363 432 3430 Κατὰ
454 3363 489 3427 τὸ
505 3362 593 3440 ἔλεός
609 3384 667 3428 σου
689 3361 789 3447 (potr
807 3381 855 3448 νε,
871 3363 926 3428 καί
1013 3392 1044 3436 v.
1062 3372 1116 3436 88.
1142 3369 1324 3435 ῦεαααιονι
1349 3366 1605 3434 murmuratam
1630 3370 1721 3431 ινοα

175 3467 305 3554 φυλάξω
321 3470 360 3533 τὰ
376 3467 530 3554 μαρτύρια
544 3476 600 3531 τοῦ
616 3467 770 3554 στόματός
786 3487 852 3533 00⁰·
966 3476 1097 3559 ον’τγγῖσο
1110 3491 1169 3553 mc,
1188 3477 1221 3537 et
1234 3470 1411 3537 estodium
1433 3471 1617 3536 testimonio
1651 3470 1720 3533 oric

969 3582 1029 3647 ici.

221 3690 424 3777 Ζωοποίησόν
448 3711 486 3777 με
509 3691 650 3755 κατὰτὸ
673 3689 762 3769 ἔλεός
785 3712 854 3773 σου,
870 3690 926 3753 καί
1011 3683 1155 3749 Vivifica
1176 3699 1230 3745 me
1252 3678 1439 3743 secundum
1463 3677 1715 3742 miserationem

176 3796 299 3882 ποιήσω
313 3797 355 3860 τόι
377 3795 541 3882 μαρτύρια,
557 3795 619 3858 όσα
636 3795 674 3858 ἐκ
688 3805 744 3859 τοῦ
767 3793 924 3879 στόματός
967 3799 1073 3871 tuam,
1104 3787 1286 3854 etfaciam
1312 3785 1517 3863 testimonia,
1553 3785 1720 3863 quotquot

177 3923 235 3968 σου
250 3899 391 3986 ἐξήλθον.
414 3899 524 3986 Στόμα
546 3899 580 3962 δὲ
603 3898 687 3968 Θεοῦ
703 3899 733 3964 oi
754 3907 924 3984 προρήται,
968 3899 1008 3962 de
1024 3911 1081 3960 ore
1096 3900 1156 3958 tuo
1172 3909 1310 3972 egressa
1323 3893 1413 3954 sunt.
1441 3890 1484 3952 Os
1513 3892 1628 3950 autem
1654 3886 1717 3949 Dei

177 4007 288 4083 οίτινες
303 4001 534 4088 διηκονήσαντο
556 4012 621 4079 τοῖς
649 4001 835 4089 μαρτυρίοις,
857 4010 926 4079 ταῖς
967 4003 1049 4064 sunt
1062 3997 1243 4080 prophetie,
1256 3995 1316 4077 qui
1328 3992 1557 4056 miuisterium
1570 3991 1719 4054 testimo-

176 4109 328 4192 ἐντολαῖς,
350 4117 415 4186 τσῐς
437 4106 654 4193 δικαιώμασιν,
678 4115 744 4185 τοῖς
770 4106 927 4193 προστάγ-
967 4104 1044 4184 niis,
1067 4101 1247 4180 mandatis,
1269 4097 1412 4163 decretis
1427 4095 1552 4159 divinls
1567 4094 1718 4177 praebue-

178 4235 255 4300 μασι
269 4222 324 4277 τοῦ
341 4210 434 4278 Θεοῦ.
969 4213 1062 4273 runt.

221 4339 253 4382 v.
270 4319 322 4382 89.
338 4315 394 4393 Εἰς
409 4317 462 4380 τόν
479 4315 587 4399 αόιῦνα,
604 4314 711 4400 Κύριε,
728 4315 745 4378 δ
760 4314 854 4401 λόγος
867 4335 925 4382 σου
1011 4332 1044 4376 v.
1064 4313 1116 4374 89.
1147 4312 1191 4375 Ia
1215 4315 1379 4387 aternum,
1411 4307 1558 4384 Domino,
1588 4301 1719 4367 cardum

177 4419 315 4508 δαμέντι
329 4419 421 4504 ἐντῷ
437 4419 567 4504 οὐρανῷ.
967 4418 1239 4500 όναοιρσττοοταό
1250 4415 1288 4478 ic
1305 4413 1363 4480 ccl
1382 4459 1390 4474 .

210 4629 238 4667 v.
250 4611 294 4666 85.
308 4609 376 4667 Vat.
388 4607 415 4662 4.
428 4608 453 4662 5.
466 4607 548 4662 locus
565 4606 628 4663 fere
640 4607 743 4664 unicus
757 4614 810 4680 est,
823 4608 855 4666 in
868 4627 926 4682 quo
1001 4625 1030 4664 ν.
1043 4607 1087 4662 88.
1098 4606 1165 4662 Vat.
1178 4606 1204 4660 9.
1223 4604 1265 4658 11.
1278 4599 1401 4674 Expulit
1416 4617 1435 4654 a
1446 4597 1574 4672 Didymo
1587 4612 1640 4651 suo
1658 4595 1721 4650 Ma·

176 4715 240 4756 txx
251 4695 319 4754 voci
330 4697 476 4762 ἀδολεσχία
497 4693 586 4756 telem
600 4710 718 4749 sensum
730 4695 926 4760 adhibuerint.
968 4692 1015 4748 ins
1027 4709 1062 4748 ca
1075 4707 1140 4763 quas
1153 4687 1208 4745 sub
1219 4688 1275 4743 hoc
1286 4686 1404 4742 nomine
1416 4685 1466 4740 hio
1478 4679 1720 4758 profertOorder.

175 4785 281 4841 Palam
292 4781 436 4853 Origenes
456 4780 489 4836 iu
511 4779 639 4834 medium
659 4779 767 4853 prodit,
786 4799 927 4854 suamque
1002 4799 1030 4837 v.
1043 4779 1086 4834 89.
1100 4777 1167 4834 Vat.
1180 4776 1206 4846 5,
1216 4775 1241 4846 9,
1256 4773 1297 4842 11,
1311 4773 1352 4843 16,
1366 4769 1411 4826 ef.
1424 4789 1444 4825 1.
1460 4770 1526 4826 Cor.
1541 4786 1582 4838 ντ,
1595 4767 1630 4821 14
1642 4765 1720 4822 Phil.

175 4870 262 4927 nobis
279 4867 447 4924 catechistas
465 4865 633 4922 cathedram
652 4866 781 4923 ostendit
793 4869 927 4925 hostibus
968 4867 1071 4925 111.10.
1089 4862 1142 4920 Uti
1165 4879 1227 4931 nos,
1249 4857 1378 4915 Maurini
1399 4856 1551 4931 incipiunt,
1574 4853 1626 4911 ssd
1650 4852 1720 4909 defi-

179 4957 338 5012 obsessam.
913 5015 915 5020 ,
968 4954 1050 5010 ciunt
1064 4967 1142 5020 mox,
1163 4947 1233 5003 dum
1253 4945 1403 5018 pergimus
1415 4961 1482 4999 curn
1494 4942 1576 4998 codd.
1599 4940 1719 5011 nostrIs,

211 5063 239 5102 v.
249 5043 293 5112 86,
302 5041 344 5095 81.
356 5041 422 5097 Vct.
433 5039 459 5109 5,
469 5039 513 5094 16.
522 5036 623 5096 SImilc
632 5037 829 5114 aliquidapud
836 5041 926 5116 Apol·
968 5055 1092 5112 quorum
1113 5033 1226 5091 scholia
1247 5031 1407 5088 dilacerata
1434 5029 1591 5086 corderius
1612 5026 1721 5102 partim

178 5129 317 5188 linarium
329 5125 469 5185 corderii·
968 5127 1047 5184 inter
1061 5117 1430 5195 OrigsnsmetDidymum
1447 5133 1587 5192 perverse
1605 5113 1721 5178 dividit,
