3966 6104
377 755 664 954 snuouos
701 842 942 954 rursus
977 842 1473 956 luuxluuuuos

192 1181 561 1263 Pelamestepietolum
573 1181 901 1260 cenonioam,scncti
946 1182 1226 1246 consuetudinem
1249 1182 1385 1246 decreta
1408 1183 1449 1248 de
1471 1184 1598 1266 pescho
1618 1203 1694 1250 sun·

145 1288 313 1372 Martyris,
325 1304 491 1369 quaecum
502 1287 672 1351 similibus
685 1287 725 1350 de
737 1288 900 1368 poeniten·
944 1285 1065 1364 ciendi,
1089 1302 1164 1367 quae
1181 1285 1224 1349 ad
1239 1287 1323 1350 alins
1339 1287 1498 1351 ecclesias
1516 1289 1693 1353 circumie-

147 1394 197 1457 tio
211 1391 398 1456 canonibus
418 1393 449 1454 S.
472 1390 626 1472 Dionysii
645 1391 831 1454 consociari
848 1407 900 1453 so·
944 1389 1116 1452 rebantur.
1136 1391 1252 1470 Operae
1268 1389 1377 1467 igitur
1387 1391 1535 1470 pretium
1548 1397 1608 1471 est,
1624 1391 1692 1454 huc

144 1497 202 1576 let,
231 1499 423 1575 excerptum
440 1510 512 1558 esse
529 1511 570 1556 ex
592 1493 749 1576 pluribus
772 1493 898 1557 libellis
942 1493 1064 1555 saltem
1086 1509 1243 1556 revocare
1268 1498 1464 1574 excerptum
1487 1494 1589 1558 breve
1609 1514 1651 1559 ex
1669 1497 1694 1558 i-

145 1599 200 1662 vel
215 1597 445 1662 sermonibus:
473 1613 554 1660 num
570 1599 691 1661 ultimo
706 1599 828 1676 regule
843 1598 899 1661 od·
943 1601 1048 1676 gnoto
1063 1602 1098 1659 et
1121 1597 1246 1660 emisso
1268 1596 1365 1677 libro,
1382 1597 1507 1677 dequo
1530 1599 1693 1664 hactenus

146 1701 214 1766 buc
225 1702 261 1766 iu
273 1701 387 1765 codice
401 1702 594 1783 Musquensi
607 1703 729 1766 retinet
739 1702 896 1766 titulum:
941 1701 1054 1780 silent,
1074 1701 1134 1781 qui
1150 1699 1190 1762 de
1208 1705 1324 1764 sencto
1345 1702 1541 1766 Potriarobc
1566 1721 1693 1768 senno-

146 1802 186 1868 ἐκ
198 1811 254 1868 τοῦ
269 1801 366 1888 λόγου
386 1803 430 1880 εἰς
445 1804 480 1867 τὸ
496 1801 618 1890 πάσχα.
628 1798 652 1889 ¹)
667 1807 780 1869 Etiam
796 1805 831 1868 id
846 1824 898 1868 ur·
941 1819 1020 1866 nem
1035 1803 1197 1868 iecerunt.
1221 1804 1285 1867 Sed
1300 1821 1343 1867 ne
1360 1821 1447 1868 nova
1470 1822 1530 1870 nos
1555 1809 1693 1872 omnino

146 1909 234 1990 guil,
251 1907 341 1990 quod
355 1906 429 1987 jam
452 1909 606 1973 constitit
624 1926 667 1973 ex
684 1909 808 1973 litteris
826 1905 896 1991 ἑορ-
940 1905 1111 1986 fugerent,
1141 1911 1328 1988 opportune
1351 1909 1502 1973 succedit
1523 1911 1691 1974 scholium
1722 1909 1731 1926 ¹

145 2019 306 2088 τοιστικοῑς
328 2013 445 2092 Magni
464 2013 619 2095 Dionysii
636 2017 726 2076 etex
743 2009 895 2090 ejusdem
940 2010 977 2073 in
992 2010 1162 2088 Genesim,
1178 2009 1267 2091 quod
1290 2010 1387 2075 nobis
1410 2012 1556 2094 praebuit
1569 2017 1689 2094 Regin.

148 2115 239 2179 Petri
263 2133 408 2180 excursu
424 2116 460 2180 in
476 2116 594 2179 lunum
605 2107 710 2197 σπη’)
729 2112 802 2194 jem
822 2114 894 2177 ino·
939 2114 959 2176 7
982 2111 1038 2175 fol.
1063 2113 1116 2176 37.
1139 2114 1254 2176 Primo
1276 2119 1390 2177 cutem
1414 2116 1549 2198 lacinia,
1571 2117 1644 2198 jam
1668 2137 1689 2184 e

145 2220 268 2286 levisse
308 2219 399 2301 apud
431 2219 610 2284 Antistites
648 2209 893 2316 Alexandrinos
938 2217 1036 2282 nobis
1050 2217 1151 2300 edite,
1166 2219 1328 2283 subtilius
1343 2219 1550 2286 redhibetur.

910 2431 934 2493 1.

227 2621 287 2691 Ἐκ
300 2634 357 2691 τοῦ
371 2624 478 2712 λόγου,
492 2634 550 2691 τοῦ
565 2625 609 2703 εἰς
624 2625 661 2690 rb
676 2622 806 2711 Πάσχα.
1123 2629 1503 2710 Ecototiorwposcltcli.

180 2833 238 2887 Oine
249 2833 440 2902 δγτυλδσιςτις
449 2833 512 2902 ἡμῖν
523 2833 767 2900 πσρστηρσυρδνοις
778 2833 895 2900 τοτρδδσ
974 2831 1041 2888 Nou
1052 2830 1250 2905 reprehendet
1264 2849 1320 2888 nos
1338 2832 1492 2906 quispiam,
1504 2838 1640 2906 quartem
1656 2838 1688 2890 eb
1769 2856 1776 2868 =

141 2922 192 2973 κοί
200 2921 380 2988 πυροστισνην,
392 2921 423 2973 δν
434 2922 475 2986 τίς
486 2921 534 2972 ml
545 2921 678 2988 νηοτοδτιν
688 2919 750 2988 ἡμῖν
759 2921 832 2973 κατὰ
842 2935 895 2972 πσ-
938 2923 1054 2974 sertem
1070 2917 1176 2974 feriam
1194 2918 1393 2986 observantes,
1405 2919 1437 2976 iu
1450 2919 1557 2991 quibus
1573 2937 1628 2977 noe
1643 2921 1688 2993 je-

143 3007 251 3074 ρδδοσιν
269 3008 390 3076 ιδλδγυς
405 3008 615 3073 προστέτακται·
636 3007 686 3075 την
704 3007 752 3074 plu
769 3007 893 3074 τετράδα,
935 3004 1041 3077 jnnere
1051 3003 1211 3061 secundnm
1220 3005 1411 3062 traditionem
1420 3023 1486 3062 cnm
1493 3008 1607 3063 ratione
1616 3023 1692 3080 prte-
1723 3027 1728 3036 ·

142 3093 187 3146 δὲ
202 3095 234 3146 τὸ
246 3095 390 3162 γσνδρινον
401 3093 559 3161 συρδουλνον
570 3094 621 3146 ue
633 3093 895 3157 τδν’1ουδσδων,δπῑ
938 3095 1056 3165 ceptum
1068 3097 1122 3163 eet,
1135 3097 1272 3163 quartem
1283 3091 1401 3164 quidem
1412 3099 1533 3167 propter
1551 3093 1658 3150 initum
1670 3112 1690 3151 o

141 3183 176 3246 τῇ
187 3181 319 3247 προδοσίᾳ
330 3183 376 3232 τοδ
388 3179 493 3246 Κυρίου.
505 3179 554 3245 τὴν
567 3180 597 3232 δδ
607 3179 788 3246 memoris,
801 3179 845 3230 διδ
861 3177 894 3231 τὸ
937 3177 960 3236 J
959 3177 1052 3234 udaeis
1064 3177 1220 3233 consilium
1237 3177 1274 3234 de
1287 3177 1455 3251 proditione
1470 3180 1605 3251 Domini;
1623 3197 1690 3236 sex-

142 3266 303 3320 πτπονθίνοιι
313 3264 633 3334 &armipotens
646 3265 895 3332 δδπυροσκὴνχσρ·
938 3269 1002 3319 torn
1019 3268 1127 3333 entem,
1145 3261 1224 3335 qnod
1241 3263 1305 3336 ipse
1322 3281 1377 3338 pro
1401 3265 1487 3321 nobis
1512 3285 1617 3340 pessus
1641 3267 1690 3324 eit.

140 3353 257 3420 ροσλνης
272 3353 384 3420 diripui,
402 3351 447 3406 διδ
458 3351 505 3406 τδν
523 3351 676 3406 δνοστδντα
694 3353 724 3404 δν
741 3351 818 3418 αὐτῇ,
830 3349 896 3418 svp
939 3348 1027 3404 Diem
1045 3364 1115 3405 vero
1133 3347 1320 3405 Dominicum
1337 3351 1451 3408 laetitiae
1470 3351 1548 3408 diem
1566 3353 1690 3424 egimus,

140 3438 204 3492 οδδδ
215 3439 281 3507 γόνυ
293 3439 392 3493 κλίνειν
403 3439 613 3508 metopon.
940 3433 1630 3512 obillumquiineoreeurrexeritrinquonec
1638 3455 1689 3512 ge·

240 3533 244 3550 ·
937 3535 978 3577 nn
990 3519 1109 3593 quidem
1120 3519 1240 3579 flectere
1251 3523 1425 3597 accepimus.

646 3724 688 3786 ll.
711 3724 755 3787 Ιο
779 3718 927 3800 donno,
952 3735 1025 3800 cop.
1051 3718 1080 3799 l,
1103 3736 1137 3783 v.
1159 3721 1213 3786 2⁷.

184 3937 251 4005 Καὶ
265 3937 414 4025 δποίησεν
429 3936 447 4003 ὁ
463 3937 543 4015 Θεὸς
558 3937 612 4003 τδν
627 3933 790 4018 ἄνθρωπον
806 3928 876 3996 κτλ.
978 3932 1068 3996 Deus
1081 3931 1170 4015 sccii
1183 3931 1342 3998 bominem
1357 3939 1419 4000 etc.

188 4041 244 4121 Ὦς
259 4043 299 4109 ἐκ
312 4042 425 4108 τούτου
437 4042 572 4126 εὔδηλον
589 4041 678 4122 εἶναι,
692 4037 740 4102 δτι
755 4036 814 4101 οὐκ
828 4034 892 4099 ἀπὸ
981 4036 1033 4098 Ito
1047 4041 1087 4099 ut
1102 4053 1144 4100 er
1159 4036 1223 4101 hoc
1245 4038 1358 4119 polum
1372 4039 1427 4119 sit,
1444 4056 1523 4104 eum
1546 4056 1614 4103 non
1630 4057 1686 4103 ex·

142 4145 286 4230 συνδδου,
302 4145 345 4225 ὡς
366 4145 517 4232 προδντος
530 4164 615 4221 τινος
636 4140 743 4244 ἐτέρου
765 4142 821 4205 καὶ
835 4137 892 4224 ἀφ’
935 4141 1024 4202 sture
1040 4156 1082 4202 ex
1097 4141 1224 4223 praevio
1239 4145 1419 4222 conventu,
1432 4144 1529 4224 quasi
1542 4143 1688 4225 quodem

141 4247 251 4334 ἐτέρου
265 4250 363 4317 τόπου
374 4248 622 4335 συνεληλυθότος
636 4244 773 4335 γίνεται·
788 4244 816 4312 εἰ
826 4243 889 4334 γὰρ
935 4241 1004 4305 elio
1023 4245 1096 4307 loco
1111 4246 1350 4310 conveniente:
1375 4247 1405 4310 si
1429 4248 1522 4312 enim
1545 4264 1690 4311 conven-

140 4351 271 4432 σύνοδος
292 4355 343 4441 ην,
366 4351 449 4431 τίνος
472 4355 579 4418 ἕνεκεν
601 4352 657 4418 καὶ
679 4345 890 4434 πεποιημένον
934 4351 991 4410 tus
1007 4352 1104 4430 esset,
1125 4367 1186 4413 cur
1210 4366 1288 4414 eum
1303 4349 1431 4416 iactum
1454 4351 1560 4416 fuisse
1582 4353 1687 4434 scrip-

141 4457 308 4544 ἀνεγράφη
322 4454 368 4545 ⁴);
797 4495 800 4500 -
937 4453 1012 4514 tum
1028 4452 1104 4514 est?

176 4648 205 4716 1)
223 4646 340 4704 'litoius
357 4647 499 4722 recipitur
516 4664 555 4705 ex
571 4644 634 4702 cod
652 4641 795 4720 synodali
815 4641 894 4700 Moe·
937 4637 1104 4696 Graecum
1118 4642 1143 4697 1.
1154 4657 1183 4714 p.
1196 4641 1257 4700 561.

141 4732 247 4804 quensi
257 4732 530 4804 42⁶‚etPerieienei
540 4731 758 4804 mesquocum
766 4729 893 4786 eliusex
969 4725 1215 4800 metretum,
1231 4729 1293 4786 512.

139 4817 343 4896 typogrepbeo
350 4819 522 4896 noequenst
528 4818 685 4878 consentit.
690 4816 728 4875 cf.
732 4815 812 4875 Ιυνίο
819 4817 891 4874 licet
970 4814 999 4888 1)
1010 4813 1092 4874 Fert.
1105 4815 1248 4875 adversus
1260 4815 1446 4890 Origenirtu
1458 4817 1578 4876 dictum.
