4020 6098
283 405 348 477 234
943 414 1154 482 ORIGENES

1077 561 1174 624 Nune
1193 575 1273 622 vero
1296 557 1447 640 psalmus
1469 558 1637 641 depromit
1658 556 1824 638 gaudium

1078 681 1120 726 ex
1136 659 1200 726 hao
1215 662 1487 726 manifestatione
1503 667 1712 745 conceptum.

326 783 359 829 v.
378 767 428 830 10.
444 761 578 850 Μήποτε
590 765 700 832 εἴπωσι
711 767 751 832 τὰ
766 765 852 853 ἔθνη·
869 765 937 833 Ποῦ
948 767 1032 832 ἐστὶν
1120 785 1152 829 v.
1171 767 1211 830 10
1226 765 1401 848 Nequando
1414 765 1525 832 ditm
1543 773 1673 850 pentes.-
1702 767 1762 832 Ubi
1775 770 1824 832 eei

283 867 397 947 ῦΘεθς
413 870 525 935 αῦτῦν.
1075 873 1310 936 benenom?

326 971 429 1038 Ἔνθα
443 974 478 1037 τὸ
493 971 561 1039 Ποῦ
579 971 717 1058 λέγεται,
733 973 803 1040 ἐκεῖ
813 975 868 1039 καὶ
884 977 920 1039 τὸ
935 973 1031 1038 abre·
1120 977 1184 1039 Hic
1194 974 1329 1056 dieitur,
1345 971 1409 1056 ιιθί,
1433 977 1504 1040 illio
1519 976 1644 1059 quondo
1664 975 1710 1059 (rb
1725 972 1823 1058 πότε)ι

281 1077 392 1161 τὸμὲν
416 1079 478 1163 γὰρ
500 1077 597 1142 τόπου
620 1077 687 1143 ἐστὶ
709 1081 911 1165 σημαντικὸν,
934 1083 971 1144 τὸ
995 1078 1031 1143 δὲ
1075 1079 1826 1162 baeoveropartioulaloeum‚iliaautemtem-

281 1179 408 1264 χρόνου.
429 1180 469 1247 Εἰ
484 1179 519 1245 δὲ
532 1181 647 1268 χρόνος
668 1183 705 1246 οὐ
725 1179 852 1267 λέγεται
873 1181 924 1245 ἐπὶ
947 1180 1031 1247 Θεοῦ
1075 1201 1139 1266 pus
1153 1185 1278 1262 signat.
1295 1187 1339 1247 At
1353 1186 1382 1249 si
1398 1191 1532 1266 tempus
1547 1184 1588 1248 de
1608 1186 1678 1248 Deo
1692 1201 1762 1248 non
1778 1183 1826 1246 di·

282 1285 430 1369 (ποιητὴς
444 1286 506 1370 γὰρ
520 1285 642 1372 χρόνων
657 1286 764 1369 ἐστὶν),
781 1286 895 1350 οὐκοῦν
906 1285 980 1350 οὐδὲ
994 1286 1030 1349 τὸ
1074 1286 1644 1371 citur(auetorquippete1nporum
1657 1287 1729 1370 est),
1743 1304 1826 1365 ergo

281 1385 351 1454 Ποῦ
366 1387 538 1473 ῥηθήσεται
559 1388 734 1454 ἐπἀῦτοῦ·
757 1389 945 1474 δημιουργὸς
968 1390 1030 1475 γαρ
1074 1393 1270 1480 ιιοιιμιεςίε
1285 1392 1325 1456 de
1346 1393 1419 1474 ipso
1434 1397 1614 1473 quaeretur:
1637 1391 1730 1456 Ubi?
1751 1391 1828 1455 Ete·

280 1494 337 1556 καὶ
352 1492 454 1558 τόπων
470 1492 562 1577 ἐστὶν,
578 1493 644 1578 εἴγε
659 1495 714 1558 καὶ
728 1493 745 1558 θ
759 1492 962 1580 τόποςαῦτθς
972 1501 1030 1576 τῆς
1075 1497 1147 1561 nim
1163 1498 1265 1560 etiam
1278 1498 1429 1560 locorum
1442 1501 1494 1560 est
1505 1495 1667 1575 eonditor,
1680 1496 1783 1558 etiam
1797 1495 1828 1558 si

281 1606 464 1684 σωματικῆς
479 1597 545 1662 ἐστι
560 1598 690 1682 peneus
1073 1601 1232 1665 humanae
1246 1603 1354 1682 ipsius
1370 1604 1500 1664 nsturoe
1515 1601 1610 1664 loeus
1625 1602 1680 1663 sit.

325 1723 357 1768 ν.
376 1705 426 1767 11.
442 1699 480 1768 Ὁ
503 1703 538 1768 δὲ
560 1702 641 1780 Θεθς
662 1700 754 1787 ἡμῶν
779 1700 814 1766 ἐν
834 1708 879 1785 τῷ
906 1699 1029 1785 οὐρανῷ
1117 1724 1149 1768 v.
1170 1706 1220 1769 ll.
1235 1705 1394 1768 Dominus
1408 1708 1515 1768 eutem
1528 1708 1637 1768 αῦειεν
1651 1703 1688 1768 in
1703 1701 1778 1769 colo
1792 1704 1825 1767 et

280 1808 336 1872 καὶ
346 1806 380 1873 ἐν
391 1817 430 1893 τη
442 1817 495 1894 γῇ.
512 1806 624 1872 Πάντα
643 1806 704 1871 ὅσοι
721 1804 873 1891 θίλησεν,
889 1802 1029 1889 ἐποίησε.
1073 1808 1111 1872 ie
1127 1812 1226 1888 rma,
1245 1809 1352 1872 omnio
1367 1823 1569 1890 ρασσιιοιιριιε
1582 1806 1696 1886 uoluit,
1713 1805 1812 1888 serit.

325 1910 372 1977 Οὐ
386 1913 441 1977 τὸν
457 1913 514 1996 μὲν
536 1909 653 1996 Κύριον
669 1909 711 1988 ὡς
732 1910 773 1995 ην
796 1909 829 1974 αἱ
843 1910 949 1993 νοεραὶ
975 1909 1030 1974 καὶ
1117 1914 1311 1992 Dominum,
1327 1914 1379 1977 uti
1395 1917 1477 1994 erat,
1490 1913 1685 1995 spirituales
1701 1917 1736 1976 et
1749 1928 1825 1974 san-

281 2017 369 2101 ἅγιαι
388 2015 534 2102 δυνάμεις
556 2015 756 2081 ἐπίστανται·
777 2016 832 2079 τὸν
855 2014 890 2079 δὲ
913 2013 1030 2098 Κῦριον
1074 2023 1137 2081 etse
1152 2020 1334 2098 potestates
1349 2034 1417 2080 non
1428 2021 1653 2096 cognoscunt:
1669 2015 1825 2079 homines

281 2119 324 2196 ὡς
346 2119 509 2204 ἄνθρωπον
529 2119 717 2206 γινώσκουσι
739 2120 794 2184 καὶ
809 2118 838 2184 οἱ
863 2118 1029 2203 ἄνθρωποι.
1075 2137 1157 2184 vero
1165 2121 1347 2183 Dominum
1357 2121 1409 2182 uti
1423 2120 1595 2183 hominem
1603 2122 1823 2199 cognoscunt.

227 2273 230 2284 .
280 2223 444 2290 Ἐντεῦθεν
465 2223 661 2310 γινώσκομεν
684 2223 731 2288 ῦτι
757 2224 817 2289 ῦσα
845 2223 991 2311 βούλεται
1013 2222 1030 2286 ὁ
1075 2225 1156 2288 Inde
1172 2225 1392 2302 agnoscimus
1408 2225 1498 2305 quod
1514 2224 1826 2305 quaeoumquevult

282 2327 373 2409 Θεὸς,
385 2338 485 2392 ταῦτα
500 2328 554 2391 καὶ
568 2327 709 2394 δύναται·
722 2327 909 2412 πάνταγὰρ,
925 2327 1030 2412 φησὶν,
1075 2329 1177 2406 Deus„
1201 2345 1242 2390 ea
1263 2331 1383 2408 potest.
1410 2327 1524 2392 omia
1549 2329 1645 2408 enim,
1675 2329 1733 2407 ait,
1756 2343 1828 2408 qm

281 2431 469 2517 θίθέλησεν
484 2432 501 2497 θ
516 2431 608 2514 Θεὸς,
631 2428 799 2516 ἐποίησεν·
821 2433 881 2496 οῦκ
902 2432 932 2496 ei
945 2452 974 2495 τι
996 2431 1031 2496 δὲ
1075 2432 1179 2498 voluit
1192 2434 1290 2511 Deus,
1300 2431 1397 2513 feeit.
1417 2434 1490 2496 Non
1506 2436 1621 2495 tamen
1632 2432 1661 2494 si
1673 2431 1755 2512 quid
1767 2448 1824 2512 po-

281 2534 421 2618 δύναται,
444 2544 537 2600 τοῦτο
559 2534 685 2612 πάντως
711 2536 766 2598 καὶ
794 2534 957 2622 βούλεται·
984 2556 1032 2600 νε·
1075 2542 1151 2616 test,
1173 2540 1329 2600 aetutum
1355 2535 1419 2599 hoo
1441 2535 1540 2598 feeit:
1568 2539 1719 2599 mortuos
1750 2536 1824 2616 qui-

281 2645 368 2722 κρῶν
392 2638 447 2722 μὲν
469 2636 641 2702 ἀνάστασιν
664 2637 793 2703 δύναται
814 2649 945 2724 ποιησαι
967 2649 1030 2723 νῦν,
1074 2641 1151 2703 (iem
1166 2644 1279 2722 potest
1292 2641 1456 2704 suscitare
1469 2657 1570 2718 nune,
1582 2638 1719 2702 sednon
1731 2640 1822 2718 vult;

281 2742 319 2805 οὐ
346 2740 492 2827 βούλεται
514 2739 565 2806 δέ·
588 2743 643 2812 καὶ
665 2741 759 2809 πάλιν
781 2743 1030 2829 ἐνανθρωπησαι,
1075 2750 1149 2809 turn
1175 2745 1278 2809 etiam
1295 2762 1413 2808 rursus
1432 2744 1533 2807 homo
1548 2741 1633 2822 fieri,
1649 2742 1739 2823 quod
1755 2760 1823 2806 non

282 2843 353 2909 ἀλλ’
364 2847 401 2910 οῦ
417 2845 571 2932 βούλεται.
1077 2849 1162 2912 vult.

326 2969 358 3014 v.
375 2952 427 3028 13.
443 2949 552 3036 Στθμα
564 2953 683 3038 ἔχουσι,
699 2952 754 3017 καὶ
770 2954 806 3018 οῦ
818 2951 1030 3040 λαλήσουσιν·
1120 2970 1153 3014 ν.
1172 2953 1222 3015 13.
1242 2953 1284 3016 Os
1307 2948 1432 3030 bime,
1450 2953 1481 3015 et
1501 2967 1565 3015 twa
1586 2949 1776 3032 loqmntttm
1798 2967 1829 3013 0-

282 3053 462 3141 θφθαλμοθς
477 3055 596 3141 ἔχουσι,
612 3057 667 3121 καὶ
681 3057 741 3122 οὐκ
755 3057 886 3141 ὄψονται
901 3059 970 3126 κτλ.
1077 3057 1167 3123 culos
1182 3054 1312 3135 Ιιιιθειιθ,
1331 3059 1363 3119 et
1375 3070 1439 3119 αοιι
1451 3052 1632 3120 efflent...

326 3156 373 3224 Ob
388 3159 501 3224 τοῦτὸν
516 3159 659 3244 αἴσθησις
674 3162 729 3225 καὶ
748 3161 963 3248 αἰσθητήριον,
978 3165 1029 3229 οῦ·
1121 3159 1214 3223 Idem
1230 3174 1299 3221 non
1322 3162 1374 3222 est
1395 3176 1515 3222 sensus
1534 3162 1569 3222 et
1589 3157 1758 3223 sentiendi
1773 3176 1824 3222 or-

283 3261 319 3327 δὲ
346 3260 584 3346 trinierobrus
612 3265 667 3328 καὶ
693 3263 851 3349 αἰσθητόν.
878 3266 1031 3352 Αἴσθησις
1076 3280 1217 3342 ganum,
1241 3278 1352 3342 neque
1380 3261 1472 3326 idem
1494 3263 1655 3326 sensibile
1678 3267 1713 3326 et
1738 3262 1827 3344 quod

282 3367 340 3452 μὲν
354 3367 416 3451 γάρ
439 3366 559 3451 ἐστινὴ
583 3367 710 3454 δύναμις
732 3367 804 3435 καθ’
814 3370 855 3454 ἣν
877 3370 1031 3459 εἰώθαμεν
1077 3367 1233 3432 sentitur.
1258 3367 1383 3430 Sensus
1400 3368 1491 3429 enim
1507 3371 1559 3430 est
1580 3366 1724 3430 iaeulias
1747 3384 1829 3449 qua-

281 3469 741 3557 ἀντιλαμθάνεσθαιτῦνθλῦν.
755 3473 968 3561 Αἰσθητηριον
985 3477 1031 3562 δὲ,
1079 3488 1157 3536 curn
1180 3471 1341 3534 materias
1372 3472 1545 3551 percipere
1568 3473 1726 3535 solemus.
1750 3473 1830 3534 Sen-

280 3579 316 3640 τθ
331 3576 465 3661 ῦργανον
479 3577 513 3642 ὲν
530 3579 555 3663 ᾧ
569 3575 753 3662 καθίδρυται
775 3581 867 3664 αῦτη.
884 3580 1032 3665 Αἰσθητι-
1075 3577 1205 3640 sorium
1221 3578 1336 3638 autem
1360 3591 1530 3652 organum
1547 3577 1582 3638 in
1604 3592 1672 3657 quo
1687 3576 1759 3639 haeo
1781 3574 1828 3637 ia·

279 3683 338 3745 κὸν
353 3679 439 3744 δὲτὸ
462 3681 544 3760 ζῶον
565 3685 601 3747 τῦ
624 3681 819 3769 κεκτημένον
842 3685 899 3762 τὰς
918 3684 1030 3770 αἰσθη-
1076 3681 1186 3744 onitas
1202 3678 1336 3742 insidet.
1354 3678 1519 3742 Sensibile
1534 3695 1615 3742 vero
1630 3683 1682 3742 est
1699 3677 1827 3742 animal

280 3805 356 3862 σεις.
371 3784 530 3870 Αῐοθητὸν
552 3786 588 3851 δὲ
608 3788 644 3852 τὸ
666 3789 805 3872 πεφυκὸς
827 3796 896 3866 ταῖς
918 3787 1028 3874 αισθή.
1075 3782 1232 3847 sensibus
1251 3781 1440 3863 praeditum.
1458 3782 1554 3857 Quod
1569 3785 1725 3862 sentitur,
1741 3781 1828 3846 illud

282 3909 368 3954 σεσιν
383 3888 576 3956 ὑποπίπτειν.
599 3890 692 3957 Ἀλλ’
702 3894 762 3978 οὐχ
783 3894 880 3970 οὕτως
895 3893 946 3958 ἐπὶ
969 3903 1031 3960 τῶν
1076 3885 1228 3966 estquod
1241 3885 1280 3947 fit
1292 3888 1331 3947 ut
1346 3885 1444 3949 eadat
1456 3886 1521 3948 sub
1532 3887 1699 3950 sensibus.
1711 3889 1827 3969 Neque

282 3992 436 4059 εἰδώλων·
451 3994 576 4060 πάντων
593 3997 649 4081 μὲν
663 3998 725 4081 γὰρ
745 3996 861 4062 τούτων
877 3996 1031 4082 sonmo.
1075 3991 1124 4054 ita
1140 3993 1191 4052 est
1206 3989 1246 4052 de
1263 3988 1372 4068 idolis,
1388 4005 1464 4070 quse
1488 3989 1645 4053 omnibus
1661 3989 1755 4053 hisce
1771 3990 1826 4054 de

282 4116 351 4160 ται·
368 4096 448 4182 μόνα
463 4098 498 4162 δὲ
512 4100 581 4184 ἔχει
595 4102 636 4165 τὰ
650 4108 712 4165 τῶν
727 4111 865 4186 φυσικῶν
881 4102 1032 4188 aloem.
1075 4095 1278 4158 stituuntur.
1302 4093 1380 4156 Sola
1398 4091 1525 4156 habent
1550 4095 1733 4159 simulacra
1754 4112 1830 4159 sen·

283 4197 356 4284 ρίων
386 4200 561 4287 μιμήματα,
589 4204 654 4268 οῐον
684 4203 865 4291 ὀφθαλμοὺς
887 4208 943 4270 καὶ
965 4207 1032 4270 ὦτα
1075 4213 1177 4260 suum
1193 4196 1425 4277 physicorum,
1446 4197 1563 4277 qualia
1584 4203 1666 4262 sunt
1684 4200 1774 4262 oculi
1796 4203 1830 4262 et

281 4304 338 4369 καὶ
353 4303 440 4389 θῖνας
454 4308 510 4370 καὶ
525 4308 566 4371 τὰ
581 4307 663 4394 ἐξης.
1076 4317 1176 4364 aures
1194 4302 1228 4362 et
1243 4316 1342 4362 nares
1354 4307 1417 4363 eto.

326 4428 359 4473 v.
378 4411 427 4474 19.
450 4407 490 4475 Οἱ
512 4410 700 4498 φοβούμενοι
721 4415 774 4479 τὸν
796 4411 923 4499 Πθριον,
939 4414 1031 4501 θλπι-
1121 4421 1153 4466 V·
1176 4405 1226 4468 19·
1254 4404 1316 4479 11111
1339 4404 1452 4468 1111111111
1472 4405 1655 4486 1111111111,
1682 4423 1827 4487 11111111·

283 4533 343 4578 σειν
365 4513 417 4578 ἐπὶ
438 4511 573 4599 Κύριον·
589 4513 703 4601 βοηθὸς
720 4519 776 4582 καὶ
797 4507 1031 4604 {impubem-hg
1077 4511 1158 4572 root
1171 4507 1404 4588 ieDominum,
1422 4508 1763 4591 aujotontproector
1780 4529 1828 4576 eo-

284 4617 387 4682 αὐτῶν
401 4616 496 4684 ἐστιν.
1075 4615 1226 4677 rameri.

328 4720 383 4787 Ἐν
400 4723 455 4807 μὲν
471 4727 600 4808 romb(
615 4723 785 4811 πολεμίους
797 4735 887 4813 μαχῇ
902 4729 956 4793 τὸν
967 4725 1032 4793 Κῦ.
1119 4717 1204 4779 Nam
1228 4716 1263 4778 111
1286 4716 1412 4796 praeliis
1430 4717 1691 4800 01111111081111118,
1710 4721 1819 4784 Deum

284 4847 350 4911 ριον
379 4826 496 4912 ἔχομεν
525 4826 650 4914 βοηθὸν,
681 4829 716 4894 ὲν
746 4830 781 4895 δὲ
812 4839 876 4909 τοῖς
906 4830 1031 4910 οἰκείοις
1075 4819 1240 4884 habemus
1262 4818 1469 4901 adjutorem
1492 4821 1528 4885 in
1543 4824 1684 4904 privatis
1706 4827 1821 4888 autem

318 5065 346 5105 ν.
361 5049 402 5103 10.
415 5049 521 5118 Vati,
536 5050 577 5104 14.
1114 5069 1142 5110 v.
1157 5053 1200 5108 13.
1212 5053 1281 5110 Vat.
1294 5052 1319 5121 5,
1334 5053 1375 5122 12,
1389 5054 1430 5108 16.

318 5150 346 5192 v.
361 5136 402 5190 11.
416 5135 483 5192 Vat.
495 5135 522 5206 1,
536 5137 578 5206 14,
592 5137 634 5191 lo.
1111 5156 1139 5198 ν.
1153 5141 1195 5197 19.
1208 5139 1275 5198 Vat.
1288 5139 1315 5194 4.
