4036 6090
300 421 340 480 90
852 467 853 470 ,
985 423 1195 486 ORIGENES

296 558 342 633 εἰς
356 559 410 622 τὸν
431 557 582 643 οἰιρανόν;
602 556 673 624 όθεν
687 559 749 642 γάρ
772 558 915 642 εἰσῆλθεν
934 559 978 636 εἰς
993 562 1046 624 τόν
1089 568 1166 627 tuo:
1196 563 1277 638 Quis
1300 565 1453 629 ascendit
1476 567 1510 628 in
1533 569 1680 631 ooelum?
1695 571 1745 634 Ex
1768 588 1835 652 quo

296 661 415 748 κόσμον
436 662 453 727 ό
475 661 620 746 θάνατος,
643 664 763 730 ἐκεῖθεν
789 663 955 743 έξώκισται
979 665 1047 750 μεθ’
1090 669 1181 730 enim
1198 669 1340 731 intravit
1354 685 1444 732 mors
1460 655 1495 732 in
1518 672 1695 752 mundum,
1716 674 1836 737 exinde

296 765 372 830 όλυυ
387 765 605 852 κατεχομένου
620 777 675 833 τοῦ
696 767 901 855 αἰχμαλώτου
917 767 977 832 ὑπὸ
992 778 1048 833 τοῦ
1087 769 1199 832 sedem
1214 769 1315 832 habet
1322 789 1400 833 oum
1412 789 1625 856 quocumque
1633 779 1766 856 captivo
1773 778 1837 840 sub

295 869 448 936 θανάτου·
473 869 594 955 κατέθη
621 871 672 936 διά
698 881 753 937 τοῦ
775 871 895 950 πάθους
921 872 965 948 εἰς
987 875 1046 958 την
1088 877 1196 936 morte
1227 875 1378 955 posito.»
1411 877 1591 942 Descendit
1624 885 1739 943 eutem
1777 899 1836 962 per

264 985 271 1002 ·
296 973 435 1041 άθυσσον
446 976 583 1060 ταύτην·
598 975 647 1060 ἐφ’
659 976 683 1060 ip
695 997 730 1040 τε
744 984 933 1060 συναγαγεῖν
945 975 1047 1061 ἑαυτῷ
1090 979 1281 1058 passionem
1297 980 1333 1042 in
1356 980 1516 1062 abyssum
1533 983 1637 1063 illam,
1660 989 1701 1046 ut
1721 1003 1836 1048 secum

295 1080 391 1146 πάλιν
405 1080 456 1144 έπί
470 1081 512 1145 τά
534 1081 599 1144 άνω
616 1082 670 1146 τὸν
694 1078 816 1166 βύθιον·
836 1091 937 1145 ταῦτα
952 1081 1046 1165 γάρὸ
1088 1101 1208 1146 rursus
1224 1085 1402 1162 colligeret
1414 1085 1620 1168 immersum,
1632 1088 1675 1150 ad
1686 1091 1836 1169 superio·

296 1185 472 1263 ἀπόστολος
488 1185 660 1271 διεσάφησε
684 1184 752 1271 μετ’
767 1183 937 1270 ἀκριόείας,
962 1185 1047 1249 ἀλλα
1088 1203 1126 1250 ra
1141 1187 1308 1250 reducem.
1325 1188 1405 1250 Haeo
1421 1206 1567 1270 namque
1583 1193 1762 1272 Apostolus
1779 1208 1834 1254 ex-

295 1308 330 1352 τε
341 1289 446 1355 πολλὰ
457 1291 529 1375 περὶ
540 1290 658 1355 τούτων
670 1288 774 1372 εἰπών,
789 1290 866 1374 φησί
878 1292 932 1354 καί
943 1298 1046 1353 τοῦτο·
1086 1291 1207 1370 plicuit
1229 1297 1395 1372 accurate,
1422 1311 1501 1356 cum
1531 1296 1619 1357 inter
1646 1297 1756 1358 multa
1789 1295 1837 1358 di-

295 1393 401 1478 ιῖισπερ
416 1395 450 1461 έν
464 1403 508 1480 τῷ
522 1393 639 1481 Ἀδάμ.
653 1395 768 1472 πάντες
791 1392 1044 1479 ἀποθνήσκομεν,
1088 1395 1141 1456 xit
1154 1385 1257 1457 illdd:
1277 1417 1294 1455 ‹<
1307 1397 1402 1459 Sicut
1417 1398 1453 1459 in
1469 1397 1576 1461 Adam
1595 1415 1710 1461 omncs
1732 1401 1833 1461 mori-

296 1499 388 1580 οὕτω,
405 1499 459 1562 καί
474 1501 515 1564 τά
530 1498 612 1584 έξης.
629 1499 686 1564 Διά
703 1503 739 1564 τό
754 1497 897 1584 γενέσθαι
909 1500 967 1583 τὴν
983 1498 1047 1563 ἐπι·
1087 1513 1174 1574 mur,
1191 1499 1240 1559 ita
1256 1499 1291 1560 in
1307 1499 1438 1563 Christo
1451 1518 1567 1565 omnes
1579 1503 1727 1565 vivimus
1740 1507 1802 1566 eto.
1818 1524 1836 1561 ι)

187 1647 190 1652 -
295 1600 436 1686 γραφήν·
462 1601 556 1687 Ὑπὲρ
582 1613 644 1669 τῶν
669 1603 742 1668 υἱῶν
765 1602 880 1687 Ἀδάμ,
903 1605 958 1667 καί
981 1611 1046 1668 τῶν
1089 1605 1255 1681 Respeotu
1281 1603 1323 1666 ad
1346 1592 1601 1686 inscriptionem
1624 1608 1729 1688 Super
1740 1607 1838 1689 filios

296 1704 426 1790 πρώτων
456 1705 779 1792 αἰχμαλωτισθέντων,
818 1709 870 1772 διὰ
900 1708 958 1792 την
987 1716 1046 1793 της
1089 1705 1193 1768 Adam
1205 1709 1237 1768 et
1245 1723 1342 1786 sapor
1353 1709 1485 1788 priores
1496 1711 1646 1790 captiuos,
1661 1712 1704 1774 ob
1715 1711 1839 1774 factam

296 1813 413 1894 σαρκός
434 1811 614 1898 οἰκονομίαν
635 1823 692 1877 τοῦ
710 1810 839 1896 Κορέου,
857 1811 964 1898 θύουσι
985 1814 1046 1898 την
1090 1810 1125 1871 in
1149 1826 1251 1872 carne
1278 1811 1400 1874 Christi
1428 1814 1651 1894 oeconimiam,
1678 1815 1839 1879 obturant

295 1911 555 2000 ἀκοηνἙθραῖοι,
571 1918 626 1981 καὶ
641 1918 700 2002 την
711 1916 889 2002 ἐπιγραφὴν
900 1918 937 1982 οὐ
948 1937 1044 2000 προσ·
1087 1916 1213 1976 auresJ
1215 1914 1313 1994 ndaei,
1320 1932 1430 1997 neque
1437 1899 1645 1998 epigraphen
1653 1920 1835 2000 accipiunt.

295 2016 453 2102 δέχονται.

339 2141 370 2184 v.
387 2123 418 2185 4.
434 2119 471 2186 ‘0
488 2121 577 2204 Θεὸς,
594 2120 686 2206 ῥῦσαί
702 2143 740 2207 με
762 2123 801 2188 ἐκ
815 2125 920 2208 χειρός
944 2123 1044 2209 άμαρ-
1133 2124 1481 2205 ταλαιπωροῖτο
1492 2123 1529 2189 da
1539 2127 1834 2207 micpeccatoris,

296 2223 416 2288 τωλοῦ·
438 2225 477 2290 ἐκ
500 2228 605 2311 χειρός
627 2237 882 2313 παρανομοῦντος
903 2230 959 2292 καί
981 2212 1058 2292 dir-¹
1088 2227 1126 2292 dc
1140 2243 1240 2291 οιαιιιι
1255 2232 1366 2293 contro
1380 2229 1479 2311 lupam
1493 2230 1621 2311 affecto
1635 2234 1666 2293 ct
1679 2231 1797 2311 iniqui.

233 2355 235 2360 ·
296 2339 434 2406 κοῦντος.

340 2435 420 2518 Χείρ
440 2433 675 2522 άμαρτωλοῠ,η
700 2437 900 2524 άμαρτητικη
923 2436 1043 2522 πρᾶξις.
1152 2440 1272 2504 Manus
1287 2440 1472 2520 peccatoris
1488 2442 1539 2504 est
1550 2443 1646 2504 actus
1657 2441 1827 2520 peccandi.

249 2525 252 2534 ’
287 2539 434 2606 Ἀἰτεῖδέ
458 2540 537 2625 μηδὲ
560 2543 644 2605 κατὰ
667 2545 765 2607 ποσὸν
785 2545 865 2627 αὐτῇ
888 2542 1044 2625 ἐνεργεῖν·
1087 2545 1176 2607 Petit
1191 2551 1305 2608 autem
1321 2550 1361 2607 ut
1376 2561 1418 2607 ne
1433 2546 1607 2608 tantillum
1623 2562 1701 2607 cum
1714 2563 1835 2609 eama-

295 2644 407 2709 σκόπει
418 2645 453 2709 δέ
465 2645 492 2709 εἰ
504 2644 538 2710 έν
549 2645 632 2711 έστιν
644 2644 847 2731 ὑποκείμενος
859 2645 1045 2731 ἁμαρτωλός
1087 2667 1135 2713 nu
1169 2654 1336 2730 operetur.
1364 2649 1545 2713 Considera
1572 2654 1687 2712 autem
1719 2656 1835 2714 utrum

294 2750 350 2812 καί
364 2749 472 2828 ἄδικος
487 2752 542 2814 καί
556 2750 748 2835 παράνομος.
761 2748 857 2814 Δοκεῖ
869 2752 931 2835 γάρ
943 2750 1043 2834 ἁμαρ·
1074 2751 1196 2815 ‘unum
1209 2754 1366 2834 idemque
1379 2753 1569 2834 subjectum
1582 2755 1627 2818 sit
1636 2759 1791 2835 peccator
1803 2760 1837 2818 et

293 2851 393 2929 τωλός
420 2853 437 2918 ό
460 2853 576 2920 ἀδικῶν
598 2855 653 2918 καὶ
674 2853 873 2939 παράνομος·
894 2856 921 2919 εἰ
944 2855 978 2918 δὲ
1001 2856 1042 2919 τά
1087 2858 1185 2919 exlex
1201 2861 1235 2919 et
1258 2858 1410 2938 iniquus:
1426 2857 1563 2920 videtur
1579 2859 1668 2920 enim
1682 2863 1836 2939 peccator

294 2955 367 3041 τρία
381 2958 476 3042 δηλοῖ
485 2961 541 3040 τόν
555 2957 711 3042 διάθολον,
727 2957 821 3044 Ιγεῖρα
836 2957 974 3043 ληπτέον
990 2960 1043 3024 αἰ»
1087 2961 1189 3022 etiam
1207 2962 1295 3039 legis
1311 2961 1471 3024 inimicus
1487 2965 1521 3023 et
1535 2963 1675 3042 iniquus
1691 2979 1773 3026 esse.
1798 2963 1833 3025 Si

295 3071 351 3125 τοῦ
369 3064 428 3147 τὴν
452 3063 530 3146 όσην
546 3066 771 3148 στρατιωτικὴν
787 3065 883 3127 αὐτοῦ
898 3063 1042 3150 δύναμιν·
1086 3069 1201 3127 autem
1228 3066 1300 3128 haec
1325 3067 1392 3128 tria
1420 3066 1599 3130 Diabolum
1627 3067 1835 3147 significant,

144 3169 150 3192 '
242 3205 244 3210 ,
296 3163 447 3249 ρυσθῆναι
467 3163 571 3233 τοίνυν
597 3167 630 3246 έξ
653 3167 840 3252 ἀκαθάρτων
859 3168 1044 3254 πνευμάτων
1086 3187 1208 3234 manus
1220 3169 1293 3249 ejus
1309 3171 1508 3252 accipienda
1523 3176 1575 3236 est
1590 3174 1686 3253 quasi
1702 3189 1762 3252 pro
1777 3171 1834 3234 ho·

295 3271 384 3352 αἰτεῖ,
401 3271 460 3335 ὑπὸ
471 3272 530 3354 τὴν
542 3273 695 3355 κραταιάν
706 3281 800 3356 χεῖρα
810 3271 976 3356 γενόμενος
988 3282 1044 3338 τοῦ
1086 3275 1156 3338 stili
1169 3273 1243 3354 ejus
1256 3275 1395 3338 virtute.
1408 3277 1497 3338 Petit
1512 3278 1626 3358 itaque
1638 3277 1680 3339 ab
1692 3277 1837 3338 immun-

296 3372 389 3453 Θεοῦ,
405 3373 509 3458 ἀφής
524 3375 624 3452 οὐδεὶς
639 3375 779 3459 ἁρπάσαι
794 3374 970 3460 δυνήσεται.
1087 3376 1139 3440 dia
1154 3377 1330 3457 spiritibus
1346 3377 1494 3457 libcrari,
1509 3381 1574 3443 sub
1589 3380 1717 3461 potenti
1732 3397 1836 3442 manu

488 3511 492 3520 ·
1086 3478 1147 3540 Dei
1176 3480 1391 3559 constitutus,
1419 3498 1461 3543 ex
1487 3498 1555 3563 qua
1582 3499 1680 3545 nemo
1707 3483 1836 3564 eripere

1085 3581 1220 3661 poterit.

338 3709 370 3753 ν.
402 3691 451 3752 11.
476 3686 648 3773 Λέγοντες·
670 3688 708 3755 Ὁ
735 3689 816 3768 Θεὸς
838 3688 1043 3774 ἐγκατέλιπεν
1133 3688 1533 3754 v.11.otcentes.·oeos
1555 3689 1730 3771 dereliquit
1750 3707 1832 3768 eam,

300 3794 403 3874 αὐτόν,
433 3792 649 3873 καταδιώξατε
675 3796 729 3859 καῖ
762 3793 959 3860 καταλάθετε
989 3796 1043 3859 co
1081 3793 1328 3874 persequimini,
1344 3795 1375 3856 ct
1390 3793 1638 3874 comprehendite
1651 3811 1731 3857 cam.

291 3893 358 3961 τόν.

339 4000 465 4080 Ταύτας
491 4003 548 4080 τὰς
578 4005 683 4088 φωνάς
721 4001 875 4087 τέθεικεν,
907 4003 949 4082 ὡς
979 4004 1041 4069 ἀπό
1129 4005 1198 4065 Has
1214 4019 1313 4066 voces
1329 4004 1512 4084 proposuit,
1529 4007 1605 4066 uta
1626 4001 1836 4068 daemonibus

295 4104 449 4191 δαιμόνων
474 4105 648 4192 λεγομένας
670 4107 721 4171 iul
743 4115 807 4183 τοῖς
834 4107 1042 4193 έγκαταλειφ·
1087 4107 1218 4170 elicitas
1233 4107 1395 4170 adversus
1411 4106 1598 4185 derelictos,
1614 4123 1690 4186 quae
1706 4123 1774 4169 non
1790 4107 1835 4170 ef·

295 4211 399 4292 θεῖσιν,
417 4212 454 4275 αἰ
464 4225 545 4288 τινες
557 4212 616 4275 οὐκ
627 4211 665 4276 ἂν
681 4210 871 4296 ἐρρήθησαν,
888 4213 915 4275 εἰ
931 4213 973 4297 μὴ
990 4211 1041 4296 έγ·
1084 4210 1280 4290 futirentur,
1307 4211 1373 4304 nisi
1396 4211 1608 4298 desereretur
1629 4210 1740 4273 homo.
1769 4215 1833 4275 Ha·

295 4313 512 4400 κατελείφθηό
525 4315 916 4401 ἀνθρωπος.“Εχομενγόιρ
927 4316 960 4381 ἐν
972 4325 1040 4394 ταῖς
1085 4315 1205 4379 bernus
1220 4315 1312 4377 enim
1328 4315 1364 4377 in
1381 4317 1512 4392 Regum
1528 4314 1614 4378 libro
1635 4314 1725 4396 quod
1746 4316 1837 4378 Deus

295 4417 485 4501 Βασιλεέαις,
502 4420 548 4483 ότι
563 4418 680 4504 Κύριος
703 4418 825 4504 ἀπέστη
841 4419 904 4485 ἀπὸ
920 4421 1038 4505 Σαοὺλ,
1089 4420 1228 4483 recessit
1250 4437 1270 4482 a
1294 4421 1405 4499 Saule,
1429 4424 1463 4480 et
1484 4420 1624 4500 spiritus
1647 4437 1794 4500 nequam
1817 4439 1838 4482 a

295 4523 350 4586 καί
375 4531 498 4607 πνεῦμα
520 4525 658 4607 πονηρόν
681 4525 769 4608 παρά
794 4522 914 4608 Κυρίου
936 4526 1042 4611 ἔπειγε
1088 4525 1231 4588 Domino
1247 4525 1340 4588 Sauli
1363 4523 1487 4587 missus
1510 4528 1571 4587 est.
1595 4525 1659 4588 Sed
1681 4525 1837 4605 quamvis

294 4629 349 4692 τόν
364 4625 482 4691 Σαούλ·
498 4627 571 4691 ἀλλ’
582 4628 609 4692 εἰ
624 4629 679 4693 καὶ
692 4628 792 4696 ταῦτά
808 4649 901 4714 φασιν
917 4630 1040 4714 ἐκεῖνοι,
1084 4631 1156 4693 haec
1180 4629 1345 4692 daemonia
1370 4629 1564 4709 loquantur,
1595 4630 1644 4692 ait
1666 4647 1707 4691 ex
1736 4645 1834 4710 opere

295 4732 390 4815 φησὶν
403 4732 459 4796 καὶ
474 4731 574 4816 ἔργῳ·
589 4731 643 4817 Μὴ
660 4731 842 4798 ἐπιθῶνται·
863 4735 906 4820 μη
924 4736 1043 4819 μακρθ-
1085 4735 1174 4816 ipso:
1192 4737 1231 4796 ln
1247 4751 1302 4798 me
1317 4750 1360 4795 ne
1384 4734 1585 4814 irrumpant,
1608 4738 1646 4796 tu
1667 4733 1737 4796 noli
1759 4749 1834 4813 pro-

297 4855 352 4918 νης
378 4844 434 4899 τοῦ
464 4835 558 4902 πάλιν
588 4838 647 4921 την
675 4839 735 4923 σὴν
760 4847 944 4923 προσνεῖμαι
967 4825 1041 4923 βοη-
1084 4839 1271 4902 crastinare
1286 4839 1411 4900 iterum
1434 4843 1594 4918 praestare
1617 4839 1715 4901 tunm
1739 4837 1834 4900 auxi-

295 4939 391 5005 θειαν.
525 4953 528 4962 ’
1085 4945 1181 5006 lium.

330 5161 358 5202 ν.
371 5145 397 5200 4.
410 5145 477 5204 Vat.
490 5148 517 5202 a.
1120 5164 1149 5204 ν.
1162 5148 1206 5204 11.
1217 5147 1284 5206 Vat.
1298 5149 1323 5215 5,
1337 5149 1380 5204 16.
