4036 6090
836 429 879 490 IN
901 429 1088 496 PSALMOS
1677 432 1739 495 147

188 569 244 633 τὸν
259 565 292 646 ἐξ
306 565 402 632 ἐθνῶν
417 567 502 630 κατὰ
517 569 552 631 τύ
575 563 739 651 εἰρημένον
755 565 815 630 ύπύ
830 561 938 649 Ζαχα-
982 571 1056 629 ctus
1072 569 1123 628 est
1138 583 1199 648 per
1214 565 1325 631 fidem.
1343 567 1658 649 Significatunempe
1677 585 1734 649 po-

192 667 260 754 ρίου
275 680 331 735 τοῦ
342 669 522 755 προφήτου·
538 667 663 754 Ἐκείνη
676 677 716 753 τῇ
727 665 832 754 ήμέρμ
842 688 939 730 κατοι-
983 668 1103 748 pulum
1116 670 1331 746 exgentibus
1343 669 1734 750 conflatum‚secundum

189 774 354 858 φεύξονται
368 775 420 839 έπί
441 776 494 839 τὸν
517 772 634 858 Κύριον
656 772 730 858 έθνη
747 771 861 853 πολλὰ,
884 773 940 835 καί
984 771 1156 852 prophetis
1178 773 1349 838 Zachariae
1372 776 1565 838 oraculum:
1592 777 1662 838 «In
1684 775 1739 839 die

177 877 314 948 έσοντιιι
331 879 416 963 αὐτῷ
432 878 475 956 εἰς
491 877 579 943 λαόν.
986 877 1047 938 ilia
1058 875 1259 954 confugient
1270 877 1313 940 cd
1325 879 1507 942 Dominum
1521 884 1642 956 gentes
1653 881 1740 942 mul·

606 1044 608 1050 ,
985 983 1039 1058 tae,
1058 984 1091 1041 et
1106 983 1207 1042 erunt
1223 981 1287 1061 ipsi
1304 981 1339 1044 iu
1354 983 1561 1062 populum.»

234 1104 267 1150 ν.
286 1086 316 1149 8.
333 1083 440 1164 Δεῖξον
465 1083 552 1170 ήμῐν,
574 1083 683 1168 Κύριε,
706 1085 742 1148 τὸ
764 1080 852 1160 έλεύς
874 1103 942 1165 σου,
1030 1103 1062 1148 v.
1078 1087 1108 1148 8.
1129 1085 1261 1151 Ostemte
1274 1085 1374 1166 κούίε,
1392 1088 1537 1166 Domine,
1556 1087 1738 1152 misericor·

188 1189 244 1252 καί
259 1190 296 1253 τὸ
312 1188 467 1274 σωτήριόν
482 1210 538 1254 σου
555 1188 639 1274 δῲης
653 1186 739 1273 ήμίν.
987 1187 1075 1252 emm
1090 1193 1189 1268 tuem,
1208 1193 1240 1254 et
1253 1191 1399 1256 celetem
1414 1195 1506 1255 eccm
1516 1189 1558 1254 de
1572 1191 1671 1256 νιυύίν.

231 1291 279 1358 Ού
295 1291 388 1378 μένον
404 1297 421 1358 ὸ
437 1293 622 1378 ἐλεούμενος
637 1293 696 1378 δρᾷ
711 1292 764 1357 τύν
780 1290 939 1376 δεικνύμε-
1028 1293 1102 1357 Non
1118 1294 1216 1357 modo
1243 1295 1303 1376 qui
1328 1295 1595 1359 misericordiam
1622 1313 1737 1360 conse-

187 1419 241 1464 νον
267 1399 352 1483 αὐτῷ
378 1397 468 1464 έλεον
498 1397 561 1462 ἀπὸ
592 1395 686 1477 Θεοῦ,
714 1395 800 1460 ἀλλὰ
828 1394 938 1481 πολλῷ
982 1398 1109 1478 quitur,
1136 1403 1306 1462 ostensam
1328 1400 1438 1462 cernit
1468 1399 1735 1464 misericordiam

188 1501 309 1589 μᾶλλον
324 1502 342 1565 δ
357 1501 566 1588 ρωτιζύμενος
581 1502 625 1578 εἰς
640 1509 754 1586 γνῦοιν
765 1509 820 1564 τοῦ
835 1497 937 1581 ἐλέου,
986 1503 1133 1582 Domini,
1149 1502 1207 1566 sed
1223 1504 1331 1566 multo
1347 1502 1469 1582 magis,
1490 1504 1551 1584 qui
1567 1505 1739 1568 illumina·

188 1608 270 1672 ὥστε
297 1607 337 1671 ἂν
358 1606 475 1670 εἰπεῖν·
492 1603 608 1670 Ἔλεον
623 1605 678 1668 καί
700 1601 801 1688 κρίσιν
824 1603 942 1690 ᾄσομαί
985 1608 1042 1668 tus
1058 1607 1161 1670 estin
1177 1608 1409 1685 cognitionem
1433 1607 1683 1687 misericordiae,
1699 1613 1739 1672 ut

186 1733 246 1793 σοι,
262 1709 369 1796 Κύριε.
385 1709 452 1775 Νῦν
466 1707 575 1786 ἑνικῶς
590 1711 626 1773 τὸ
649 1707 805 1793 σωτήριον
820 1707 842 1793 ή
868 1707 941 1793 ἀρε·
985 1708 1100 1788 dicere
1118 1711 1240 1790 possit:
1271 1710 1566 1775 «Misericordiam
1593 1715 1628 1774 ct
1648 1711 1740 1792 judi-

186 1814 226 1900 τή
242 1817 319 1898 έστι,
335 1815 372 1878 τύ
386 1811 542 1898 σωτήριον
556 1822 611 1878 τοῦ
628 1811 711 1878 Θεοῦ
727 1813 744 1876 b
760 1811 906 1896 Χριστός.
985 1813 1077 1876 cium
1093 1814 1238 1878 cantabo
1253 1814 1326 1894 tibi,
1343 1815 1495 1878 Domine.
1513 1835 1531 1874 ν
1550 1815 1647 1878 Nunc
1662 1832 1737 1896 pro-

984 1918 1057 1998 prie
1082 1918 1231 1983 salutare
1258 1921 1368 1984 virtus
1398 1925 1459 2000 est,
1485 1921 1635 1984 salutare
1662 1923 1735 2002 Dei,

964 2021 1167 2086 Christus?
1718 2079 1720 2092 .

230 2151 262 2196 ν.
280 2132 311 2196 9.
326 2122 399 2196 Ὀτι
413 2125 549 2212 λαλήσει
572 2124 701 2211 εἰρήνην
718 2125 770 2191 ἐπί
792 2127 845 2190 τὸν
860 2123 939 2190 λαὸν
1025 2144 1057 2188 v.
1072 2129 1102 2190 9.
1118 2126 1275 2203 Qommm
1285 2126 1434 2208 loqteetm·
1441 2144 1555 2208 pacem
1567 2128 1604 2192 im
1612 2126 1738 2208 plebem

186 2237 294 2317 αὐτοῦ,
317 2235 372 2299 καί
393 2233 444 2298 ἐπί
470 2235 543 2310 τούς
566 2226 788 2308 ὃσίουςάίιτοῦ
810 2231 865 2295 καί
887 2229 940 2294 ἐπί
982 2247 1087 2310 recem,
1109 2235 1141 2296 et
1161 2235 1507 2312 mercamentum,
1530 2235 1562 2296 et
1575 2249 1673 2314 smper
1688 2248 1739 2296 re·

186 2344 259 2419 τούς
274 2336 518 2424 ἐπιστρέφοντας
532 2339 610 2421 πρὸς
626 2337 721 2401 αὐτὸν
735 2331 879 2418 καρδίαν.
982 2338 1142 2400 vertentes
1156 2333 1199 2399 ad
1212 2351 1285 2398 eom
1301 2334 1402 2400 eorde.

229 2443 296 2510 Καί
309 2445 362 2509 έπί
376 2445 449 2520 τούς
464 2439 660 2516 ἀποστόλους
675 2439 773 2504 αὐτοῦ
789 2439 843 2503 καί
860 2435 938 2502 πάν·
1026 2439 1070 2502 Et
1084 2455 1144 2519 pro
1167 2439 1328 2519 apostolis
1350 2439 1422 2503 suis
1438 2442 1473 2502 et
1494 2456 1554 2521 pro
1577 2439 1735 2504 omnibus

186 2571 244 2628 τας
257 2552 331 2627 τοὺς
346 2547 550 2625 πιστεύοντας
565 2547 608 2623 εἰς
624 2545 728 2624 αὐτὸν,
745 2543 762 2606 δ
778 2544 885 2628 σωτήρ
901 2542 936 2608 έν
984 2544 1021 2606 in
1036 2559 1072 2606 se
1084 2542 1300 2607 credentibus
1315 2545 1469 2607 Salvator
1479 2545 1528 2606 ait
1538 2544 1575 2608 in
1587 2561 1734 2624 evange·

186 2663 251 2732 τοῖς
266 2650 461 2738 εύαγγελίοις
484 2671 597 2737 φησιν·
613 2647 753 2734 Εἰρήνην
776 2651 835 2734 τήν
857 2647 938 2734 ἐμήν
982 2649 1055 2712 liis:
1089 2650 1240 2712 «Pacem
1267 2665 1394 2713 meam.
1409 2650 1565 2731 relinquo
1595 2650 1733 2714 vobis.»

188 2759 312 2846 ἀφίημι.
329 2754 473 2826 Δείκνυσι
494 2755 530 2820 δέ
545 2754 651 2832 καλῶς
675 2751 716 2829 ὡς
738 2750 760 2835 ή
784 2756 861 2837 πρὸς
884 2753 938 2816 τὸν
983 2751 1128 2816 Pulchre
1144 2756 1259 2815 autem
1275 2753 1422 2817 ostendit
1442 2753 1532 2834 qnod
1546 2753 1675 2818 reditus
1690 2755 1734 2818 ad
1870 2829 1874 2844 .

186 2862 268 2929 Θεὸν
290 2862 464 2946 ἐπιστροφή
489 2857 603 2946 μηκέτι
625 2855 800 2922 πταιόντων
822 2856 939 2922 δικαιο-
985 2859 1094 2921 Deum
1109 2873 1178 2920 non
1201 2861 1253 2920 est
1270 2857 1415 2936 justitiae
1438 2859 1586 2938 initium,
1602 2860 1638 2922 in
1661 2878 1736 2942 pec-

184 2967 281 3051 σύνης
296 2965 393 3051 ἀρχή,
410 2964 457 3028 διὸ
472 2965 527 3027 καί
542 2960 675 3039 πελάζει
698 2957 938 3047 φούουμένοιςή
983 2961 1165 3026 catoribus.
1189 2961 1268 3026 Ideo
1295 2963 1388 3027 salus
1418 2965 1667 3044 appropinquat
1696 2964 1737 3026 ti-

185 3070 335 3155 σιοτηρία,
344 3067 600 3154 καίήνάρήκας,
614 3065 938 3152 ἀπολαμύάνουσισύν
982 3065 1166 3144 mentibus,
1196 3069 1231 3128 et
1260 3083 1363 3148 quam
1391 3065 1549 3130 dimisere
1575 3069 1732 3148 patriam,
1816 3053 1821 3064 ’

185 3173 315 3260 εὐκλείᾳ
328 3171 474 3258 πατρίδα.
982 3185 1060 3232 cum
1076 3169 1187 3248 gloria
1201 3171 1403 3251 suscipiunt.

230 3285 263 3345 ν.
283 3282 334 3346 10.
350 3277 442 3364 Πλὴν
465 3277 559 3362 ἐγγὺς
573 3284 636 3343 τῶν
658 3272 861 3361 φούουμένιυν
883 3273 938 3338 αύ-
1024 3291 1056 3336 ν.
1086 3274 1137 3335 10.
1173 3274 1395 3338 Verumtamen
1416 3290 1518 3356 prope
1545 3273 1732 3342 timentibus

185 3387 240 3452 τὸν
255 3385 291 3451 τύ
306 3381 461 3467 σωτήριον
477 3381 585 3456 αὐτοῦ.
980 3393 1053 3440 emm
1066 3376 1346 3457 minteretpsmc.

228 3489 268 3556 Εἰ
282 3489 368 3573 ἀρχή
386 3484 497 3571 σοφίας
516 3483 612 3570 ρύύος
635 3482 765 3569 Κυρίου,
782 3479 880 3568 σοφία
902 3481 937 3546 δὲ
1026 3481 1061 3543 Si
1078 3481 1215 3544 initium
1238 3482 1414 3563 sapientiae
1430 3487 1481 3546 est
1497 3483 1599 3547 timor
1622 3485 1734 3548 Domi-

183 3592 274 3680 ήμῦν
288 3593 372 3658 ἐστιν
388 3592 405 3654 ί)
425 3590 570 3674 Χριστὸς,
583 3588 690 3665 καλῶς
705 3589 761 3653 ούν
776 3585 904 3671 λέγεται
918 3587 936 3650 ύ
980 3585 1027 3664 ni,
1042 3586 1210 3667 sapientia
1232 3590 1346 3650 autem
1362 3591 1478 3650 nostra
1500 3588 1655 3652 Christus
1672 3594 1733 3668 est,

185 3700 292 3785 σωτήρ
307 3696 402 3783 ἐγγὺς
417 3695 497 3760 εἰναι
511 3701 572 3758 τῶν
588 3691 790 3778 ρούουμένυν
805 3689 909 3756 αύτύν.
980 3691 1122 3768 egregia
1138 3707 1221 3768 ergo
1236 3690 1377 3754 dicitur:
1399 3693 1553 3754 Salvator
1569 3709 1671 3773 prope
1685 3698 1733 3758 eet

982 3793 1169 3860 timemus
1183 3811 1265 3859 eum.

219 4043 248 4084 v.
261 4028 287 4083 8.
304 4027 368 4083 Vct
381 4027 407 4081 2.
420 4025 470 4080 Pe.
484 4041 510 4092 c,
521 4025 547 4080 8.
1014 4033 1042 4073 v.
1055 4017 1098 4072 10.
1111 4016 1179 4074 Vet.
1189 4018 1215 4088 4,
1226 4019 1251 4073 5.
1265 4017 1418 4076 consentit
1428 4018 1568 4074 Laurent.
1578 4017 1657 4074 Plut.
1668 4035 1695 4086 v,
1708 4018 1734 4072 3.

217 4131 246 4172 v.
256 4115 282 4170 9.
295 4113 362 4169 Vct.
375 4113 401 4182 2,
413 4111 439 4182 Β,
452 4111 477 4182 5,
491 4112 516 4166 6.
530 4109 551 4168 J
552 4127 616 4166 oan.
630 4108 750 4178 x1r‚27.
979 4103 1069 4160 Eccli.
1083 4121 1103 4174 1,
1117 4105 1159 4160 16.
1633 4146 1636 4154 .
