4006 6090
742 403 786 466 IN
808 401 1007 468 PSALMUM
1030 403 1164 468 CXVIII
1651 406 1714 470 275

231 539 269 607 Ὁ
281 538 511 625 'navarreum
526 539 616 619 όδούς
628 561 686 626 μου
698 542 775 626 ἔχει,
784 539 932 618 ὡσαύτως
1020 543 1181 608 Hebraeus
1211 543 1312 608 habet
1335 544 1412 610 Vico
1437 527 1532 625 ωιεαο,
1560 547 1719 610 similiter

186 643 223 711 δέ
237 648 291 711 καί
306 646 335 710 οἱ
351 646 442 712 όλλοι
456 645 667 732 ἡρμήνευσαν.
683 643 781 730 Λέγει
794 644 848 710 δέ·
871 644 932 711 Λο-
976 665 1015 710 ac
1031 649 1154 712 caeteri
1167 649 1376 730 interpretem
1394 651 1451 712 Ait
1464 655 1595 713 autem:
1612 652 1720 714 Anxie

187 751 339 837 γιστεύων
355 771 416 836 μου
431 753 487 828 τόις
503 751 603 834 όδοὺς,
619 752 696 834 πρὸς
718 751 758 814 τδι
780 747 933 837 μαρτύριά
976 769 1068 814 meas
1090 753 1163 815 vias
1179 752 1404 832 considerem,
1416 754 1459 818 ad
1477 755 1636 818 mandata
1659 760 1720 819 tua

185 877 243 921 σου
264 857 337 932 τοὺς
352 854 446 940 ἐμοὺς
461 853 560 931 πόδας
574 853 781 938 κατηύθυνον,
804 855 859 917 καί
874 855 933 918 οὐκ
977 854 1085 918 dIrexi
1099 855 1201 938 pedes
1227 873 1328 935 meos,
1355 873 1464 936 neque
1487 859 1641 922 commisi
1662 875 1717 923 eoa

184 962 256 1026 εἴων
274 959 481 1046 ἐκτρέπεσθαι
503 968 561 1044 της
583 961 660 1044 πρὸς
675 959 711 1023 σέ
728 957 884 1042 φερούσης
899 958 931 1021 δ·
976 963 1128 1024 avertere
1143 977 1164 1022 a
1178 961 1234 1022 via
1246 977 1321 1040 quae
1332 959 1427 1023 ducit
1437 961 1479 1024 ad
1493 968 1534 1040 te,
1550 967 1611 1025 aut
1622 962 1717 1042 quid·

183 1065 250 1148 δοῦ,
267 1067 288 1152 η
305 1062 456 1130 οὐδέποτέ
470 1085 500 1128 τι
514 1061 646 1148 ἔπραξα,
663 1064 705 1147 μη
725 1061 931 1148 λογισάμενος
976 1078 1079 1144 quam
1091 1079 1144 1125 me
1156 1079 1269 1143 agere,
1282 1064 1365 1144 quin
1377 1065 1564 1142 cogitarem
1576 1084 1620 1128 an
1632 1065 1718 1129 foret

183 1169 212 1234 εἰ
223 1169 366 1253 καθῆκόν
382 1165 501 1251 ἐστινὴ
517 1167 636 1251 πρᾶξις.
977 1169 1090 1229 actum
1106 1167 1157 1230 uti
1172 1165 1278 1230 decet

226 1293 259 1338 v.
277 1275 329 1338 60.
345 1271 569 1358 Ἡτοιμάσθην,
590 1273 645 1336 καί
660 1271 718 1336 ούκ
739 1268 931 1356 ἐταράχθην,
1020 1290 1051 1334 ν.
1069 1272 1120 1334 60.
1136 1273 1280 1336 Paratus
1293 1285 1375 1348 υιινι,
1395 1274 1502 1334 aaran
1515 1287 1588 1336 ενοι
1610 1271 1721 1338 tarta
1820 1337 1822 1340 ,

182 1386 238 1442 τού
255 1377 451 1462 φυλάξασθαι
466 1378 522 1454 τόις
538 1375 750 1453 έντολόιςσου.
977 1379 1041 1454 tua,
1059 1375 1101 1439 ιιό
1114 1373 1351 1440 amandandum
1365 1373 1518 1439 curuata
1535 1379 1601 1439 tua.

227 1480 267 1546 Εἰ
289 1479 487 1566 ἠσκήσαμεν,
511 1480 539 1544 εί
559 1477 789 1565 ἡτοιμάομεθα,
813 1478 840 1543 εἰ
866 1478 931 1544 οίον
1021 1481 1056 1543 Si
1079 1481 1254 1543 exercitati
1272 1496 1401 1559 sumus,
1429 1480 1458 1543 ai
1481 1481 1670 1560 preparati,
1694 1481 1724 1544 si

183 1586 223 1672 δὴ
240 1584 355 1670 τρόπον
378 1581 693 1669 παρεσκευασύμεθα,
711 1583 748 1647 οὐ
769 1581 932 1672 ταραχθη-
979 1584 1218 1664 qualicumque
1230 1582 1327 1646 modo
1339 1583 1475 1646 demum
1487 1585 1639 1663 accincti,
1656 1603 1725 1649 non

183 1689 303 1777 σόμεθα
332 1689 396 1753 ἀπό
426 1697 487 1753 τῶν
516 1685 736 1773 ἀντικειμένων
761 1685 931 1772 δυνάμεων,
977 1687 1192 1750 turbabimur
1213 1688 1421 1768 apostatibua
1444 1705 1519 1768 quaa
1542 1688 1723 1769 obsistunt,

182 1803 244 1860 τῶν
257 1788 580 1878 ἀντιστρατευομένων
601 1789 687 1876 ἡμῖν,
703 1792 755 1855 ίνα
771 1792 814 1876 μὴ
832 1790 930 1876 ρυλόι-
977 1807 1053 1872 quae
1075 1793 1181 1855 aciem
1208 1792 1393 1872 Instruunt,
1420 1810 1462 1855 ne
1492 1793 1724 1857 custodiamus

183 1899 285 1984 ξωμεν
298 1899 355 1974 τὰς
378 1907 434 1962 τού
450 1894 533 1962 Θεού
556 1894 695 1972 έντολόις.
715 1933 756 1944 -
772 1894 874 1971 Εἰδὼς
896 1897 932 1959 τδ
977 1901 1144 1978 praecepta
1158 1898 1229 1960 Dei.
1252 1899 1327 1975 Ego
1339 1898 1449 1960 sciens
1476 1898 1605 1960 dictum
1632 1915 1725 1960 esse:

184 2001 366 2090 εἰρημένον·
390 2000 519 2084 Τέκνον,
541 1999 569 2066 εἰ
590 1998 752 2085 προσέρχῃ
776 1999 934 2065 δουλεύειν
981 2001 1127 2081 «uitta
1142 2001 1273 2065 accedis
1288 2001 1330 2064 ad
1352 2002 1550 2064 servitutem
1577 2002 1723 2081 Domini,

183 2119 227 2196 τῷ
250 2107 367 2194 Κυρίῳ,
395 2104 561 2192 έτοίμασον
583 2107 642 2191 τὴν
669 2103 775 2190 ψυχήν
802 2123 859 2168 σου
889 2103 933 2180 εἰς
979 2123 1129 2187 praepara
1140 2108 1289 2169 animam
1297 2112 1391 2169 tuam
1403 2106 1445 2170 ad
1456 2107 1687 2186 tentationem,
1701 2128 1718 2166 »

184 2215 375 2298 πειρασμόν,
398 2212 453 2274 καὶ
475 2217 568 2274 τοῦτο
596 2205 733 2294 μελετῶν
755 2208 933 2290 διαπαντός,
980 2210 1081 2291 idque
1096 2211 1279 2275 meditatus
1294 2212 1465 2290 continuo,
1482 2229 1523 2274 ex
1538 2210 1645 2274 hostib
1659 2213 1721 2273 Im-

185 2314 219 2382 ἐν
234 2324 302 2393 ταῖς
317 2313 441 2400 ἐφόδοις
455 2314 514 2378 οὐκ
529 2311 756 2397 ἐταραττόμην,
769 2312 827 2376 ἅτε
840 2333 933 2399 μεμε·
978 2316 1208 2398 pressionibus
1222 2317 1314 2380 haud
1328 2317 1485 2380 turbatus
1500 2334 1587 2395 sum,
1605 2320 1643 2379 ut
1662 2316 1722 2395 qui
1813 2305 1823 2318 “

185 2419 328 2504 λετηκύις
344 2419 441 2496 αδτδις
457 2416 561 2504 φέρειν
576 2415 735 2502 γενναίως.
979 2419 1166 2483 meditabar
1181 2438 1238 2484 eas
1254 2420 1385 2483 fortiter
1399 2421 1576 2484 sustinere.

219 2545 250 2589 ν.
262 2522 456 2609 61.Σχοινία
467 2520 663 2607 ἁμαρτωλῶν
673 2520 934 2607 περιεπλόικησύν
1022 2544 1054 2590 ν.
1085 2527 1137 2590 61.
1165 2528 1274 2592 Fortes
1293 2532 1497 2608 peccatorum
1518 2527 1726 2607 circatmpleai

189 2651 251 2717 μοι,
266 2632 321 2694 καὶ
336 2639 391 2694 τοῦ
405 2629 502 2714 νόμου
518 2647 575 2693 σου
591 2628 649 2692 οὐκ
664 2625 873 2713 ἐπελαθόμην.
978 2635 1057 2695 caat
1070 2646 1128 2708 me,
1147 2633 1180 2694 et
1192 2631 1292 2713 ίοροιιι
1306 2634 1395 2695 tuum
1408 2647 1471 2693 noa
1481 2647 1553 2694 aum
1564 2629 1691 2694 aazias.

231 2732 362 2810 Τούτοις
378 2733 413 2798 δέ
435 2741 499 2809 τοῖς
516 2730 663 2818 σχοινίοις
686 2731 772 2795 καλό
789 2731 934 2808 Σατανᾶς
1023 2735 1084 2797 His
1106 2750 1186 2796 vero
1201 2733 1339 2798 funIbus
1363 2735 1465 2799 etiam
1481 2735 1584 2798 Satan
1603 2736 1725 2813 alliga-

187 2835 303 2923 δέδηκε
318 2839 377 2924 τὴν
392 2834 557 2921 θυγατέρα
571 2843 627 2898 τού
639 2831 796 2919 Ἃύραόιμ,
810 2834 850 2918 ἣν
865 2834 934 2899 ἐλυ-
979 2841 1075 2902 verat
1088 2838 1195 2902 filiam
1210 2838 1363 2918 Abrahae,
1380 2855 1481 2919 quam
1505 2839 1607 2900 solvit
1633 2838 1725 2900 Obri-

189 2965 242 3009 σεν
257 2943 274 3007 δ
289 2942 436 3028 Χριστός,
453 2941 540 3024 εἴπερ
559 2948 677 3023 σειραῖς
692 2949 754 3004 τῶν
770 2939 884 3004 ἑαυτοῦ
899 2938 935 3004 ἁ·
979 2947 1062 3021 atus,
1092 2942 1259 3023 siquidem
1288 2944 1360 3006 suis
1397 2943 1540 3023 quisque
1576 2944 1722 3023 peccans

188 3056 325 3133 μαρτιιῖιν
340 3045 475 3121 ἕκαστος
489 3040 665 3129 σφίγγεται.
682 3041 721 3107 Εἰ
737 3044 772 3107 δέ
783 3041 873 3126 διττη
886 3042 936 3107 ἐσ-
980 3048 1172 3126 stringitur.
1189 3045 1282 3122 Quod
1293 3047 1323 3110 si
1333 3046 1459 3128 duplex
1472 3051 1522 3110 cat
1537 3051 1723 3129 peccatum,

186 3149 271 3235 τινή
295 3149 443 3235 ἁμαρτία,
459 3145 480 3232 ἡ
498 3148 554 3233 μέν
576 3149 661 3212 κατὰ
683 3145 831 3229 διάνοιαν,
854 3143 875 3230 ἡ
900 3145 935 3210 δὲ
980 3169 1089 3214 unum
1104 3152 1320 3230 cogitatione,
1345 3152 1490 3213 alterum
1506 3152 1648 3230 actione,
1667 3149 1727 3213 du·

187 3254 261 3320 act'
279 3251 447 3338 ἐνέργειαν,
471 3250 559 3317 διττοὶ
581 3251 645 3334 ἄρα
666 3248 797 3335 νοητέον
819 3251 937 3314 καὶτὰ
979 3259 1078 3338 plicis
1093 3273 1227 3337 quoquc
1242 3256 1378 3334 genens
1394 3273 1466 3320 esse
1492 3255 1601 3335 fumea,
1625 3255 1724 3317 intel-

188 3357 332 3445 σχοινία·
347 3358 363 3422 ό
379 3357 414 3421 δέ
429 3359 469 3421 τόι
484 3355 556 3420 κατ’
566 3352 725 3440 ἐνέργειαν
736 3352 844 3434 λύσας,
861 3353 937 3420 πάν-
980 3361 1157 3440 ligandum
1173 3365 1233 3425 est:
1249 3363 1403 3443 quivero
1417 3361 1666 3442 solvitpeccata
1686 3378 1727 3422 cx

186 3484 248 3541 τως
269 3463 324 3527 καί
346 3462 430 3526 κατα
453 3458 593 3524 διάνοιαν
608 3457 731 3522 λέλυκε.
755 3455 856 3541 Καιὴ
880 3458 937 3540 μὲν
980 3466 1122 3545 actibus,
1137 3481 1274 3547 prorsus
1293 3467 1395 3528 etiam
1411 3465 1512 3526 salvii
1538 3461 1648 3543 quoad
1675 3479 1728 3525 co-

186 3566 311 3631 παλαιὰ
340 3562 476 3648 διαθήκη
508 3564 550 3627 τὰ
579 3561 653 3626 κατ’
674 3558 834 3646 ἐνέργειαν
871 3559 938 3624 λύει
980 3570 1191 3648 gitatiouem.
1207 3569 1310 3648 Atqui
1326 3569 1474 3648 priscum
1497 3566 1606 3630 foedus
1625 3567 1728 3628 solvit

188 3669 329 3756 σχοινία·
345 3667 368 3753 ἠ
384 3668 419 3732 δέ
433 3669 527 3752 καινὴ
543 3667 584 3730 τόι
600 3667 684 3729 κατόι
700 3663 848 3730 διάνοιαν.
866 3662 937 3749 Ἐῤ·
981 3673 1079 3737 funes
1108 3676 1290 3752 actionum,
1321 3689 1446 3735 novum
1477 3689 1556 3734 vcro
1587 3671 1726 3733 vincula

179 3773 269 3859 ρήθη
285 3775 357 3860 γὰρ,
381 3772 468 3856 φησι,
485 3778 548 3847 τοῖς
572 3765 735 3852 ἀρχαίοις·
758 3764 805 3831 Οὔ
829 3766 937 3852 φονεύ·
981 3779 1114 3842 mentis.
1143 3779 1308 3841 «Dictum
1323 3781 1374 3840 est
1398 3775 1558 3856 antiquie,
1574 3775 1631 3836 att:
1648 3773 1721 3835 Non

187 3897 262 3954 υῑις·
277 3876 362 3961 Ἐγὼ
374 3875 409 3938 δὲ
420 3873 521 3958 λέγω·
538 3871 607 3938 Οὐκ
621 3870 794 3960 bqqrctch
810 3871 879 3935 κτλ·
895 3908 936 3919 -
982 3883 1122 3948 occides.
1143 3884 1218 3962 Ego
1234 3887 1348 3945 autem
1364 3880 1450 3944 dico:
1474 3883 1546 3943 Non
1567 3878 1722 3942 irasceris

187 3981 228 4048 Οἱ
242 3982 337 4046 κακοί
352 3979 496 4064 λυίῑῦύθί
511 3974 634 4061 σλίθῑνίίι
646 3983 707 4041 τῶν
721 3973 874 4060 56666606
886 3973 937 4038 ἐυ-
982 3995 1044 4053 etc.
1059 4009 1075 4048 ν
1093 3990 1209 4052 Pravae
1224 3986 1425 4050 tentationes
1444 3989 1526 4049 sunt
1546 3983 1645 4046 funes
1661 3981 1725 4044 dae-

188 4089 227 4168 τί,
244 4081 495 4170 περιπλεκόμενα
516 4090 555 4166 τῇ
572 4081 670 4165 ψυχῇ,
687 4080 742 4143 καὶ
764 4080 822 4143 οὐκ
837 4078 938 4144 ἐῶντα
982 4108 1131 4170 monum,
1145 4091 1204 4172 qui
1220 4091 1399 4153 involvunt
1412 4090 1572 4168 animam,
1594 4105 1656 4150 nec
1683 4087 1727 4149 si·

188 4191 314 4258 ἀπιέναι
329 4186 511 4272 ἐλευθερίως
527 4188 604 4270 πρὸς
619 4187 672 4250 τὸν
688 4183 833 4250 ῑῑυόντυ·
852 4182 937 4270 Ἐγώ
982 4202 1070 4261 nunt
1085 4213 1160 4259 eam
1175 4196 1280 4258 libere
1295 4193 1470 4257 ambulare
1493 4193 1535 4255 ad
1558 4209 1637 4256 eum
1664 4190 1726 4270 qui

188 4297 251 4382 ειμι
272 4295 353 4370 boot
376 4329 418 4342 -
445 4290 484 4356 at
507 4292 598 4367 ουτοι
619 4287 859 4354 ἐπιλανθάνεται
881 4297 937 4353 του
983 4303 1088 4367 dixit:
1104 4323 1121 4362 «
1135 4302 1209 4378 ago
1224 4316 1300 4362 sum
1315 4299 1415 4362 via.»
1437 4333 1475 4342 -
1493 4298 1527 4360 ar
1540 4295 1728 4359 nieobnvi-

189 4398 317 4485 νόμυυὸ
341 4399 384 4483 μὴ
407 4396 470 4474 ζῶν
492 4392 562 4459 κατ’
575 4393 680 4474 αὒτόυ,
705 4393 794 4469 οὗτος
818 4412 937 4477 imiim-
982 4406 1089 4470 scitur
1104 4406 1217 4484 legem
1242 4405 1300 4484 qui
1330 4419 1398 4466 non
1429 4401 1515 4464 vivit
1539 4399 1725 4463 secundum

189 4503 273 4570 νεύει
286 4511 342 4566 τοῦ
357 4499 453 4586 νόμου
469 4500 485 4564 ό
501 4500 586 4563 κατα
597 4499 650 4561 τδν
665 4495 760 4581 νόμον
779 4494 938 4561 πολιτευό-
984 4512 1087 4589 inam,
1104 4511 1193 4588 legis
1208 4507 1364 4570 meminit
1380 4506 1438 4568 ifle
1455 4505 1513 4585 qui
1530 4521 1572 4566 ex
1587 4503 1663 4580 lege
1679 4501 1728 4563 vi.

191 4628 295 4694 μενος.
984 4620 1054 4678 tam
1071 4614 1230 4678 instituit.

235 4733 267 4777 v·
284 4713 336 4776 63·
353 4708 498 4794 Μὲτυχυς
513 4705 576 4792 III)
592 4706 654 4790 εἶμι
668 4705 794 4772 πάντων
805 4706 867 4770 τῶν
881 4727 938 4789 φυ·
1027 4735 1059 4780 ν.
1077 4719 1128 4780 63.
1143 4714 1313 4793 Paric'capa
1338 4729 1391 4795 ορο
1420 4727 1493 4776 cona
1521 4709 1661 4772 omarum
1689 4707 1729 4770 a·-

191 4814 349 4902 ὅυυμένυυ
364 4835 411 4897 σε,
426 4815 556 4877 καὶτῶν
580 4807 803 4896 φυλασσόντων
822 4811 878 4886 τὰς
894 4809 941 4875 ἒν·
983 4822 1139 4886 mettium
1154 4823 1183 4884 a
1198 4822 1229 4882 et
1242 4815 1488 4883 animantiam
1502 4814 1601 4895 ἰοροιο
1614 4816 1714 4877 tuam.

193 4920 290 4996 τολάς
304 4941 371 4984 σου.

227 5072 255 5111 v.
269 5054 312 5108 60.
325 5051 391 5108 vat.
404 5050 430 5118 5,
444 5050 486 5105 16.
500 5047 588 5104 Εοοίί.
604 5063 634 5113 ιι,
646 5063 665 5101 1.
1019 5059 1048 5097 v.
1056 5040 1098 5095 66.
1105 5038 1172 5096 Vct.
1180 5037 1205 5092 t.
1214 5035 1364 5092 omisimus
1376 5051 1454 5106 agre
1463 5053 1491 5092 v.
1501 5035 1545 5104 64,
1555 5033 1637 5106 cujus
1645 5033 1733 5089 Scho-

227 5156 256 5197 v.
269 5140 313 5194 61.
325 5138 393 5196 Vct.
406 5137 431 5193 6.
444 5136 513 5192 Luc.
527 5152 594 5194 1111.
607 5135 653 5190 26.
665 5132 751 5191 Joan.
766 5149 830 5205 xiv,
844 5133 870 5188 6.
985 5127 1057 5184 lium
1069 5123 1196 5182 Eusebio
1209 5122 1354 5180 communi
1367 5138 1511 5178 consensu
1524 5121 1735 5192 dederunt,(an
1806 5165 1809 5172 .
