3966 6104
295 395 358 458 olo
839 395 1024 460 SANCTUS
1047 395 1307 469 METHODIUS.

337 533 503 600 Μεθοδίου.
519 531 590 600 Ἵνα
606 533 718 620 μηκέτι
735 532 891 619 ουνρίζῃὸ
908 533 1043 618 δραιιών.
1133 539 1180 600 Ne
1208 538 1278 600 ullo
1298 537 1396 600 modo
1417 537 1612 605 blandiatur
1634 541 1744 608 draco.
1772 545 1850 608 Hoc

294 637 395 705 Τοῦτό
409 659 487 724 φησι
508 639 562 702 διά
575 641 612 703 τό
628 636 874 723 παρακληθῆναι
899 639 959 703 ὑπὸ
983 646 1044 702 τῶν
1089 641 1147 720 ait,
1161 647 1315 722 respectu
1325 641 1367 704 ad
1376 641 1566 706 daemonum
1578 665 1703 728 preces,
1712 667 1754 712 ne
1764 651 1847 711 mit·

292 741 447 827 δαιμόνων
464 744 507 828 μὴ
522 740 629 827 βαλεῖν
641 743 757 817 αίιτοὺς
768 742 812 819 εἰς
824 743 883 826 τὴν
895 739 1042 806 άόυσσον.
1089 748 1206 808 tantur
1221 746 1257 808 in
1275 745 1445 828 abyssum.
1463 781 1501 792 -
1520 749 1580 812 Vel
1598 750 1661 813 hoo
1676 753 1734 830 ait,
1747 751 1791 815 ob
1808 752 1848 815 id

293 839 338 911 'H
350 857 442 911 τοῦτο
453 846 644 933 λέγειδιόιτό
652 843 814 931 εἰρηκέναι
826 845 919 910 αὐτὸν
928 854 972 931 τῷ
980 843 1050 938 Κυ-Ι
1089 850 1179 928 quod
1195 850 1337 912 Domino
1348 849 1448 912 dixit:
1468 853 1771 918 «Haecornniatibi
1785 855 1848 918 da·
1973 891 1974 896 ι

294 948 358 1035 ρίῳ·
376 951 486 1016 Ταῦτά
498 973 549 1016 σοι
560 950 651 1015 δώσω
667 949 803 1014 πάντα...
820 944 1045 1035 Ἣότιμὴδό-
1089 950 1142 1029 bo,
1168 951 1198 1015 si
1221 951 1344 1016 cadens
1374 954 1568 1018 adoraveris
1595 974 1690 1018 me.»
1719 960 1784 1022 Vel
1806 977 1852 1022 eo

293 1075 388 1120 νασαι
409 1058 508 1133 οὕτως
530 1053 685 1132 ὑποτάξαι
707 1053 802 1117 αὐτόν
825 1052 867 1130 ὡς
890 1051 1044 1136 αἰρείσθαι
1088 1057 1293 1138 σουυυιμιοιί
1309 1057 1407 1120 illum
1422 1059 1471 1120 sic
1484 1075 1550 1121 non
1563 1065 1847 1144 potes-superare,

296 1157 410 1244 μηκέτι
426 1180 476 1223 σοι
491 1158 649 1244 πολεμεῖν.
1090 1163 1127 1221 ut
1142 1177 1184 1222 ne
1199 1159 1262 1222 tibi
1278 1160 1406 1224 bellurn
1421 1167 1530 1242 gerat,
1546 1164 1753 1229 cohibeatur.

337 1263 468 1349 Ψελλίιμ
484 1265 519 1330 δέ
533 1261 703 1350 τρυπήσας
718 1267 753 1328 τὸ
769 1262 877 1348 χεῖλος
893 1261 1007 1344 norom
1131 1263 1177 1326 ut
1189 1263 1325 1327 armilla
1340 1263 1513 1330 cereta-udis
1528 1266 1651 1330 ludium
1665 1269 1763 1348 ejus?

338 1368 383 1434 Τό
398 1367 528 1452 ψέλλιον
543 1367 661 1452 κόσμος
684 1367 751 1431 ἔστι
767 1375 824 1449 τῆς
842 1367 958 1451 χειρός,
975 1374 1044 1429 τοῦ·
1132 1367 1274 1430 Armilln
1290 1385 1411 1431 manus
1424 1376 1661 1434 ornamentum
1674 1378 1735 1453 est,
1752 1375 1848 1455 quod
1866 1397 1869 1402 ¹

294 1474 329 1536 τό
352 1474 420 1538 ἐστι
441 1473 476 1536 τό
499 1473 592 1557 έργον
618 1470 746 1556 ἀγαθόν.
763 1466 801 1534 Ὁ
824 1472 879 1535 οὖν
901 1470 985 1553 ἔχων
1008 1470 1043 1531 τὸ
1089 1475 1140 1533 est
1154 1470 1280 1534 bonnm
1296 1487 1397 1552 opus:
1415 1474 1474 1552 qul
1487 1474 1595 1552 igitur
1609 1477 1711 1540 talem
1728 1480 1847 1541 armil-

294 1585 434 1641 τοιοῦτον
457 1573 597 1658 ψέλλιον,
620 1571 773 1658 τρυπήσει
798 1577 835 1638 τό
858 1571 966 1658 χεῖλος
988 1582 1043 1636 τοῦ
1088 1575 1155 1638 lam
1178 1579 1301 1654 gestat,
1317 1575 1446 1639 labium
1469 1576 1625 1642 draconis
1648 1579 1845 1662 perforabit,

294 1680 475 1764 δράκοντος,
491 1689 547 1744 τοῦ
562 1679 596 1758 ἐξ
611 1678 756 1756 ἐναντίας
767 1688 823 1742 τοῦ
835 1677 981 1744 διαόόλου
996 1677 1044 1742 έν·
1088 1679 1303 1760 Diabolo'qui
1319 1679 1480 1744 inimicus
1493 1686 1552 1759 est,
1569 1681 1695 1761 pudore
1711 1681 1846 1747 suffuso

292 1784 496 1870 τρεπομένου,
513 1786 558 1869 μὴ
573 1783 703 1870 ἔχοντός
719 1805 747 1848 τι
760 1783 898 1867 λαλῆσαι
909 1781 982 1846 κατ’
990 1783 1044 1846 αὐ-
1089 1802 1150 1846 neo
1176 1785 1322 1850 habente
1349 1785 1437 1867 quod
1464 1792 1581 1850 contra
1604 1805 1682 1850 eum
1710 1787 1845 1852 hiscere

294 1902 374 1958 roll.¹
502 1899 506 1907 '
922 1893 924 1898 “
1089 1891 1204 1971 possit.

337 2017 369 2062 v.
387 1999 439 2062 ll.
456 1995 647 2074 Σκιάζονται
663 1994 697 2058 δὲ
714 1994 747 2058 έν
762 1993 848 2076 αὐτῷ
863 1990 977 2076 δένδρα
994 2012 1046 2076 με·
1132 2014 1164 2056 ν.
1186 1997 1235 2057 17.
1262 1993 1454 2060 Οόναιόνανιί
1475 2001 1581 2060 autem
1603 1995 1640 2059 in
1654 2012 1689 2058 eo
1711 1994 1844 2062 arbores

293 2100 379 2186 γάλα
395 2102 451 2165 σὺν
467 2098 645 2184 ῥοιδάμνοις.
1081 2116 1212 2182 ἰιιιιραα
1225 2117 1297 2165 cum
1311 2101 1464 2165 νανοιιίιζν.
1524 2085 1527 2090 ’

338 2203 450 2269 Ταῦτα
472 2203 533 2288 ola
556 2205 611 2267 καί
630 2203 732 2287 τροφὴ
757 2201 854 2286 πυρός
876 2201 1044 2286 τυγχάνει·
1133 2207 1213 2280 Quae
1234 2206 1345 2268 solent
1358 2222 1430 2268 esse
1453 2207 1596 2269 materia
1618 2213 1653 2270 et
1674 2207 1842 2288 pabulum

294 2306 455 2386 αὐλίζεται
469 2307 505 2370 δὲ
529 2306 667 2392 μάλιστα
682 2308 769 2390 παρά
791 2314 855 2383 τοῖς
870 2303 966 2384 ἀξίοις
989 2314 1045 2370 τοῦ
1090 2309 1190 2386 ignis.
1209 2308 1335 2370 insidet
1350 2311 1423 2370 tum
1439 2311 1587 2373 maxime
1602 2311 1691 2374 inter
1707 2330 1748 2375 ea
1763 2330 1843 2393 quae

292 2413 400 2496 πυρός,
413 2412 472 2475 ὑπὸ
485 2412 542 2489 τὰς
554 2411 652 2496 ὑγράς
663 2411 718 2474 καὶ
730 2409 861 2487 ἀτόνους
874 2412 929 2475 καί
945 2409 1043 2494 άκάρ-
1089 2412 1358 2489 incendiodigna
1364 2415 1689 2492 sunt,interani1nas
1697 2416 1844 2479 humore

292 2537 370 2595 πους
393 2516 510 2603 ψυχάς,
526 2517 559 2580 αἱ
581 2514 679 2600 πυρός
694 2515 770 2579 εἰσιν
786 2515 869 2580 ὕλαι.
889 2515 1042 2594 Σκιάζον-
1085 2515 1269 2594 languidas
1277 2521 1311 2577 et
1319 2515 1447 2578 roboris
1455 2523 1648 2598 experteset
1658 2519 1846 2584 infructuo-

292 2643 345 2689 ται
359 2623 394 2688 δὲ
409 2624 443 2689 έν
459 2624 545 2708 αὐτῷ
560 2619 675 2706 δένδρα
691 2621 827 2707 μεγάλα,
844 2623 900 2686 σὺν
923 2620 1042 2706 ραδάμ-
1089 2639 1153 2685 sas.
1169 2619 1478 2686 Olturtbrcutuutem
1488 2622 1525 2685 ιἰι
1536 2639 1570 2686 σο
1581 2623 1710 2690 artures
1720 2642 1847 2708 νιαριια

292 2748 365 2805 νοις.
382 2721 427 2792 Ἥ
439 2737 533 2792 τοῦτο
544 2723 640 2812 λέγει,
654 2727 701 2789 ότι
711 2723 945 2789 συνδιαιτωνται
959 2723 1045 2808 αὐτῷ
1089 2743 1161 2791 cum
1174 2725 1331 2790 surculis.
1344 2725 1406 2788 Vel
1420 2725 1483 2788 hoo
1495 2728 1555 2806 ait,
1571 2729 1660 2808 quod
1672 2729 1708 2792 in
1724 2747 1763 2793 eo
1775 2735 1847 2794 sta-

292 2833 346 2896 ιιαί
362 2830 495 2917 μεγάλοι
516 2851 596 2907 τινες
612 2827 758 2915 δαίμονες
781 2830 836 2894 καί
850 2827 1043 2914 inniabant-
1089 2830 1252 2894 bulantur
1264 2831 1383 2908 magni
1395 2830 1534 2912 quidam
1546 2831 1716 2898 deamones
1731 2839 1766 2897 et
1781 2837 1845 2917 qui

291 2954 343 3009 τες
365 2944 404 3020 τῇ
427 2931 537 3019 κακίᾳ,
560 2935 646 3018 ἠότι
669 2934 798 3017 μικροὺς
815 2934 871 2996 καί
887 2933 1044 3017 μεγάλους
1088 2935 1123 2997 in
1134 2934 1301 3006 malitiam
1313 2934 1510 3016 incubuere,
1518 2937 1572 2998 vel
1586 2937 1676 3017 quod
1687 2938 1844 3002 homines

293 3039 409 3124 ἄνδρας
433 3036 613 3122 ἐπέρχεται,
633 3037 754 3114 πάντας
777 3035 892 3122 ὁμοίως
914 3035 1050 3121 ὑποτρέ·
1088 3054 1209 3120 μαντον
1226 3043 1260 3128 (γι
1276 3053 1419 3115 magnos
1434 3044 1583 3120 superat,
1603 3058 1720 3104 ornnes
1732 3043 1845 3127 simili

292 3162 369 3226 γων.
383 3141 561 3225 Ῥάδαμνος
582 3141 645 3225 γάρ
660 3140 693 3203 αἱ
711 3141 934 3226 παραρυάδες·
957 3140 1044 3227 λέγει
1088 3143 1121 3205 vi
1134 3140 1328 3220 subjiciens.
1343 3143 1478 3205 Surculi
1494 3144 1586 3205 enim
1598 3150 1678 3206 sunt
1689 3145 1842 3210 frutices.

293 3249 347 3312 οὖν
363 3246 404 3324 ὡς
420 3247 481 3312 ὑπὸ
497 3253 600 3324 σκιαῖς
615 3243 759 3329 δένδρων,
775 3248 856 3310 οὕτω
873 3248 960 3331 παρά
975 3247 1044 3312 τού·
1088 3247 1252 3324 nitergo,
1267 3248 1317 3320 uti
1327 3247 1392 3310 sub
1405 3247 1573 3311 umbrosis
1587 3250 1777 3330 arboribus,
1792 3253 1842 3315 sic

293 3372 357 3429 τοις
374 3349 606 3416 ἀναπέπαυται.
799 3393 821 3408 ,ι
1088 3351 1186 3413 illum
1202 3350 1291 3430 apud
1308 3351 1388 3414 istos
1405 3352 1558 3415 homines
1575 3355 1756 3434 quievisse.

340 3457 424 3520 lbid.
441 3454 506 3520 Καί
521 3453 632 3531 αλόνες
648 3454 755 3538 άγνοῦ.
1061 3488 1063 3492 ·
1132 3455 1177 3519 ct
1189 3453 1469 3537 carrucandum
1483 3458 1574 3522 costi.

337 3559 468 3644 Ἐπειδὴ
485 3557 596 3624 πολλοὶ
611 3557 766 3636 πολλάκις
778 3561 832 3622 καί
845 3559 974 3644 ἁγνείαν
990 3561 1045 3627 dro-
1106 3569 1109 3574 “
1133 3559 1312 3637 Propterea
1324 3559 1414 3639 quod
1425 3577 1656 3639 saepenumero
1668 3563 1727 3642 qni
1740 3567 1842 3628 casti·

293 3662 449 3749 νήσαντες
464 3673 521 3748 τῆς
537 3661 635 3726 αὐτοῦ
659 3662 781 3748 μερίδος
801 3661 986 3750 γεγόναμεν,
1003 3664 1045 3742 ὡς
1089 3666 1194 3725 tatem
1211 3668 1446 3742 exercuerunt,
1466 3663 1539 3744 ejus
1554 3671 1667 3746 partes
1682 3667 1781 3747 fiunt,
1797 3671 1842 3733 si·

294 3769 327 3834 αί
343 3768 443 3853 μωραί
458 3765 624 3850 παρθένοι·
643 3768 706 3842 Ἰεἰσί
721 3768 783 3853 γάρ
802 3770 857 3832 καί
873 3769 949 3853 παρ’
960 3773 1045 3858 αὐτῷ
1089 3771 1148 3829 out
1171 3767 1285 3829 stultas
1304 3768 1469 3854 virgines.
1494 3770 1592 3850 Apud
1607 3789 1686 3834 eum
1710 3774 1840 3855 quippe
1973 3807 1974 3820 ι

294 3872 490 3958 ἁγνεύοντες.
1005 3864 1009 3876 ’
1090 3889 1157 3934 non
1173 3870 1297 3934 desunt
1312 3872 1480 3934 castitatis
1495 3874 1648 3937 studiosi.

204 4054 209 4063 Ι
330 4067 642 4131 Υ·1’ί·λίέλὶὒ·749·-λ
656 4075 753 4146 Vulg⁰
766 4079 864 4144 ²²⁶2ss
882 4083 974 4147 ἀγροῦ·
988 4081 1047 4138 Me·
1091 4093 1145 4150 sed
1157 4092 1194 4149 ab
1207 4109 1241 4148 eo
1254 4095 1480 4163 argumentatur
1492 4090 1529 4148 de
1541 4093 1776 4150 Resurrectione.
1790 4095 1845 4150 Pa-

292 4162 641 4236 aaouopnaaravruerur
648 4161 927 4234 arboraraaaqma
940 4174 1046 4236 ναννν,
1092 4183 1151 4238 aa.
1164 4197 1248 4250 κιαι,
1261 4181 1315 4235 001.
1333 4181 1395 4250 aar,
1413 4180 1475 4235 315.
1490 4211 1523 4220 -
1536 4181 1746 4251 Fragmentum
1762 4182 1845 4238 anau

295 4283 381 4338 quom
392 4282 452 4322 non
470 4265 565 4322 solum
583 4264 681 4339 pingit
698 4265 730 4320 in
749 4265 877 4322 Convicio
897 4269 1046 4342 υἰνριάανα,
1091 4271 1122 4325 in
1136 4286 1199 4340 oap.
1213 4283 1261 4336 xa,
1274 4267 1300 4336 3,
1313 4266 1407 4322 edidit
1419 4267 1440 4322 J
1441 4266 1501 4322 ahu
1512 4284 1540 4338 p.
1554 4266 1606 4321 118
1619 4283 1656 4322 ex
1672 4266 1736 4323 (lat.
1749 4267 1771 4326 J
1772 4269 1845 4324 unii.

909 4523 957 4584 Dc
978 4525 1232 4588 Reuurectioae.

1059 4721 1081 4780 I.

336 4908 382 4976 Τό
405 4907 440 4973 δὲ
462 4906 679 4996 γεγραμμένον
706 4911 740 4976 έν
762 4919 801 4995 τῇ
824 4908 1042 4996 Ἀποκαλόψει
1133 4913 1227 4990 Quod
1244 4929 1323 4977 vero
1337 4913 1501 4993 scriptum
1515 4915 1566 4976 est
1582 4912 1617 4974 in
1635 4913 1838 4996 Apocalypsi
1973 4963 1974 4976 .

295 5012 442 5079 Ἰωάννου
458 5023 515 5078 τοῦ
536 5013 815 5100 θεολογικωτάτου
831 5023 892 5079 τῶν
914 5015 1043 5101 εὐαγγε-
1087 5019 1241 5096 loannis,
1265 5017 1391 5081 summi
1415 5018 1504 5080 inter
1531 5017 1707 5097 Apostolos
1738 5035 1841 5083 evan·

293 5117 406 5183 λιοτιῖιν
423 5115 625 5183 ἀποστόλων·
649 5117 813 5204 Μακάριος
836 5120 890 5182 καί
914 5122 1001 5203 άγιος
1025 5121 1042 5183 ό
1088 5123 1229 5198 gelistas
1253 5121 1425 5198 theologi:
1451 5121 1605 5183 «Beatus
1636 5126 1671 5184 et
1701 5127 1842 5188 sanctus
