3966 6104
801 513 864 584 ΕΡ.
881 518 934 584 ΕΤ
955 521 1080 587 MART.
1198 595 1200 598 ,
1649 527 1709 592 611

160 651 244 742 ἔλίαν
260 645 353 742 μέθας
373 655 406 721 ἐν
429 666 468 742 αθ
491 653 662 723 αναανααα
684 667 723 744 τό
747 659 866 743 cpdrp,
884 656 910 744 Ι)
958 680 1017 759 qni
1045 679 1147 742 habet
1164 683 1293 761 partem
1318 682 1352 744 in
1377 685 1622 747 resurrectione
1647 688 1715 766 pri³

161 761 204 844 el
228 759 334 844 νόμιζε
356 769 510 845 νεανικῶς
532 759 660 847 πρῶτον
683 765 737 827 νον
760 765 910 851 δευτέρον
956 803 1022 864 ma,
1037 805 1053 842 »
1083 785 1152 847 non
1180 793 1300 866 putare
1325 788 1454 850 rarione
1481 790 1642 870 temporis
1669 792 1713 853 sr-

159 862 332 929 αναανααν
343 863 586 932 νααννίννααθαν·
599 863 723 952 μίαμαμ
736 868 821 932 αααν
832 870 910 935 παν·
956 889 1115 968 gnificari
1132 892 1276 971 primam
1293 894 1327 954 et
1341 892 1526 956 secundem
1542 910 1714 957 resurrec-

159 965 425 1055 οοννάνάοταοοςν
448 969 502 1031 ααί
520 965 599 1078 μίαν
620 966 744 1054 ίίμέμαν
760 971 870 1055 ὥθνααν
893 973 910 1038 α
955 975 1731 1078 tionemunaenimestornniumresurrectio,'

158 1065 250 1150 Θοόον
266 1071 299 1134 ἐν
315 1071 335 1154 ᾗ
352 1069 460 1157 μἑλίνα
474 1079 578 1156 αθῗναν
594 1074 652 1157 τὴν
672 1074 860 1160 αίαανμὲννίν
877 1077 910 1141 ἐν
957 1115 1127 1178 unamque
1144 1097 1234 1162 diem
1252 1099 1343 1161 Deus
1359 1100 1519 1178 decrevit,
1531 1100 1567 1162 in
1581 1100 1712 1181 quain-

157 1174 348 1259 δναανααννίίν
366 1174 432 1261 μεθ’
443 1177 483 1260 ίν
497 1175 624 1262 νίμαθίνν
640 1180 695 1242 ααί
711 1179 830 1244 νναναν
850 1170 909 1244 ανα
954 1201 1131 1264 dicaturus
1148 1206 1199 1264 est
1215 1201 1331 1264 orbem
1349 1204 1381 1265 in
1398 1202 1546 1282 justitia,
1564 1220 1632 1284 qua
1647 1205 1714 1267 ela-

155 1279 240 1345 ἔσαν
253 1279 396 1363 ναίνίοδος
411 1282 465 1344 καί
482 1284 588 1367 potor
603 1283 658 1345 ααί
668 1282 818 1350 ἐνναννίνν
832 1283 907 1350 ανα-
954 1322 1024 1385 pse,
1035 1322 1097 1368 nec
1113 1304 1249 1368 dierum
1260 1323 1321 1368 nec
1333 1307 1486 1368 noctium
1499 1307 1571 1370 ulla
1582 1324 1714 1370 succes-

155 1382 277 1484 νόησίς·
293 1372 391 1448 Χίλοο
405 1384 440 1449 δὲ
456 1386 512 1469 ἔτη
529 1394 587 1470 τῆς
611 1385 772 1472 βασιλείας
788 1388 909 1473 ‹erepc-
953 1409 1003 1471 sio
1020 1415 1080 1485 est,
1101 1426 1162 1471 nec
1184 1409 1354 1472 mensium
1378 1413 1593 1473 eternorum
1618 1427 1713 1473 reno·

154 1506 219 1571 αανν
234 1490 288 1554 ναν
304 1487 481 1572 ααὲμανναν
502 1490 602 1554 αἰῶνα
624 1492 676 1574 δία
692 1499 750 1575 rig
765 1489 908 1576 λίνόναὸος
954 1512 1054 1573 ratio
1080 1512 1171 1576 Mille
1195 1512 1287 1574 enim
1308 1529 1414 1575 annos
1439 1514 1638 1592 nominavit,
1663 1531 1711 1577 re·

154 1591 279 1676 δηλῶν·
293 1591 453 1679 γέγραφεν
468 1596 529 1681 γὰρ
546 1595 562 1659 δ
579 1594 756 1689 ἆπόοοολος
776 1594 907 1681 Πένθος,
953 1615 1015 1692 gni
1042 1615 1246 1678 immensum
1272 1617 1436 1679 saeculum
1460 1617 1496 1678 in
1520 1619 1712 1682 millenario

155 1695 201 1761 να
218 1687 273 1782 μία
286 1694 391 1782 νίμνμα
406 1699 494 1782 ααθα
505 1697 613 1784 Καθίμ
626 1699 667 1778 ὡς
678 1690 769 1786 λίμνα
784 1702 840 1784 ἔνθ
853 1703 907 1766 ααί
952 1719 1137 1783 declarans.
1155 1713 1289 1782 Etenim
1307 1721 1427 1782 Petrus
1439 1721 1618 1800 Apostolus
1631 1723 1712 1785 scri-

156 1799 245 1885 xlta
255 1801 311 1884 ἔτη
324 1800 365 1878 ὡς
380 1800 486 1886 ἡμέρα
502 1799 603 1888 elffii
617 1803 685 1890 Τὴν
697 1806 752 1868 οὖν
769 1795 842 1890 μίαν
853 1807 922 1898 νονι
953 1824 1030 1902 psit,
1041 1822 1130 1902 quod
1145 1840 1212 1884 una
1228 1822 1300 1886 dies
1315 1821 1405 1902 apud
1422 1823 1604 1886 Dominum
1620 1825 1710 1887 sicut

157 1902 340 1970 αλανααῗαν
354 1905 476 1991 νίμὲθαν
491 1898 616 1993 ἒααίννλν
635 1910 691 1973 ααν
713 1909 757 1986 οἷς
773 1907 907 1994 αααμαν·
954 1928 1048 1990 mille
1072 1928 1165 2005 anni,
1182 1932 1217 1990 et
1233 1923 1326 1989 mille
1341 1927 1423 1990 anni
1439 1929 1529 1992 sicut
1545 1945 1614 1990 una
1628 1929 1722 1992 dies

157 2027 212 2072 ναν
226 2007 487 2094 ααμαναίναναανν
500 2013 554 2076 ααὶ
570 2011 720 2097 Ἰοαννθς
736 2023 775 2098 νῇ
787 2013 906 2099 λιλιίιδι
953 2033 1061 2094 Unam
1088 2032 1196 2109 igitur
1208 2035 1241 2094 et
1253 2039 1457 2111 postremam
1473 2031 1573 2110 diem,
1589 2049 1662 2096 sese
1676 2034 1711 2094 in

157 2121 219 2179 ναν
234 2114 312 2178 ἶναν
327 2114 510 2200 ἐνανίξανο·
727 2219 729 2227 Ι
952 2135 1129 2198 infinitum
1146 2135 1394 2215 extendentem,
1411 2138 1559 2200 loannes
1576 2153 1711 2217 quoque

162 2305 168 2314 ,
952 2243 1091 2305 chiliadi
1108 2259 1274 2308 annorum
1291 2243 1492 2320 assignavit.

202 2336 293 2416 Τινὲς
315 2337 350 2402 δὲ
365 2338 580 2424 πλανηθέντες
596 2340 651 2404 καί
665 2351 819 2426 χρονικῶς
834 2341 906 2428 veri-
995 2341 1158 2410 Nonnulli
1171 2351 1286 2408 autern
1298 2363 1411 2408 errore
1427 2345 1518 2427 capti
1531 2349 1565 2408 et
1580 2363 1710 2428 respec-

156 2462 268 2518 σαντες
283 2444 342 2528 την
357 2442 486 2528 πρύτην
509 2444 681 2510 ἀνάστασιν
697 2445 845 2533 ἐνόμισαν
859 2467 907 2534 χι·
951 2457 990 2514 tu
1012 2451 1054 2514 ad
1073 2457 1210 2532 tempus
1233 2450 1467 2528 intelligentes
1481 2449 1636 2531 'primam
1660 2468 1710 2515 re·

155 2543 230 2611 λίνον
245 2545 324 2610 ἐτῶν
346 2544 491 2632 περίοδον
513 2547 761 2633 προανίστασθαι
775 2552 848 2628 τοὺς
871 2550 907 2616 δι-
950 2537 1208 2632 surrectionem,
1232 2554 1361 2634 opinati
1377 2554 1515 2618 suntad
1532 2555 1626 2618 mille
1649 2572 1711 2620 an-

155 2647 253 2734 γίσυς,
266 2651 321 2714 καὶ
332 2648 503 2716 ἀπολαύειν
514 2661 575 2718 τῶν
590 2660 647 2737 της
662 2662 722 2738 γης
736 2653 855 2738 ταύτης
871 2654 905 2719 ἀ·
951 2675 1073 2723 norum
1081 2658 1256 2738 periodum
1268 2661 1479 2722 surrecturos
1492 2663 1707 2722 essesanctos

156 2753 273 2839 γαθύιν,
303 2757 358 2819 καί
387 2759 486 2834 οὕτως
514 2753 653 2843 γίνεσθαι
683 2759 742 2844 τὴν
768 2757 906 2824 καθόλου
951 2767 985 2824 et
1000 2759 1165 2825 fruituros
1182 2761 1279 2826 bonis
1294 2761 1397 2842 huius
1413 2766 1522 2843 terrae,
1539 2766 1574 2826 et
1588 2762 1708 2826 sicfle·

154 2857 281 2924 πόιντιον
301 2860 482 2942 ἀνάστασιν,
506 2863 586 2946 μετὰ
610 2863 669 2947 την
696 2861 904 2948 παραδρομὴν
951 2867 979 2930 ri
1011 2867 1205 2930 universam
1240 2866 1393 2930 omnium
1424 2868 1707 2930 resurrectionem

153 2973 217 3030 τῶν
241 2963 351 3051 χιλίων
374 2966 461 3048 ἐτῶν,
485 2966 562 3050 δπερ
590 2965 673 3031 ἐστιν
696 2967 825 3052 μυθικὸν
851 2969 906 3032 καί
951 2976 1026 3052 post
1042 2970 1135 3034 mille
1151 2987 1318 3034 annorum
1335 2971 1556 3049 curriculum,
1571 2971 1706 3052 idquod

155 3068 214 3147 ἔξω
230 3067 344 3134 πίπτον
366 3079 423 3154 της
445 3067 566 3145 ἐννοίας
582 3077 639 3153 της
654 3067 747 3146 θείας
768 3080 903 3156 γραφῆς.
951 3073 1101 3138 tabulam
1128 3074 1196 3136 olet
1222 3079 1256 3136 et
1281 3077 1379 3136 extro
1409 3093 1547 3138 sensum
1579 3075 1704 3139 divinae

154 3172 224 3259 Βοᾷ
250 3176 312 3260 γὰρ
335 3173 352 3238 ό
375 3183 437 3238 τῶν
464 3171 561 3238 μείων
589 3172 767 3259 μυστηρίων
793 3172 907 3260 ταμίας
951 3181 1133 3260 scripturae
1156 3179 1334 3244 exorbitat.
1361 3181 1494 3244 Clamat
1514 3181 1605 3244 enim
1624 3179 1709 3244 divi·

155 3275 293 3359 Παῦλος,
309 3273 475 3362 Ῥωμαίοις
491 3276 631 3362 γράφων,
649 3278 666 3340 ό
681 3277 725 3354 είς
741 3279 844 3360 τρίτον
857 3277 907 3343 οδ·
951 3300 1072 3346 norum
1085 3284 1324 3366 mysteriorum
1335 3284 1610 3364 illedispensator
1620 3286 1705 3348 Pan·

155 3385 250 3466 ρανδν
266 3367 429 3467 ἁρπαγαῖς,
446 3381 501 3444 καί
516 3381 560 3457 εἰς
576 3382 670 3446 αὐτόν
686 3383 739 3445 τόν
752 3381 906 3466 Παράδει-
952 3389 1016 3465 lus,
1029 3387 1071 3449 ad
1085 3391 1251 3450 Romanos
1264 3387 1425 3466 scribens,
1439 3387 1528 3451 idem
1542 3393 1659 3468 raptus
1673 3389 1707 3450 in

155 3507 212 3550 σον
220 3481 259 3571 ³),
275 3488 331 3552 καί
347 3483 491 3569 διρῥητιον
502 3485 684 3562 ἐπακούσας
698 3485 856 3570 ῥημάτων,
866 3485 908 3562 ὡς
951 3493 1091 3554 tertium
1108 3493 1228 3553 caelum
1246 3496 1279 3552 et
1296 3507 1403 3570 nsque
1423 3492 1464 3553 erl
1482 3491 1592 3570 ipsum
1609 3509 1704 3570 para·

155 3591 217 3654 ούκ
232 3587 353 3672 ἐστινὴ
371 3587 515 3675 βασιλεία
537 3599 593 3653 τοῦ
609 3585 695 3653 Θεοῦ
718 3587 829 3674 βρῶσις
853 3591 908 3654 καί
952 3595 1075 3671 disum,
1091 3595 1190 3674 etqui
1206 3611 1330 3672 tircano
1343 3593 1446 3656 verbe
1457 3593 1599 3656 audivit:
1614 3597 1706 3656 «Non

154 3691 244 3770 πόσις
257 3687 296 3775 ν),
321 3691 405 3754 ἀλλὰ
428 3692 610 3776 δικαιοσύνη
639 3694 693 3756 καί
717 3691 826 3777 εἰρήνη
854 3695 907 3758 καί
953 3707 1003 3762 est
1017 3715 1162 3776 regnum
1176 3699 1238 3760 Dei
1250 3697 1346 3760 cibus
1362 3705 1396 3760 et
1408 3703 1517 3777 potus,
1534 3697 1591 3761 sed
1605 3696 1706 3777 justi-

154 3799 242 3883 χαρὰ
256 3798 290 3862 ἐν
306 3796 466 3881 Πνεύματι
481 3797 570 3883 ἁγίῳ.
729 3849 732 3856 .
953 3805 1001 3865 tic
1014 3807 1048 3864 et
1059 3821 1124 3882 pax
1137 3809 1170 3864 ct
1182 3801 1350 3879 gaudium
1367 3803 1401 3864 in
1414 3803 1542 3881 Spiritu
1554 3808 1680 3864 sancto.
1691 3824 1706 3860 »

188 4031 206 4073 1.
219 4017 266 4072 Ex
285 4016 379 4073 Vatis.
397 4019 468 4072 2022
487 4017 507 4074 s.
526 4019 586 4090 337,
600 4021 631 4075 in
650 4020 810 4095 appendice
828 4021 908 4095 edje·
953 4019 1021 4078 dam
1040 4021 1125 4076 Petri
1148 4039 1166 4076 a
1192 4025 1322 4094 martyre
1343 4019 1536 4094 comprobari,
1555 4019 1710 4078 dummodo

154 4111 210 4175 cte,
223 4104 276 4160 sed
288 4106 383 4161 altera
399 4123 488 4160 manu
506 4123 571 4162 saec.
585 4122 637 4178 x11,
650 4119 718 4179 post
736 4108 818 4164 eliud
836 4127 909 4183 opus
951 4107 1112 4180 genuinum
1125 4107 1165 4162 eit
1177 4107 1233 4162 hoc
1245 4106 1390 4163 Methodii
1404 4125 1486 4180 opus.

154 4193 259 4246 tritum
269 4197 299 4247 et
308 4190 496 4247 fastidiosum
505 4193 627 4247 Antonii
637 4193 774 4250 Monachi
785 4195 818 4250 de
831 4195 908 4250 Man·
988 4200 1016 4264 3)
1029 4194 1206 4264 Methodius,
1224 4200 1258 4249 ut
1276 4193 1409 4250 nonnulli
1423 4203 1545 4264 veteres,
1562 4193 1707 4268 duplicem

156 4277 357 4344 deludamini,
376 4276 479 4348 inqua
497 4277 657 4349 appendice
673 4289 908 4336 concurruntr‘a-
951 4281 1067 4337 ridetur
1094 4280 1237 4336 visionem
1260 4279 1344 4334 Peuli
1369 4281 1492 4335 innuere
1515 4287 1544 4335 et
1568 4296 1587 4334 a
1617 4279 1707 4335 tertio

153 4365 272 4421 tissima
289 4369 422 4435 κειμηλια,
447 4365 735 4422 libellns'Melitonis
754 4367 790 4423 de
808 4369 909 4440 Bapti·
952 4367 1026 4424 coelo
1035 4365 1211 4440 paradisum,
1220 4371 1253 4420 ut
1261 4364 1448 4438 superiorem,
1458 4383 1617 4437 secernere,
1629 4367 1708 4438 qnod

154 4469 226 4522 amo,
239 4470 326 4524 quem
337 4452 428 4508 habes
442 4469 530 4523 supra
542 4457 612 4506 tom.
626 4467 648 4508 11
660 4470 687 4524 p.
699 4454 725 4522 4,
739 4454 834 4510 oratio
847 4455 908 4509 Ma·
952 4452 1092 4510 disertius
1099 4452 1206 4508 asserit
1214 4450 1292 4525 apud
1302 4451 1448 4506 Photinm.
1461 4453 1636 4522 Patronem,
1644 4455 1705 4508 295.

154 4539 227 4594 carii
238 4539 387 4610 Magnetis
400 4555 488 4609 quam
501 4535 644 4592 edendam
657 4556 675 4593 a
687 4556 733 4594 me
750 4541 863 4612 recepit
875 4541 908 4594 L.
988 4543 1016 4608 4)
1030 4539 1115 4595 Rom.
1129 4553 1190 4608 xiv,
1203 4539 1244 4592 17.

154 4626 319 4694 Dncheane,
343 4623 375 4680 in
393 4623 471 4679 thesi
490 4622 527 4678 de
545 4623 675 4679 Macerio
692 4626 849 4696 Magnete,
874 4643 909 4681 ac
988 4643 1018 4682 11.
1032 4626 1077 4680 Ex
1090 4624 1185 4680 Vetic.
1199 4623 1305 4694 Regin.
1319 4625 1336 4678 6
1350 4623 1370 4678 f.
1384 4625 1427 4693 45,
1441 4624 1473 4678 in
1485 4631 1590 4680 catena
1603 4627 1707 4681 Penta·

151 4719 261 4787 praeter
269 4711 462 4780 Methodinm,
470 4710 529 4765 alia
537 4709 572 4765 de
580 4710 686 4781 quibus
697 4712 779 4782 alias,
789 4713 815 4768 si
828 4714 909 4768 Deus
953 4711 1062 4781 teuchi,
1072 4728 1090 4765 a
1099 4709 1215 4765 caeteris
1225 4708 1370 4778 dissimili,
1378 4709 1428 4764 ubi
1438 4709 1516 4765 inter
1525 4727 1610 4765 raros
1619 4709 1709 4766 inter-

151 4797 269 4855 feverit.
284 4797 356 4865 Qnae
374 4804 474 4852 tamen
492 4795 541 4849 hic
560 4795 712 4853 Methodio
731 4797 910 4871 tribuuntur,
952 4805 1061 4872 protes,
1079 4802 1113 4852 ut
1131 4795 1335 4868 Hippolytum,
1355 4795 1534 4866 Melitonem,
1552 4793 1721 4866 Irenaeum,

153 4884 284 4942 vixcnm
295 4883 442 4958 perpolita
453 4882 626 4937 Peterensis
639 4883 789 4956 elegantia
801 4903 907 4944 conve·
953 4885 1134 4940 Clementem
1150 4881 1402 4952 Alexandrinum,
1427 4882 1517 4937 etiam
1539 4882 1709 4939 Methodius

153 4971 248 5028 niunt.
262 4969 466 5026 Inseribuntur
484 4974 531 5025 τοῦ
550 4974 594 5038 ἀγ.
612 4972 680 5024 liei.
693 4976 733 5025 ἐπ.
753 4977 812 5040 περί
830 4975 909 5027 ᾶνασ-
954 4970 1045 5026 semel
1055 4976 1086 5026 et
1095 4969 1202 5025 iterum
1211 4968 1380 5024 adducitur:
1395 4969 1445 5025 sed
1456 4985 1522 5041 qnae
1532 4971 1611 5026 ultra
1620 4977 1710 5042 caput

152 5049 267 5124 πεύσεως.
471 5103 473 5106 .
954 5057 1114 5114 secundnm
1125 5058 1202 5112 male
1215 5057 1315 5112 excisa
1326 5074 1386 5112 non
1398 5057 1596 5129 progreditur.
1614 5057 1707 5114 Plura

190 5143 351 5217 1)Apoeal.
365 5159 416 5214 xx,
430 5146 454 5200 5.
955 5146 1087 5220 ejusdem
1105 5145 1250 5202 Methodii
1268 5145 1299 5200 in
1312 5145 1412 5202 codice
1430 5146 1652 5220 praemittuntur
1670 5147 1707 5202 iia

187 5231 339 5299 MmPetr.
350 5245 392 5302 111,
400 5232 426 5286 8.
434 5231 512 5288 Nota
522 5237 552 5287 et
561 5229 761 5304 Apocalypsin
769 5233 799 5286 et
808 5246 910 5288 secun·
955 5250 1020 5305 quta
1033 5231 1217 5305 proferimus,
1236 5249 1270 5288 ae
1283 5231 1384 5303 paucis
1397 5232 1520 5288 mutatis
1532 5239 1563 5290 et
1582 5233 1706 5290 omissis.
1748 5251 1750 5256 ·
