3966 6104
740 671 1025 785 SANCTUS
1066 669 1409 783 Mlucffloll

583 943 846 1008 EOCLESIAE
876 943 1224 1008 ANTIOCHENAE
1253 943 1554 1048 PeEseYTER

338 1162 437 1225 Haud
452 1162 526 1226 sine
548 1162 749 1227 detrimento
765 1163 915 1227 historie
938 1162 1043 1226 eccle·
1086 1177 1153 1243 que
1165 1160 1324 1240 detegere
1337 1155 1529 1245 valuit..›>⁶)
1541 1162 1592 1226 Ex
1605 1159 1721 1225 eodem
1733 1162 1843 1225 Leon·

294 1267 439 1330 siasticae
455 1271 489 1330 et
505 1267 687 1346 theologiae
701 1285 816 1349 sacrae,
833 1265 1043 1331 intercidisse
1086 1265 1136 1328 tio
1157 1266 1347 1346 recepimus
1362 1281 1403 1328 ea
1423 1283 1498 1347 quae
1519 1269 1720 1346 sequuntur,
1737 1265 1843 1328 editis

294 1387 433 1451 prorsus
448 1374 524 1433 acta
545 1371 663 1452 primae
678 1370 804 1455 synodi
826 1370 1044 1435 Antiochense
1088 1368 1180 1450 apud
1198 1369 1414 1449 Turrianum,
1434 1370 1608 1434 canisium
1624 1373 1659 1432 et
1672 1363 1842 1452 Maium⁵)

296 1471 341 1556 (a.
363 1471 450 1556 264),
469 1472 526 1536 oui
540 1473 678 1538 adfuere
694 1475 839 1553 Magnus
862 1475 1045 1556 Dionysius
1089 1471 1233 1538 feliciter
1248 1471 1410 1538 addenda.
1423 1476 1514 1537 Auro
1526 1473 1616 1537 enim
1628 1475 1759 1537 cariora
1770 1475 1846 1537 exi-

295 1581 329 1638 et
345 1577 532 1653 Gregorius
550 1577 848 1657 thaumaturgum
868 1581 902 1640 et
919 1577 1044 1658 partim
1087 1577 1319 1642 stiruabuntur
1331 1579 1387 1642 vel
1402 1578 1549 1660 paucula
1569 1581 1673 1640 tantae
1689 1578 1842 1658 antiqui-

295 1680 437 1761 periisse
449 1681 593 1744 alteram
601 1680 768 1763 synodum
783 1681 819 1744 in
831 1679 947 1744 eadem
960 1680 1044 1744 urbe
1088 1681 1178 1762 tetis,
1201 1681 1293 1746 etad
1308 1685 1571 1748 controversiam
1594 1683 1677 1746 adeo
1696 1699 1841 1762 gravem

296 1786 386 1849 circe
408 1804 438 1849 a.
455 1786 519 1849 270
536 1787 667 1866 initam,
684 1789 865 1868 utramque
880 1786 1043 1850 adversus
1087 1782 1271 1848 referenda.
1288 1787 1368 1861 Quae
1379 1787 1495 1849 inveni
1510 1786 1627 1866 obiter,
1643 1785 1726 1849 dum
1742 1785 1840 1849 nobi-

296 1891 441 1953 Paulum
450 1889 1044 1970 samosatensem,indolueredudum
1090 1887 1116 1951 li
1146 1892 1301 1971 receptus
1324 1889 1470 1971 hospitio
1491 1889 1582 1972 apud
1605 1889 1842 1953 doctissimum

296 1993 432 2073 eruditi,
448 1995 507 2075 qui
527 1995 628 2056 anxie
643 1995 881 2075 acquisierunt
894 1995 1045 2058 testimo-
1087 1991 1200 2054 virum
1212 1989 1421 2056 salvatorem
1433 1994 1840 2071 MagnascoGenuensem

295 2099 355 2160 nia
370 2102 404 2160 et
422 2101 652 2178 monumenta,
668 2101 834 2180 quotquot
856 2101 991 2162 exstant
1011 2115 1046 2160 a·
1088 2093 1390 2177 archiepiscopum,
1417 2099 1452 2158 et
1465 2095 1627 2160 accedens
1648 2095 1691 2160 ad
1715 2095 1839 2161 biblio-

297 2201 367 2283 pud
378 2201 564 2265 Eusebium
576 2205 611 2264 et
622 2200 800 2266 Leontium
807 2202 1044 2284 Byzantinum.
1088 2197 1221 2260 thecam
1236 2198 1375 2262 urbenae
1390 2199 1569 2279 Missionis,
1582 2199 1687 2264 incidi
1699 2201 1736 2263 in
1750 2199 1842 2264 codi-

296 2289 443 2370 Eusebio
459 2304 595 2387 quidem
617 2310 789 2387 acceptam
809 2299 993 2390 refer-unffi)
1013 2321 1046 2369 e·
1089 2319 1163 2392 cem
1177 2301 1294 2366 saculi
1310 2287 1444 2366 circiter
1463 2303 1644 2384 undecimi,
1652 2294 1678 2386 6)
1701 2320 1769 2384 quo
1784 2321 1844 2367 re·

294 2401 453 2492 pistolam
461 2409 657 2493 synodicam
665 2427 769 2491 quam
776 2410 978 2475 Antiocheni
985 2413 1045 2474 Pa·
1088 2409 1201 2470 terum
1215 2410 1351 2487 patrum
1363 2422 1465 2490 opera
1480 2406 1697 2471 miscellanea
1712 2411 1748 2469 et
1762 2424 1844 2482 rara

294 2520 374 2595 tres,
383 2514 548 2583 ,damnato
562 2515 678 2594 Paulo,
690 2513 899 2596 scripserunt
911 2513 954 2576 ad
968 2513 1046 2577 Dio·
1088 2510 1350 2574 continebantur
1371 2509 1529 2574 videlicet
1543 2511 1746 2592 Serapionis,
1773 2512 1843 2574 Titi

294 2620 432 2703 nysium
447 2623 635 2683 Romanum
651 2622 685 2681 et
700 2618 885 2682 Maximum
900 2619 1045 2682 Alexan·
1089 2615 1289 2694 Bostreusis,
1299 2614 1430 2698 cyrilli,
1441 2615 1629 2695 Athanasii,
1640 2597 1774 2694 Basilii:
1783 2615 1846 2677 Za·

294 2723 442 2803 drinum,
464 2727 602 2788 auctore
624 2723 813 2789 Malchione
839 2721 1045 2804 presbytem,
1090 2720 1215 2784 chartae
1245 2719 1488 2804 Mitylenensia,
1515 2718 1680 2784 Theodori
1710 2720 1844 2783 Abuca-

295 2835 335 2892 ut
345 2831 489 2892 testatur
504 2819 775 2910 Hieronymuafll.
795 2825 954 2889 Leontius
966 2843 1047 2890 vero
1090 2843 1147 2905 rae,
1158 2824 1337 2906 Nicephori
1354 2826 1414 2887 ΟΡ.
1431 2827 1466 2887 et
1480 2827 1602 2906 praeter
1616 2824 1685 2887 alia
1700 2825 1842 2904 leviora,

265 2979 269 2990 ,
294 2931 449 3012 quaedam
471 2923 655 3013 servaviti)
671 2947 714 2993 ex
738 2929 967 3011 disputatione
990 2947 1048 2993 au·
1090 2927 1228 2992 taudem
1247 2929 1379 3000 Leontii
1399 2928 1589 3010 Byzantiui‚
1608 2927 1645 2991 in
1660 2926 1759 3007 cujus
1773 2929 1843 3010 syl·

293 3037 409 3115 scepta
427 3034 589 3097 adversus
608 3035 752 3097 Paulum
769 3032 812 3096 ab
833 3032 952 3096 eodem
967 3034 1048 3097 Mal·
1090 3033 1169 3111 loge
1191 3049 1326 3096 nxxvru
1349 3033 1631 3113 testimoniorum,
1654 3033 1777 3095 ultimo
1804 3034 1842 3095 in

294 3138 426 3217 chione,
451 3138 542 3218 «qui
556 3139 650 3201 solus
672 3138 836 3217 omnium,
852 3137 965 3218 inquit
980 3137 1047 3200 Eu·
1092 3139 1165 3201 loco
1188 3142 1222 3201 et
1245 3135 1301 3201 iol.
1333 3137 1407 3216 353,
1434 3137 1613 3219 sequentia
1641 3137 1841 3216 recitantur,

295 3239 419 3320 sebius,
439 3240 587 3304 occultos
603 3240 749 3306 hominis
764 3259 884 3305 seusus
898 3240 1048 3305 fraudes·
1090 3242 1176 3306 heul
1201 3243 1303 3308 nimis
1319 3243 1385 3305 cito
1400 3241 1560 3322 abruptae

383 3378 525 3466 Χρήοεις
539 3387 595 3446 τοῦ
609 3379 734 3464 πρώτω
749 3380 845 3466 λόγου
860 3375 897 3465 ⁷),
920 3378 1005 3458 ὅπως
1019 3379 1049 3444 οἱ
1063 3381 1118 3445 τὸν
1134 3377 1335 3465 Σαμωοοιτέα
1356 3378 1542 3458 καθελόντες
1557 3378 1696 3461 Παῦλον,
1712 3378 1742 3445 ol
1756 3381 1842 3466 ἅγιοι
1967 3411 1968 3426 ι

294 3467 427 3554 πατέρες
448 3471 508 3556 τὴν
530 3462 664 3555 οὐσὶιίιδη
680 3480 803 3535 νοοῦσιν
827 3469 936 3536 ἕνωσιν
949 3479 1006 3534 τοῦ
1021 3467 1105 3536 Θεοῦ
1120 3466 1226 3554 Λόγου
1242 3471 1320 3553 πρὸς
1335 3472 1389 3535 τὸν
1404 3468 1475 3534 κατ’
1486 3468 1582 3535 αὐτὸν
1596 3469 1770 3554 ἄνθρωπον,
1784 3472 1842 3534 acl

294 3558 353 3625 τίνι
374 3558 554 3625 διαλλάττει
574 3559 656 3646 abst]
679 3567 738 3643 τῆς
760 3560 845 3623 κατὰ
867 3560 1007 3646 μετοχὴν
1029 3560 1101 3645 ἠτοι
1122 3557 1277 3643 ποιότητα
1299 3557 1449 3635 evonant.

384 3703 580 3769 mercimonia
587 3703 716 3784 priua
729 3702 845 3784 memb,
864 3720 925 3784 qao
939 3701 1062 3768 select
1075 3701 1174 3782 eodo,
1191 3702 1335 3768 Pontem
1351 3703 1592 3768 Samosatam
1605 3703 1712 3769 soluti
1724 3707 1842 3784 putres
1967 3739 1968 3750 ι

205 3859 207 3864 Α
288 3789 513 3878 melicertes,
538 3793 726 3875 intelltaeot
753 3792 903 3855 ιιιιίοιιειιι
924 3791 1028 3874 quoad
1047 3789 1264 3857 substantiam
1295 3791 1387 3857 Verbi
1409 3793 1472 3855 Dei
1493 3809 1565 3856 οιιιιι
1586 3791 1660 3872 ereo
1681 3792 1752 3872 ejus
1778 3791 1841 3856 ta-

295 3884 451 3948 maaitete
471 3885 504 3947 et
524 3881 617 3964 attoli
637 3881 763 3946 retineo
783 3879 918 3964 deferat
938 3879 977 3946 ab
999 3879 1116 3944 νιιίοιιι
1139 3897 1178 3946 eo
1193 3880 1446 3962 manentiam
1467 3881 1535 3946 eice
1557 3881 1724 3962 qualitate.

380 4021 441 4089 Ἐκ
461 4031 518 4089 τοῦ
540 4020 698 4107 διαλόγου,
721 4022 757 4085 ὃν
779 4017 969 4105 ἐποιήσαντο
992 4021 1069 4104 πρὸς
1092 4019 1220 4087 Παῦλον
1235 4019 1288 4086 ea
1309 4018 1423 4106 λέξεως
1446 4020 1679 4107 ὑπομνημάτων
1703 4021 1731 4087 οἱ
1752 4022 1842 4088 ἐπίο-

292 4125 387 4176 ιιοιιοι
407 4112 460 4178 διὰ
482 4109 671 4198 Μαλχίωνος
693 4108 904 4195 πρεοὸυτέρου
926 4107 1082 4196 Ἀλχέινν.

380 4255 432 4320 Ea
453 4255 588 4338 dabloqo,
621 4271 714 4336 qoem
744 4269 815 4318 οιιιιι
836 4253 942 4318 Panlo
961 4251 1118 4335 secernat
1144 4251 1292 4334 epitecti,
1325 4249 1417 4318 certo
1447 4256 1540 4320 tereus
1568 4270 1607 4319 en
1634 4254 1770 4337 εοννζινιιζε
1799 4255 1843 4320 od

291 4345 481 4411 mmmmm
495 4359 560 4437 per
581 4341 796 4408 Malateca
809 4341 1037 4424 presbeterum
1057 4339 1274 4407 neomesiam.

289 4507 292 4514 ·
328 4483 357 4556 1)
369 4483 439 4539 lieet.
449 4484 512 4538 ecel
523 4481 573 4537 lib.
582 4495 634 4550 vn,
644 4480 687 4536 30.
698 4479 801 4536 Patrol.
811 4494 840 4550 x,
851 4479 904 4535 ool.
912 4479 1040 4536 250-258.
1084 4476 1152 4532 nius
1164 4475 1357 4549 describendi,
1370 4475 1422 4533 sed
1434 4476 1579 4534 illiberale
1591 4482 1671 4534 esset
1679 4480 1839 4552 procreeti-

328 4569 358 4640 2)
371 4570 411 4625 De
424 4568 494 4625 viria
506 4569 607 4624 illnetr.
620 4566 690 4640 (lep.
704 4566 747 4623 u.
1085 4564 1152 4620 neri
1163 4564 1327 4636 gratimnm
1338 4565 1469 4621 actiones
1482 4563 1600 4621 debitas
1609 4565 1789 4622 humanitati
1804 4567 1841 4622 el.

326 4651 860 4725 mtor.mlev.reaertae1’atrot
878 4663 1041 4725 ωιτη.
1086 4651 1145 4710 viri
1165 4651 1310 4710 Ludovici
1333 4651 1445 4724 Gresei,
1466 4651 1675 4710 merentissimi
1696 4653 1839 4723 canonici,

291 4740 318 4812 1,
329 4740 384 4796 col
396 4739 558 4796 1391-1395.
1087 4756 1145 4811 qno
1161 4739 1289 4810 favente,
1307 4738 1400 4797 codex
1417 4740 1448 4796 in
1469 4739 1577 4797 Urbem
1598 4739 1706 4795 missus
1724 4745 1787 4810 est,
1806 4745 1840 4796 ut

325 4825 596 4900 ammanitae.
1086 4824 1194 4881 studiis
1205 4825 1280 4882 meio
1291 4825 1442 4882 commode
1452 4825 1619 4882 inserviret.
1794 4867 1796 4870 -

324 4915 354 4986 5)
365 4913 473 4970 PetroL
485 4929 515 4986 x,
528 4912 582 4970 col.
594 4913 656 4984 259,
668 4914 723 4970 260
735 4919 790 4970 ete.
1122 4911 1230 4982 7)Duo
1248 4918 1319 4970 sunt
1329 4912 1447 4969 bentii
1465 4930 1554 4986 opera
1571 4913 1713 4972 adrasus
1730 4913 1837 4970 Nesto·

327 5003 415 5072 lllssx
427 5019 484 5074 quo
496 5017 557 5056 non
567 5017 661 5074 penca
673 5017 763 5072 qnam
779 5000 947 5074 excepimus
959 5015 1044 5056 aneo-
1088 4999 1196 5070 rianoe,
1208 5017 1299 5056 unum
1315 4999 1348 5055 in
1364 5003 1426 5056 tres
1444 4998 1544 5072 libros,
1561 5001 1688 5056 alterum
1704 5000 1736 5056 in
1754 5001 1839 5074 qnin-

291 5087 369 5160 dota,
380 5088 474 5144 serius
483 5087 602 5145 ocinsve
611 5085 722 5161 publici
731 5085 867 5142 faciende
875 5085 960 5159 juris,
967 5083 1044 5140 alius
1088 5100 1153 5156 que.
1163 5085 1345 5142 Testimonie
1353 5102 1474 5142 numero
1482 5101 1597 5143 uxxvm
1606 5085 1644 5143 ad
1653 5086 1763 5144 calcem
1770 5093 1840 5145 eunt

291 5175 374 5234 locus
386 5172 444 5230 erit
456 5172 603 5246 insignem
613 5171 744 5230 codicem
755 5171 851 5231 fusius
862 5177 894 5231 et
905 5177 1043 5248 opportn·
1087 5172 1175 5245 primi
1187 5173 1294 5248 operia,
1306 5189 1366 5230 non
1377 5171 1466 5247 primi
1477 5173 1553 5230 libri
