4006 6090
857 463 901 525 IN
923 462 1109 526 PSALMOS
1379 518 1383 525 .
1696 461 1760 523 357

257 619 290 664 ν.
306 601 359 664 20.
375 597 537 664 (lotiones
557 594 672 684 Κῦριος
694 597 815 677 πάντας
838 601 910 678 τοὺς
926 599 961 666 ἀ·
1049 619 1081 665 ν.
1097 602 1150 666 20.
1170 599 1314 665 Custodit
1327 599 1485 664 Donatius
1498 616 1604 664 onemo
1619 599 1754 684 ottone

214 710 382 787 γαπῦντας
397 702 502 786 αὐτὸν,
517 703 573 768 ιιαῑ
594 701 716 780 πάντας
730 703 803 780 τοὺς
818 702 962 790 ἁμαρτω-
1007 709 1053 770 tes
1067 722 1111 784 se,
1128 708 1160 769 et
1173 720 1280 768 omnes
1286 709 1469 786 peccatores
1483 702 1653 786 disperdet.

214 805 290 884 λοὺς
305 804 524 891 ἐξολιθρεῦσει.
1015 797 1018 804 ⁴

257 907 436 976 Φυλάοσων
452 907 597 995 δΚύριος
610 911 683 987 τοὺς
699 909 888 996 ἀγαπῶντας
903 911 958 976 αῦ-
1050 915 1160 990 Quum
1176 912 1322 977 custodit
1332 913 1496 977 Dominus
1508 912 1692 991 diligentes
1705 931 1751 996 se,

213 1014 278 1098 τὸν,
293 1013 312 1080 δ
325 1015 463 1098 πονηρὸς
477 1013 549 1080 κατ’
560 1013 650 1080 οὐδὲν
665 1013 781 1099 ἅψεται
797 1014 910 1081 αὐτῶν.
1008 1017 1182 1098 improbus
1198 1018 1294 1081 nulle
1308 1017 1344 1081 in
1360 1035 1396 1082 re
1411 1021 1533 1097 tanget
1547 1034 1613 1082 eos.

219 1239 221 1246 '
248 1250 276 1292 ν.
288 1234 332 1290 20.
344 1233 411 1292 Vnt
423 1233 449 1290 5.

817 1433 988 1514 Peotmue
1013 1433 1173 1512 CXLV.

258 1675 290 1722 v.
306 1659 337 1721 4.
351 1653 570 1735 Ἐξελιὺαεται
590 1657 627 1722 τὸ
644 1665 768 1742 πνεῦμα
783 1655 963 1740 αὐτοῦκαὶ
1050 1677 1082 1722 ν.
1098 1659 1129 1724 4.
1145 1658 1258 1725 now
1270 1661 1411 1742 sptenis
1425 1662 1506 1744 ejece,
1523 1667 1556 1728 et
1577 1669 1758 1731 revertetur

214 1758 393 1846 ἐπιστρέψει
409 1760 452 1838 εἰς
466 1768 525 1844 τψν
538 1769 600 1847 γῆν
622 1761 729 1845 αὐτοῦ,
745 1759 779 1827 ἐν
793 1758 899 1845 ἐκείνῃ
922 1769 962 1846 τῇ
1009 1763 1048 1828 itt
1062 1767 1184 1829 terram
1197 1780 1308 1844 ettam
1330 1767 1367 1830 ιἰι
1380 1764 1445 1830 itte
1458 1765 1511 1831 ee
1525 1766 1757 1849 pert‘tttntom·
1805 1813 1806 1816 ν

214 1862 320 1951 ἡμέρᾳ
346 1863 537 1930 ἀπολοῦνται
571 1864 685 1943 πάντες
714 1864 744 1930 οἱ
773 1864 968 1952 διαλογισμοὶ
1010 1884 1068 1933 tes
1081 1868 1288 1952 contentos
1302 1869 1382 1950 ερίιτ.

217 1967 324 2037 αὺτοῦ.
348 1971 445 2038 Vatic-
462 1971 537 2052 711,
556 1973 588 2036 2.

257 2071 305 2139 on
322 2071 486 2160 ὶξὲρχεται
507 2075 543 2138 τὸ
565 2083 689 2159 πνεῦμα
712 2072 792 2159 μετὰ
806 2081 910 2156 τοῦτο,
930 2071 960 2138 ἐ·
1052 2075 1113 2141 Ille
1124 2076 1223 2157 cujus
1236 2079 1306 2142 exit
1317 2079 1457 2160 spiritus
1464 2079 1755 2160 postvitom,dnm

212 2175 435 2263 πιοτρέιροντος
450 2178 494 2255 εἰς
513 2180 571 2263 τὴν
585 2187 646 2264 γῆν
661 2178 768 2258 αὐτοῦ,
784 2176 895 2242 τούτου
911 2177 961 2243 εἰ»
1005 2182 1189 2245 revertitur
1204 2183 1240 2247 in
1263 2187 1389 2247 terrem
1411 2201 1519 2264 suam,
1542 2183 1616 2265 eJ'us
1639 2203 1756 2251 omnes

213 2280 291 2360 θδως
306 2281 480 2347 ἀπολοῦται
490 2281 605 2361 πάντες
616 2281 646 2347 οἱ
660 2281 865 2369 διαλογισμοὶ,
881 2280 959 2348 διότι
1002 2285 1116 2350 subito
1128 2292 1272 2369 pereunt
1281 2285 1447 2372 [terrente]
1461 2290 1696 2372 cogitationes,
1712 2297 1753 2356 ut

174 2439 180 2442 .
213 2387 248 2454 ἐν
261 2386 343 2475 λήθῃ
359 2386 486 2454 πάντων
507 2386 674 2475 γενόμενος
696 2395 758 2454 τῦν
773 2388 807 2454 ἐν
822 2388 868 2466 οῖς
890 2407 961 2474 γεν-
1009 2390 1068 2472 qui
1082 2391 1227 2455 venitin
1243 2392 1448 2456 oblivionem
1464 2393 1616 2457 omnium
1639 2413 1755 2460 rerum

213 2500 316 2558 νῦται.
1008 2494 1239 2573 generationis
1254 2512 1335 2558 suae.

259 2615 291 2662 v.
309 2598 340 2662 8.
355 2595 471 2682 Κύριος
493 2594 559 2663 λύει
579 2593 824 2682 πεπιδημένοος,
846 2594 963 2681 Κύριος
1049 2614 1082 2661 ν.
1097 2598 1128 2662 8.
1143 2599 1303 2664 Dominus
1315 2599 1413 2664 sotott
1431 2599 1627 2682 compeditos,
1646 2602 1756 2667 Domi-

213 2709 308 2785 σοιροῦ
320 2700 466 2787 τυφλοὺς,
477 2698 595 2786 Κύριος
606 2699 735 2787 ἀνορθοῐ
746 2698 961 2788 κατεψραγμέ-
1005 2719 1069 2767 νινε
1082 2702 1244 2784 sopientes
1255 2702 1349 2786 feeit
1361 2719 1463 2784 cotos,
1481 2704 1640 2773 Dominae
1654 2707 1755 2790 eriatt

212 2824 294 2883 νους.
1005 2805 1112 2873 eliso.

218 2925 225 2936 “
304 2901 428 2992 'lomet
441 2909 569 2994 γὰρτδν
583 2918 655 2975 νοῦν
670 2909 711 2974 τὰ
724 2907 961 2995 πράγματαδια
1048 2911 1195 2975 Mentem
1226 2910 1317 2974 enim
1347 2914 1503 2975 recreent
1528 2912 1668 2990 negotio
1693 2928 1753 2994 per

210 3012 320 3078 τῦνέν
334 3012 427 3079 πάθει
448 3010 625 3098 νοημάτων,
640 3011 785 3097 καθάπερ
799 3015 855 3078 καὶ
874 3013 910 3078 τὸ
926 3015 959 3078 t·
1004 3013 1147 3079 consilia
1161 3013 1319 3095 patiendo
1331 3020 1501 3096 concepto,
1514 3031 1616 3098 quem
1628 3017 1671 3080 od
1683 3033 1752 3080 mo·

210 3117 273 3202 δωρ
288 3117 343 3183 τὸν
357 3116 495 3202 διψῶντα
507 3117 559 3184 διὰ
569 3124 626 3201 τῆς
641 3114 746 3202 δίψης,
758 3117 879 3182 καῑτδν
893 3137 959 3182 πει·
1004 3117 1086 3182 dum
1112 3135 1201 3200 equs
1222 3119 1396 3183 sitientem
1423 3119 1592 3183 instaurat
1616 3123 1753 3202 propter

209 3229 313 3290 νῦντα
326 3220 344 3287 δ
359 3222 453 3306 ἄρτος
474 3219 526 3285 διὰ
539 3227 597 3304 τῆς
612 3218 731 3305 πείνης.
755 3218 794 3287 'l't
808 3221 863 3286 οῦν
879 3223 957 3306 πρὸς
1005 3223 1109 3303 sitim,
1125 3225 1159 3284 et
1173 3220 1368 3286 famelicum
1394 3223 1492 3305 penis
1511 3229 1648 3306 propter
1676 3242 1752 3289 esu·

209 3333 311 3392 ταῦτα
325 3326 343 3392 ὁ
358 3326 463 3410 ἰατρὸς
478 3332 540 3390 τῶν
555 3325 682 3412 ψυχῦν;
702 3325 775 3390 οὔτε
797 3324 838 3389 τὰ
859 3324 959 3411 πράγ-
1002 3326 1098 3389 riem.
1114 3327 1207 3404 Ergo
1222 3327 1265 3390 ad
1279 3325 1352 3390 haeo
1363 3327 1445 3407 quid
1456 3327 1608 3392 medicus
1620 3329 1749 3393 enimo-

209 3447 296 3514 ματα
309 3426 479 3515 διαφθείρει
493 3429 601 3513 (αὐτὸς
621 3430 684 3513 γὰρ
699 3427 802 3498 αὐτῶν
817 3428 884 3493 ἔστι
899 3427 957 3514 δη·
1001 3431 1102 3492 rum?
1116 3431 1232 3510 Neque
1248 3447 1302 3494 res
1316 3430 1470 3513 destruit,
1489 3449 1634 3514 quorum
1651 3437 1685 3496 et
1699 3433 1751 3514 ip·

208 3537 378 3622 μιονργὸς),
393 3537 467 3600 οῦτε
482 3539 536 3603 τὸν
550 3543 623 3600 νοῦν
639 3535 682 3621 μὴ
706 3543 789 3600 νοεῖν
803 3535 885 3600 αὐτὰ
899 3555 958 3600 τια-
1000 3550 1037 3596 se
1052 3533 1205 3597 eonditor
1217 3537 1278 3614 est,
1295 3551 1405 3616 neque
1417 3536 1511 3615 cogit
1522 3537 1678 3600 animum
1691 3535 1753 3600 hes

206 3640 411 3726 ταναγκάζει.
427 3639 492 3707 Τοῦ
506 3640 570 3725 γὰρ
584 3638 637 3704 ὑπ’
650 3640 748 3704 αὐτοῦ
769 3638 908 3705 νοεῖσθαι
925 3637 955 3702 ἕ·
1001 3653 1055 3701 res
1071 3637 1230 3715 ignorare
1247 3654 1323 3720 quae
1337 3636 1433 3701 faotae
1449 3643 1531 3701 sunt
1551 3643 1592 3702 ut
1611 3656 1753 3718 eognos-

207 3731 307 3826 νεκεν,
322 3741 471 3831 γέγονεν·
493 3741 578 3807 ἀλλὰ
599 3742 652 3808 διὰ
668 3751 725 3828 τῆς
740 3751 954 3829 πνευματικῆς
1003 3745 1134 3806 eantur.
1150 3741 1213 3806 Sed
1227 3758 1287 3824 per
1303 3742 1515 3824 spiritualem
1530 3743 1752 3808 didascalion

207 3845 412 3925 διδασκαλίας
425 3849 481 3912 καὶ
496 3855 558 3914 τῦν
572 3846 707 3914 ἔντολῦν
722 3835 902 3933 ἀνατρέψας
918 3848 961 3913 τὰ
1004 3849 1039 3910 et
1048 3849 1215 3928 precepto
1226 3845 1426 3910 subvertens
1438 3847 1621 3928 passiones,
1631 3865 1706 3930 quae
1718 3865 1752 3912 ο-

206 3951 304 4038 neem
327 3954 408 4038 δπερ
430 3951 524 4038 ῑτερά
546 3952 612 4018 ἐστι
627 3960 689 4017 τῶν
711 3950 879 4036 νοημάτων
902 3953 958 4016 οιαὶ
1003 3950 1058 4014 liae
1072 3953 1155 4014 sunt
1169 3966 1272 4032 quom
1287 3950 1512 4028 cogitationes
1528 3954 1562 4015 et
1576 3956 1673 4016 octus
1690 3953 1752 4035 qui

205 4065 269 4124 τῶν
289 4055 484 4144 πραγμάτων
505 4053 660 4143 ἀφ’ἡμῦν
682 4056 801 4142 ἔχοντα
822 4055 879 4133 τὰς
901 4053 957 4141 ἀρ·
1003 4069 1045 4116 ex
1073 4053 1171 4117 nobis
1193 4054 1367 4133 oriuntur,
1396 4053 1542 4119 liberum
1565 4054 1696 4121 dimisit
1717 4073 1753 4120 a·

208 4161 280 4247 χὰς,
295 4159 459 4245 ἐλεύθερον
473 4160 580 4246 totins
593 4162 648 4226 τὸν
667 4168 741 4226 νοῦν
755 4168 818 4226 τῦν
833 4159 958 4246 δεσμῦν
1003 4159 1135 4221 nimum
1158 4175 1179 4220 ο
1194 4157 1352 4238 vinculis,
1371 4161 1406 4221 et
1426 4156 1569 4223 tortasse
1588 4159 1623 4224 id
1638 4160 1750 4226 locum

207 4266 263 4330 καὶ
276 4263 362 4331 τοῦτ’
372 4265 414 4332 ἂν
425 4266 475 4350 εἴη
491 4263 546 4330 τό·
561 4261 678 4350 Κύριος
697 4263 765 4330 λύει
780 4261 958 4351 πεπεδημε-
1003 4260 1177 4328 habuerit:
1193 4261 1299 4329 Solvit
1312 4263 1470 4329 Dotntmts
1484 4263 1683 4348 compeditos.

209 4385 293 4446 νους.

101 4605 107 4615 ·
243 4574 292 4631 Pe.
306 4589 394 4634 οιτον.
408 4591 436 4633 ν.
447 4575 474 4631 t
487 4569 592 4633 Voti]
609 4573 645 4632 ln
656 4573 786 4634 breviori
804 4572 915 4632 soholio
927 4593 957 4632 ο-
1036 4587 1065 4630 ν.
1076 4569 1103 4627 0
1115 4569 1182 4628 vae
1194 4571 1221 4639 δ,
1233 4571 1275 4628 le
1289 4571 1360 4640 Qooe
1373 4573 1505 4647 proxime
1515 4579 1678 4647 sequuntur
1690 4572 1750 4633 edi·

209 4658 303 4735 liquid
315 4659 383 4718 fort.
397 4658 550 4720 exciderit.
690 4655 694 4666 '
1002 4665 1035 4718 te
1047 4655 1124 4733 opud
1137 4657 1195 4714 BB.
