4044 6104
962 489 1173 552 ORIGENES

893 714 1062 793 Paolmuo
1089 713 1214 794 XLV.

329 942 360 987 ν.
381 925 409 987 1.
426 921 482 1000 Εἰς
505 925 540 988 τὸ
556 923 655 1008 τέλος,
675 923 754 1008 ὑπὲρ
770 927 832 992 τῶν
847 923 920 990 υἱῶν
935 925 1032 1011 Κορὲ,
1122 947 1153 990 ν.
1180 930 1209 990 1.
1225 928 1268 990 Ia
1286 926 1402 1009 fincta,
1419 943 1517 1008 anper
1531 927 1629 1009 filios
1654 928 1748 1006 Korn,
1767 943 1831 1008 pro

286 1026 377 1113 [ὑπὲρ
392 1037 453 1094 τῶν
469 1027 619 1114 κρυφίων]
636 1028 769 1115 ψαλμός.
790 1031 892 1098 Varie.
910 1034 984 1111 652,
1001 1034 1033 1096 2.
1078 1033 1210 1098 areanis
1218 1031 1382 1111 psalmos.

328 1125 374 1194 Ἠ
390 1131 437 1195 δτι
453 1134 648 1217 προφητικῶς
663 1130 706 1198 ῶν
721 1132 738 1197 ὁ
754 1131 889 1219 ψαλμὸς,
905 1133 949 1211 είς
962 1133 1035 1220 μέλ-
1122 1138 1184 1201 Vel
1200 1137 1282 1217 quia
1297 1138 1458 1217 psalmus,
1478 1142 1594 1218 utpote
1605 1137 1832 1219 propheticuS,

286 1233 401 1312 λοντας
423 1235 642 1322 ἀναπέμπεται
664 1236 806 1322 χρόνους,
827 1237 871 1316 είς
892 1237 1034 1315 τὸτέλος
1080 1241 1122 1304 ad
1136 1241 1251 1304 futura
1263 1240 1443 1304 mandatur
1455 1245 1615 1321 tempora,
1624 1241 1662 1304 ιἰι
1664 1241 1771 1323 stum
1782 1241 1833 1302 in-

284 1337 525 1424 ἐπιγέγραπται,
540 1341 562 1426 ἦ
578 1340 629 1405 διά
643 1343 701 1418 τὰς
716 1342 750 1406 ἐν
766 1341 851 1427 αὐτῷ
866 1339 966 1424 νίκας,
978 1343 1035 1420 τὰς
1079 1346 1255 1425 scribitur;
1271 1347 1327 1410 vei
1345 1346 1387 1409 ob
1401 1347 1561 1408 victorias
1587 1346 1623 1408 in
1640 1362 1679 1408 eo
1705 1347 1830 1409 relatas

282 1444 367 1507 κατὰ
383 1451 443 1507 τῶν
466 1442 623 1530 πολεμίων
638 1445 863 1532 ὲμρερομένας,
887 1445 1034 1524 έπινίκιος
1081 1455 1116 1512 et
1128 1449 1171 1512 ab
1185 1449 1340 1512 hostibus
1353 1453 1540 1531 reportatas
1555 1450 1747 1515 victoriosas
1758 1466 1834 1512 eva·

283 1547 445 1632 τυγχάνει,
472 1549 494 1634 ἢ
520 1549 563 1634 τῷ
589 1558 738 1634 νιαοπσιῷ
760 1548 832 1635 Θεῷ
859 1549 1033 1614 ἀνάκειται.
1078 1551 1144 1632 dit,
1175 1553 1230 1615 vel
1262 1551 1479 1632 triumphanti
1505 1553 1573 1615 Deo
1604 1554 1831 1632 nuncupatur.

283 1647 371 1715 Ἀντί
387 1653 422 1717 δὲ
437 1661 494 1716 τοῦ
509 1652 587 1736 ὑπὲρ
597 1660 658 1718 τῶν
671 1651 744 1718 υἱῶν
755 1652 853 1739 Κορὲ,
865 1651 1034 1737 παρέκειτο
1078 1657 1143 1720 Sed
1155 1673 1215 1738 pro
1226 1655 1425 1738 superfluos
1444 1657 1529 1735 Coro,
1545 1655 1686 1719 aliunde
1697 1655 1834 1735 J'acebat

284 1754 407 1838 ὲξυθεν,
419 1764 484 1832 τοῖς
495 1755 571 1833 υἱοῖς
586 1755 682 1840 Κορὲ,
697 1756 820 1833 τούτοις
832 1757 894 1843 γὰρ
910 1757 1034 1841 είρηται
1067 1759 1161 1844 filiis
1172 1761 1257 1839 Coro,
1277 1761 1361 1842 ipsis
1376 1760 1466 1822 enim
1481 1761 1633 1840 psalmus
1649 1759 1833 1840 dedicatur,

286 1857 304 1921 ὁ
320 1858 462 1945 ψαλμός·
477 1861 499 1946 ἢ
516 1867 577 1926 τῶν
592 1859 665 1924 υἱῶν
681 1857 767 1944 Κορὲ
782 1859 934 1946 τυγχάνει
948 1861 1034 1924 κατὰ
1077 1865 1132 1927 vel
1149 1863 1236 1928 iliud
1250 1865 1345 1928 adest
1358 1863 1514 1946 filioram
1539 1865 1625 1943 Cora,
1644 1863 1833 1928 secundum

285 1965 340 2028 τὸν
354 1961 496 2029 Ἀκύλαν
518 1966 573 2030 καί
590 1967 652 2052 τὸν
675 1963 859 2050 Σύμμαχον.
882 1965 975 2031 Ἐστι
998 1965 1033 2029 δὲ
1077 1969 1239 2048 Aquilam
1256 1973 1290 2032 et
1304 1967 1555 2050 Symmachum.
1581 1969 1672 2032 Idem
1690 1970 1720 2032 is
1746 1970 1835 2049 psal·

286 2068 340 2131 καί
364 2069 457 2145 αὐτὸς
487 2068 631 2152 καθάπερ
655 2067 760 2154 ὅμοιος
781 2077 822 2153 τῇ
848 2072 909 2153 πρὸ
936 2069 1033 2134 αὐτοῦ
1077 2089 1155 2134 mus
1177 2071 1299 2136 similis
1321 2075 1373 2135 est
1394 2072 1596 2153 praecedenti
1619 2074 1761 2153 cantico,
1782 2090 1834 2136 se·

276 2173 353 2258 ’ᾠδῇ
376 2175 461 2239 κατὰ
481 2176 535 2240 τὸν
557 2173 742 2259 Σύμμαχον.
757 2170 848 2238 Ἀλλ’
858 2171 935 2259 ἡμῖν
956 2173 1034 2258 ὑπὲρ
1078 2175 1489 2256 cundumSymmachum.
1502 2175 1604 2238 Nobis
1616 2193 1696 2239 vero
1714 2178 1835 2240 recito·

286 2289 343 2343 τοῦ
365 2279 532 2364 ἀγαπητοῦ
553 2277 692 2365 ὲλέγετο.
708 2275 749 2343 Ἣ
771 2278 806 2342 δὲ
823 2280 904 2365 μετὰ
925 2287 1035 2364 χεῖρας
1079 2278 1181 2341 batur
1193 2294 1257 2358 pro
1271 2277 1396 2344 dilecto.
1410 2281 1491 2355 Quae
1506 2280 1549 2342 ad
1560 2297 1700 2344 manum
1717 2285 1768 2344 est
1778 2280 1834 2345 nn

286 2381 353 2468 ᾠδὴ
370 2383 448 2466 ὑπὲρ
461 2389 524 2448 τῶν
537 2381 685 2466 κρυφίων,
702 2390 764 2449 τῶν
776 2380 809 2447 ἐν
821 2384 901 2468 αὐτῇ
913 2401 1036 2467 προφη-
1074 2399 1136 2465 pro
1147 2383 1291 2463 ατοαπίτ,
1307 2384 1551 2465 pronunciatur
1562 2385 1597 2447 in
1613 2385 1834 2466 inspiratione

288 2485 473 2573 τευομένυν,
496 2487 657 2572 ἀναφυνεϊ
675 2487 751 2552 τάδε
768 2488 810 2553 τίι
823 2487 980 2574 λεγόμενα
998 2487 1037 2553 ὲκ
1080 2507 1194 2553 rerum
1210 2507 1295 2571 quaa
1306 2489 1521 2552 vaticinatur.
1535 2491 1706 2554 vaticinia
1717 2493 1833 2553 autem

285 2589 455 2675 προσώπου
470 2599 532 2657 τῶν
546 2588 740 2654 ἀποστόλων.
1080 2595 1209 2658 suntin
1224 2611 1370 2676 persona
1385 2595 1623 2676 apostolorum.

320 2797 615 2858 Pn.xnv.v.lVatic.
625 2798 651 2867 6,
665 2797 856 2865 10.Quamvie
868 2796 984 2868 insigne
995 2796 1037 2852 eit
1079 2805 1182 2873 aperta
1199 2797 1411 2867 desiderantur,
1428 2779 1523 2870 nequo
1544 2803 1612 2871 post
1631 2796 1778 2854 Pieltiium
1801 2812 1832 2868 11,

284 2885 396 2941 aditum
417 2885 539 2942 Eusebii
551 2883 733 2958 prooemium,
754 2889 856 2940 nostra
872 2890 971 2941 tamon
993 2885 1036 2940 ibi
1081 2887 1133 2941 165
1145 2902 1363 2959 supervacanea
1375 2889 1452 2939 sunt.

889 3064 1057 3142 Paalmus
1080 3061 1233 3144 XLVI.

328 3297 360 3341 v.
377 3227 409 3341 6ἱ
423 3274 541 3362 ’Areon
564 3277 581 3341 ὁ
605 3277 719 3355 Θεὸςὲ
719 3300 737 3343 ν
760 3277 946 3364 ἀλαλαγμῷ
969 3275 1034 3342 Κύ-
1121 3297 1153 3341 ν.
1171 3281 1200 3342 6.
1217 3277 1472 3345 arcemanus
1496 3279 1533 3342 ic
1546 3277 1752 3360 jubilatione,
1769 3281 1833 3344 Do-

284 3375 350 3468 ριος
365 3382 399 3446 ἐν
414 3391 502 3468 φωνῇ
518 3382 701 3469 σάλπιγγος.
723 3387 821 3452 Votic.
840 3388 913 3466 653,
934 3387 962 3448 l.
1077 3383 1187 3448 micres
1202 3385 1324 3449 inance
1341 3383 1430 3448 tuba.

328 3479 374 3551 Η
396 3490 470 3566 τοὺς
492 3487 526 3553 ἐν
549 3489 670 3574 οὐρανῷ
694 3489 946 3575 συγχορευοντας
967 3496 1033 3566 τοῖς
1121 3485 1456 3572 Vel[hiversus]0at
1442 3487 1587 3551 endunt
1595 3487 1745 3552 coehtum
1753 3489 1833 3551 cho-

283 3567 334 3653 έπί
347 3591 409 3676 γῆς
425 3589 633 3676 ἀποφαίνουσι
654 3590 895 3678 συγχαίροντας,
912 3591 958 3655 ίίτι
971 3575 1032 3677 Ιτὴν
1077 3609 1132 3654 ros
1147 3594 1291 3656 terrenis
1307 3592 1500 3655 hominibus
1516 3594 1734 3671 collaetantcS‚
1750 3594 1832 3674 quia

281 3692 355 3758 καθ’
364 3691 450 3780 ἡμᾶς
472 3694 644 3780 πληρώσας
672 3693 812 3780 [Κύριος]
839 3692 1030 3781 οἰκονομίαν,
1076 3714 1183 3778 quum
1219 3699 1386 3762 Dominus
1425 3699 1645 3760 oeconomiam
1681 3697 1833 3760 absolve-

281 3797 379 3884 ἀνέῦη
403 3804 481 3885 πρὸς
503 3804 556 3866 τὸν
575 3799 716 3885 Πατέρα,
738 3799 876 3884 γεγονὼς
899 3800 952 3864 οία
973 3808 1030 3883 τῆς
1076 3803 1130 3880 rit,
1147 3802 1351 3866 ascenditad
1375 3805 1519 3882 Patrem,
1533 3801 1642 3866 iactus
1653 3819 1751 3882 quasi
1766 3802 1834 3881 pri·

282 3902 523 3988 ἀνθρυπότητος
545 3903 688 3989 ἀπαρχὴ,
704 3905 780 3987 πρὸς
803 3901 980 3988 ἀφθαρσίαν
997 3901 1031 3966 ἀ-
1075 3905 1180 3967 mitiae
1194 3904 1354 3968 humanis
1382 3907 1529 3984 generis,
1546 3905 1697 3968 renovati
1713 3903 1756 3967 ad
1772 3905 1834 3968 im-

281 4005 500 4090 νανευιθείσιγς.
517 4004 703 4072 Ἀπαυστον
719 4007 780 4070 οὖν
796 4007 892 4091 ὕμνον
917 4005 1033 4092 ἀναρέ-
1079 4008 1329 4070 mortalitatem.
1349 4011 1527 4090 Hymnum
1559 4026 1642 4088 ergo
1667 4009 1741 4072 sine
1763 4007 1832 4074 fine

284 4129 356 4192 ρετε
368 4117 412 4193 τῷ
424 4107 531 4193 Κυρίῳ
547 4109 612 4174 ἀντι
626 4111 681 4174 καί
695 4108 776 4194 Θεῷ.
793 4106 830 4175 Ὁ
843 4109 878 4173 δὲ
890 4107 1034 4197 ἀλαλαγ-
1077 4111 1195 4175 afferte
1212 4113 1356 4174 Domino
1371 4130 1450 4175 vero
1473 4119 1507 4176 et
1521 4115 1600 4176 Dec.
1615 4115 1637 4177 J
1640 4113 1753 4178 ubilus
1771 4132 1832 4177 au·

75 4235 80 4242 ·
175 4251 178 4258 ,
281 4216 339 4299 μὸς
355 4211 590 4298 καίὴσάλπιγξ
602 4215 661 4299 τὴν
672 4211 881 4298 ἐγγενομένην
898 4211 1031 4298 [φυνίγν]
1077 4220 1145 4279 tem
1158 4222 1192 4279 et
1204 4217 1286 4280 tuba
1298 4217 1480 4281 ostendunt
1501 4235 1627 4297 vocem,
1643 4218 1738 4281 velut
1749 4220 1833 4282 reci-

278 4327 348 4393 ταῖς
372 4318 437 4382 ἀνυ
465 4317 615 4403 δυνάμεσι
642 4317 744 4403 δηλοῖ,
770 4315 915 4402 καθάπερ
941 4313 1029 4402 pxiii
1075 4336 1216 4401 procum
1231 4326 1435 4385 concentum
1458 4322 1493 4384 in
1509 4321 1665 4403 supernis
1684 4325 1831 4401 potesta·

279 4443 349 4486 τινα
363 4423 553 4506 διαπὺρσιον,
570 4423 658 4507 παρά
672 4431 728 4486 τοῦ
740 4419 830 4486 θείου
846 4421 1030 4507 Πνεῦματος
1074 4423 1167 4488 tibus
1182 4425 1379 4503 excitatum,
1395 4441 1464 4504 quo
1477 4425 1614 4488 divinus
1627 4425 1831 4506 spiritusre·

282 4527 537 4612 &cunctipotenti
559 4529 611 4590 τὸν
627 4525 709 4593 Θεὸν
724 4526 803 4590 είναι
817 4525 851 4590 έν
865 4523 1029 4610 ἀνθρώπου
1074 4530 1202 4593 velavit
1216 4530 1277 4592 Dei
1297 4531 1507 4594 voluntatem
1534 4530 1719 4593 humanam
1734 4534 1832 4593 natu-

278 4631 470 4718 βουλόμενον
482 4630 794 4716 φύσει.Ἐθαύμαζον
805 4631 877 4716 γὰρ,
886 4631 965 4714 ὑπὲρ
978 4629 1029 4694 ἀν·
1074 4651 1145 4696 ram
1169 4633 1403 4714 participandi.
1426 4633 1689 4697 Admirabantur
1728 4635 1830 4712 enim,

280 4737 404 4823 θρυπον
419 4737 550 4822 ὁρῶντες
572 4734 795 4822 ἠγλαϊσμένον,
810 4739 978 4822 τοιγαροῦν
994 4733 1029 4800 ἀ·
1074 4755 1152 4801 eum
1180 4737 1333 4799 videntes
1356 4755 1461 4818 supra
1485 4737 1637 4800 humana
1661 4737 1832 4817 glorifica-

278 4843 463 4917 καύσαντες·
478 4838 601 4925 Ἄρατε
615 4840 727 4924 πύλας,
739 4839 785 4918 τίς
799 4839 894 4920 ἐστιν,
907 4839 1029 4925 ἔλεγον.
1074 4844 1165 4918 tum;
1193 4839 1332 4922 proinde
1354 4841 1471 4904 audito
1497 4841 1616 4920 jussu:
1652 4865 1669 4902 «
1687 4843 1827 4906 Elevate

279 4945 399 5030 Γράφει
425 4945 460 5009 δὲ
485 4947 541 5008 καί
567 4943 713 5021 Παῦλος·
737 4943 932 5031 Ἐγνυνρίσθη
960 4951 1029 5020 ταῖς
1073 4949 1225 5025 portua»
1241 4944 1393 5007 aiebant:
1411 4946 1519 5021 «Quis
1549 4949 1602 5009 est
1617 4947 1740 5010 ἰοῦσίν
1764 4947 1829 5011 Sed

315 5131 364 5186 Ps.
377 5149 457 5191 τινι.
469 5151 497 5190 ν.
510 5134 536 5188 6.
557 5132 652 5189 Vatic.
672 5135 715 5204 14,
738 5133 789 5205 qni
806 5134 936 5190 omnium
957 5150 1031 5206 quos
1075 5131 1256 5206 compendiis
1268 5137 1376 5205 prater
1388 5130 1506 5188 modum
1518 5132 1677 5206 impeditus
1694 5139 1726 5193 et
1747 5141 1828 5194 trun-

278 5217 374 5275 habeo
395 5219 511 5278 codices
531 5237 653 5295 prorsus
674 5224 722 5277 eet
739 5219 979 5280 intricatissimuo
1001 5224 1033 5278 et
1076 5225 1175 5292 catum
1188 5219 1265 5278 unde
1277 5219 1418 5279 nonnullo
1431 5219 1522 5280 verba
1533 5226 1646 5280 nutant
