4044 6104
275 443 340 506 426
960 437 1171 503 ORIGENES

278 581 390 668 τρίψας
416 583 477 668 γὰρ
504 579 621 666 Κύριος
651 582 709 666 την
734 577 945 665 Ἰερουσαλὴμ
969 580 1024 643 καί
1083 577 1372 660 quoquejudaieae
1383 578 1507 658 gentis,
1523 579 1828 659 quisuntiiiiimo-

278 675 352 749 τοὺς
370 673 527 758 ἄρχοντος
550 679 605 734 τοῦ
619 667 779 734 ’Ῑοοδοίον
802 668 918 749 ἔθνους,
941 666 1026 744 οίοὺί
1075 683 1274 762 ιιοοετίίυιιι,
1304 683 1400 746 humi
1437 683 1633 764 prostravit.
1670 685 1827 746 vituium

278 776 372 854 ὄντας
387 770 844 860 μονοκερίιτοινέταπείνιοσεν·
860 770 1026 858 μόσχονδὲ
1080 803 1160 849 vero
1186 788 1221 848 et
1243 785 1422 864 Limum,
1448 787 1661 849 Hierusalem
1685 803 1757 850 egge
1783 802 1828 848 ne

276 881 336 945 ml
348 878 566 964 Alsswfl'dv
576 876 788 963 Ἱεμοοοολὴνο
800 876 911 941 οὐκᾶν
925 874 1027 962 &W-
1070 889 1218 970 fauoris,
1234 889 1375 954 dicendo
1392 907 1466 952 eam
1482 889 1645 970 appellari
1661 889 1829 952 Libanum

282 1007 347 1064 οονς
363 985 467 1066 εἰπὼν,
480 982 617 1050 nitore
628 979 830 1068 κεκλημένην
841 982 896 1046 καί
908 980 941 1044 ἒν
953 1001 1027 1065 προ·
1071 995 1127 1057 vei
1139 995 1174 1056 in
1190 993 1374 1076 prophetis.
1398 994 1534 1058 Dictum
1547 1009 1630 1071 ergo
1643 994 1739 1058 estin
1751 995 1831 1057 Zae-

279 1089 405 1176 μήταις.
420 1088 578 1154 Λέλεκται
592 1096 669 1174 γοῦν
685 1085 718 1151 ἐν
733 1084 891 1172 Ζαχαρία·
909 1083 1028 1150 Διίινοι-
1074 1095 1207 1158 charia:
1226 1117 1243 1156 α
1263 1097 1376 1178 Aperi,
1392 1097 1530 1177 Libane,
1550 1102 1663 1177 portas
1680 1101 1766 1177 tuae,
1794 1101 1831 1160 et

281 1194 344 1278 ξον,
358 1189 713 1274 &deterioraretur
728 1212 796 1274 ooo,
813 1191 868 1254 καί
883 1209 1028 1274 soraee·
1073 1200 1165 1278 ignis
1180 1199 1318 1264 devoret
1332 1199 1448 1264 cedros
1466 1206 1588 1264 tues.»
1616 1199 1710 1275 Quod
1731 1202 1829 1266 tuou-

281 1298 363 1384 νὲοο
377 1309 439 1384 πῦρ
453 1299 510 1376 τὰς
524 1295 655 1382 νὲδοοος
671 1317 738 1362 οοο·
755 1290 799 1362 Ὃ
819 1294 858 1380 δὴ
874 1291 1028 1378 οοφὲοοο-
1072 1305 1199 1368 lentius
1223 1304 1384 1368 Ezechiel
1406 1303 1572 1385 propheta
1597 1321 1666 1384 prae
1692 1321 1729 1366 se
1754 1302 1830 1381 iert,

280 1424 339 1490 {³02
350 1401 508 1488 Ὶῑζολίῑίίλ
523 1401 540 1465 ὃ
554 1399 721 1487 aporuit-qe
735 1397 903 1484 παρίστησι
915 1394 1027 1484 λέγων·
1073 1408 1185 1471 aiens:
1204 1430 1221 1470 α
1240 1410 1320 1472 Haee
1340 1407 1438 1470 dieit:
1455 1408 1581 1488 Aquila
1606 1407 1747 1485 grandis
1762 1424 1832 1470 ma-

282 1508 333 1573 Τδι
347 1507 382 1572 δέ
396 1505 495 1592 λέγει·
511 1505 548 1572 Ὁ
572 1507 663 1582 ἀετὸς
677 1507 695 1570 δ
711 1501 995 1590 μεγαλσπτέρυγυς,
1011 1501 1028 1567 δ
1074 1528 1222 1590 gnarum
1237 1512 1379 1590 alarum,
1406 1512 1511 1589 longo
1527 1511 1756 1574 membrorum
1770 1511 1832 1573 du-

282 1615 403 1698 μακρδς
417 1621 456 1697 τῇ
473 1609 609 1692 ἐκτάσει,
624 1607 749 1694 πλήρης
764 1608 896 1694 ὀνύχων,
911 1609 946 1686 δς
961 1609 1029 1693 ἔχει
1073 1619 1142 1695 atu,
1168 1616 1269 1696 plena
1291 1615 1488 1694 unguibus
1517 1596 1593 1698 quae
1619 1617 1688 1680 dux
1710 1622 1762 1681 est
1789 1621 1831 1680 ut

281 1717 319 1780 τδ
333 1717 446 1802 ἠγημα
468 1713 617 1780 εἰσελθεῖν
633 1713 676 1792 είς
691 1715 745 1778 τδν
760 1709 906 1794 Λίὸανον,
929 1715 984 1778 καί
998 1714 1029 1778 έ-
1074 1719 1288 1799 ingrediatur
1318 1720 1354 1782 in
1384 1719 1565 1801 Libanum,
1601 1724 1635 1783 et
1664 1721 1744 1784 tulit
1776 1737 1830 1784 ss-

287 1819 366 1886 λαίνε
379 1821 422 1884 τὰ
436 1817 587 1884 ἐπίλεκτα
600 1827 657 1904 τῆς
671 1816 795 1902 κέδρου,
818 1818 859 1881 τὰ
873 1819 957 1902 ἄκρα
971 1824 1029 1901 της
1074 1825 1162 1888 lecta
1186 1824 1287 1904 cedri,
1310 1826 1523 1888 summitates
1544 1824 1714 1888 frondium
1736 1830 1828 1888 tene-

284 1925 496 2009 ἁπαλότητος,
508 1925 563 1988 καί
576 1925 711 2010 ἤνεγκεν
723 1921 859 2000 αὐτὰείς
869 1929 930 2007 γῆν
941 1921 1030 1987 Χολ·
1074 1949 1201 2011 rurum,
1216 1935 1251 1995 et
1266 1931 1389 1996 detulit
1404 1948 1444 1994 eu
1460 1932 1496 1993 in
1512 1935 1637 1995 terrum
1660 1930 1828 1995 Chaldaeo

282 2029 392 2095 δαίων·
419 2029 441 2093 a
462 2029 517 2093 καί
538 2028 654 2113 προίὼν
677 2026 885 2114 διηρμήνευσε
906 2023 1027 2112 λέγων·
1073 2052 1196 2098 rum.»
1214 2037 1295 2111 Quae
1321 2036 1392 2116 ipse
1409 2051 1557 2116 pergens
1584 2036 1826 2116 interpretatus

286 2134 340 2201 Υἱὲ
353 2131 528 2217 ἀνθρώπου,
543 2131 630 2196 εἶπον
643 2132 684 2216 δὴ
700 2133 777 2215 πρὸς
791 2133 846 2198 τὸν
867 2130 954 2197 οἶκον
971 2151 1030 2194 πο·
1075 2143 1127 2204 est
1142 2140 1179 2202 in
1189 2139 1262 2202 hac
1273 2140 1393 2203 verba:
1409 2161 1426 2200 «
1438 2141 1504 2202 Fili
1517 2139 1674 2218 hominia,
1686 2140 1825 2219 loquere

283 2234 539 2324 ραπικραίνοντα·
547 2236 605 2301 οὐκ
614 2233 782 2302 ἐπίστασθε
793 2233 823 2300 τί
834 2237 901 2302 ἐστι
911 2244 1028 2318 ταῦτας
1076 2244 1119 2307 ed
1134 2245 1272 2308 domum
1291 2243 1562 2308 exacerbantem:
1585 2244 1703 2306 Nonne
1726 2259 1827 2306 nove-

281 2342 394 2427 [οίοον]
410 2343 485 2408 ὅταν
507 2339 583 2424 ἔλθη
607 2339 753 2428 βασιλεὺς
777 2339 965 2418 Βοοολῶνος
978 2338 1030 2404 eru
1075 2350 1155 2412 ritis
1167 2348 1249 2429 quid
1263 2350 1347 2412 talia
1358 2346 1603 2423 sintPQnando
1614 2348 1747 2410 venerit
1757 2349 1827 2410 Rex

283 2443 504 2534 Ἰερουσαλὴμ,
526 2450 581 2513 καί
602 2445 739 2532 λήψεται
752 2449 806 2512 τδν
828 2443 960 2532 βασιλέα
974 2443 1029 2509 αὐ·
1074 2453 1258 2537 Babylonis
1273 2470 1376 2534 super
1390 2452 1613 2530 Hierusalem,
1630 2455 1664 2513 et
1678 2454 1829 2514 assumet

286 2559 344 2636 της
364 2551 506 2628 καὶτοὺς
529 2551 685 2636 ἄρχοντας
699 2552 808 2635 αὐτῆς,
830 2553 886 2616 καὶ
900 2549 959 2635 dir]
977 2549 1030 2615 αἰν-
1075 2575 1193 2637 regem
1210 2556 1290 2638 ejus'
1302 2561 1336 2622 et
1351 2557 1521 2638 principes
1537 2554 1620 2635 ejnn,
1637 2559 1671 2618 et
1683 2554 1828 2618 abducet

287 2657 361 2732 τοὺς
372 2656 449 2740 πνοι
461 2653 573 2721 ἑαυτὸν
589 2655 632 2733 εἰς
646 2653 830 2720 Boeotum.
843 2653 1030 2740 δαφοινὸν
1076 2678 1131 2726 eos
1147 2662 1238 2743 opud
1256 2647 1293 2726 se
1312 2662 1348 2724 in
1372 2661 1624 2742 Babylonem.»
1649 2659 1828 2740 Perspioue

284 2759 319 2826 ἔν
332 2759 453 2837 τούτοις
468 2761 521 2824 τον
542 2758 644 2842 οέτὸν,
666 2761 721 2824 τὸν
746 2755 1031 2843 μεγαλοπτέρυγον,
1076 2767 1167 2829 enim
1183 2767 1218 2828 in
1234 2765 1327 2829 hisee
1338 2763 1548 2843 significavit
1562 2763 1713 2843 aquilam
1725 2779 1828 2840 gran-

283 2864 337 2930 τδν
353 2861 485 2950 βασιλέα
498 2872 560 2928 τῶν
581 2861 790 2929 Βαδυλιονίοιν
810 2860 956 2948 ᾐνίξατο·
978 2862 1032 2927 τὸν
1076 2871 1153 2934 dem
1176 2886 1381 2948 magnarum
1398 2870 1530 2932 alarum
1546 2885 1618 2932 esse
1635 2883 1752 2944 regem
1767 2867 1829 2928 Ba-

285 2968 321 3033 δὲ
335 2965 472 3032 Λίὸονον
486 2969 545 3052 τὴν
560 2965 780 3054 Ἰερουσαλὴμ,
793 2970 833 3033 τδι
843 2965 871 3033 δ’
882 2965 1032 3032 έπίλεκτα
1075 2973 1308 3056 byloniorum5
1321 2973 1490 3036 Libanum
1498 2987 1587 3050 vera,
1600 2970 1827 3048 Hierusalem

281 3079 340 3156 της
361 3069 485 3155 κέδρου,
507 3073 625 3137 καίτοι
646 3072 732 3156 ἄκρα
749 3079 807 3156 της
829 3068 1032 3154 ἁπαλότητος
1076 3078 1201 3141 selecta
1219 3081 1333 3140 autem
1348 3075 1440 3139 aedri
1462 3079 1498 3138 et
1510 3076 1724 3138 summitates
1739 3073 1828 3136 fron-

282 3173 485 3262 τὸνβασιλέα
506 3184 563 3260 τῆς
584 3173 795 3261 Ἰερουσαλὴμ
818 3175 960 3251 καὶτοὺς
976 3175 1031 3259 ἄρ·
1077 3180 1173 3245 dium
1187 3185 1394 3258 tenerorum,
1411 3195 1528 3257 regem
1544 3180 1687 3260 Solymae
1703 3183 1737 3240 et
1755 3177 1829 3257 eius

286 3301 403 3368 χσντας
414 3283 525 3367 αὐτῆς·
542 3278 634 3346 odeo
645 3291 810 3367 τοιγαροῦν
821 3281 876 3345 καί
886 3277 1031 3360 ἐνταῦθα,
1076 3286 1256 3366 principes.
1285 3287 1336 3346 Ita
1363 3270 1472 3362 igitur
1491 3287 1525 3346 et
1546 3284 1581 3344 in
1608 3282 1671 3346 hoc
1696 3283 1826 3364 psalmo

283 3383 419 3465 Λίόανσς
432 3384 942 3472 μένίυνδραισταιὴἹερουσαλὴμ,
959 3384 1033 3472 μδσ-
1078 3390 1228 3454 Libanus
1252 3389 1388 3470 quidem
1404 3388 1573 3469 appellata
1599 3391 1650 3450 est
1671 3387 1828 3450 Hierusa-

282 3510 341 3577 χυς
356 3489 392 3555 δέ
405 3493 442 3554 τδ
456 3489 557 3556 πάλαι
570 3490 605 3559 έν
628 3493 707 3577 αὐτῇ
723 3479 885 3578 ἱδρυμένον
900 3489 1032 3555 δοσιασ·
1078 3496 1156 3576 lem,
1180 3497 1311 3558 vitulus
1327 3498 1442 3557 autem
1471 3497 1569 3556 vetus
1592 3493 1628 3554 in
1656 3509 1697 3555 ea
1721 3493 1827 3554 altare

281 3593 399 3680 τήριον,
413 3594 449 3660 ἐν
464 3596 489 3682 ᾧ
505 3594 535 3658 οἱ
550 3595 664 3682 μόσχοι
679 3597 733 3660 καί
748 3594 781 3659 αί
796 3591 904 3660 θυσίαι
920 3591 1032 3678 ἀνεφέ-
1079 3604 1239 3679 ereetum,
1256 3600 1292 3662 in
1319 3615 1385 3679 quo
1400 3597 1501 3660 vituli
1528 3601 1562 3659 et
1576 3597 1723 3659 victimae
1749 3592 1829 3658 offe·
1861 3623 1866 3631 ·

281 3719 393 3783 ροντο·
415 3699 614 3786 δδὴπίιντα
634 3697 853 3783 συντέτριπται
877 3700 956 3785 μετδι
978 3698 1033 3763 καί
1081 3703 1252 3767 rebantur.
1280 3704 1359 3779 Quae
1385 3701 1532 3783 proferto
1548 3701 1662 3762 omnia
1684 3701 1829 3763 contrita

175 3875 179 3884 ¹
281 3812 337 3867 τοῦ
368 3801 502 3889 Σαρίυιν,
533 3805 610 3889 δπερ
637 3803 843 3890 ἑρμηνεύεται
869 3804 1032 3890 ἄρχοντες.
1081 3813 1172 3887 sunt,
1189 3808 1292 3871 etiam
1308 3823 1386 3869 eum
1406 3806 1534 3884 sarion,
1554 3821 1621 3886 quo
1648 3805 1830 3882 signantur

284 3905 380 3974 Οὑτοι
402 3907 437 3972 δέ
450 3908 534 3993 ησαν
556 3907 587 3974 οί
607 3907 667 3973 υίοί
681 3917 742 3974 τῶν
758 3906 989 3993 μσνυκερίιτυν,
1005 3905 1035 3970 σί
1078 3911 1257 3994 prinsipes.
1278 3910 1384 3973 Iidem
1398 3925 1479 3972 vero
1497 3913 1594 3972 erant
1610 3907 1672 3973 filii
1696 3908 1828 3971 unicor-

283 4014 436 4098 ἄρχοντες
458 4013 582 4099 δηλαδὴ
606 4022 663 4078 τοῦ
677 4009 837 4079 Ἰουδαίων
852 4011 951 4076 λαοῦ·
975 4011 1034 4074 iio·
1079 4016 1187 4094 nium,
1204 4014 1361 4078 videlieet
1376 4014 1477 4078 duces
1493 4015 1610 4096 populi
1621 4015 1642 4076 J
1645 4013 1826 4076 udaeorum.

282 4137 342 4201 περ
357 4119 412 4183 οὖν
424 4117 638 4202 συντέτριπται
654 4118 671 4183 ὁ
689 4117 819 4204 μόσχος,
835 4118 891 4180 καί
905 4114 922 4180 δ
937 4113 1034 4179 Λίὸα-
1078 4120 1171 4197 Ergo
1187 4118 1470 4200 quemadmodum
1486 4118 1652 4180 contritus
1669 4121 1721 4180 est
1742 4118 1831 4179 vitu·

175 4278 178 4288 .
283 4241 345 4302 νος,
368 4223 422 4286 καί
445 4221 673 4308 ὁκαλούμενος
696 4219 829 4307 Συρίων,
849 4221 867 4284 δ
882 4220 981 4286 πάλαι
997 4219 1034 4306 ἠ·
1078 4207 1143 4303 lus,
1160 4224 1207 4285 ita
1222 4225 1256 4284 et
1271 4221 1430 4302 Libanus,
1447 4227 1481 4284 et
1493 4223 1553 4303 qui
1565 4222 1760 4303 appellatur
1775 4221 1831 4284 Su·

283 4324 477 4412 γαπημένος.
493 4321 539 4392 Ἠ
554 4329 609 4391 καί
624 4327 688 4404 υἱδς
704 4335 765 4392 τῶν
781 4324 1003 4411 μονσκεριίιτον
1016 4326 1033 4388 δ
1078 4329 1163 4407 rion,
1179 4327 1260 4389 olim
1271 4326 1430 4390 dilectus.
1446 4328 1508 4392 Vel
1521 4328 1623 4390 etiam
1639 4325 1731 4389 filius
1753 4324 1829 4387 uni·

283 4428 447 4496 Ἰουδαίων
461 4431 548 4514 λαδς,
560 4433 658 4509 οὕτως
674 4429 763 4516 φησί·
779 4429 961 4516 Συντρίψεις
975 4430 1033 4506 τὰς
1078 4433 1243 4511 cornium,
1267 4432 1416 4513 populus
1438 4432 1635 4496 iudeorum
1653 4431 1702 4494 sie
1724 4429 1832 4511 loqui·

283 4532 416 4617 κέδρους
437 4544 494 4599 τσο
508 4533 659 4600 Λιδάνου·
683 4536 720 4599 οὐ
734 4535 796 4620 γὰρ
820 4534 932 4621 μόνους
953 4530 1034 4599 drei-
1078 4543 1151 4601 tur:
1187 4536 1335 4602 Ουκίανου
1359 4535 1466 4601 cedros
1487 4535 1616 4601 Libani.
1641 4537 1716 4598 Non
1742 4535 1833 4598 enim

286 4661 358 4717 νους
373 4643 446 4718 τοὺς
465 4642 553 4726 παρὰ
566 4637 728 4718 Ἰουδαίοις
751 4637 967 4725 συντριδέντας
982 4637 1035 4702 διδι
1078 4643 1122 4706 ad
1137 4643 1213 4705 illos
1230 4642 1413 4705 dumtaxat
1431 4659 1474 4704 ex
1488 4639 1618 4704 Judaeis
1633 4655 1835 4720 conquassa-

283 4748 341 4824 τὰς
356 4743 572 4831 ὑπερηφανίας
595 4746 697 4811 αὐτῶν
714 4743 867 4832 μετῆλθεν
888 4741 910 4827 ἡ
926 4751 987 4808 τῶν
1003 4744 1034 4806 δ
1078 4751 1141 4826 tue,
1158 4746 1200 4809 ob
1215 4746 1352 4810 illorum
1366 4745 1571 4825 superbiam,
1586 4743 1833 4807 vindictatran-

285 4850 349 4916 λον
376 4851 489 4936 έρσρσς
515 4848 599 4934 δίκη,
626 4849 711 4916 ἀλλὰ
737 4851 791 4915 καί
812 4850 933 4926 πάντας
959 4850 1038 4926 τοὺς
1079 4850 1146 4931 siit,
1162 4851 1263 4914 sedet
1274 4849 1317 4912 ad
1328 4865 1444 4912 omnes
1457 4847 1548 4930 apud
1562 4851 1699 4912 coeteras
1711 4849 1831 4925 gentes

285 4956 374 5042 παρὰ
386 4963 452 5033 τοῖς
474 4954 594 5032 λοιποῖς
617 4953 735 5021 έθνεσιν
758 4951 892 5038 ἀσεὸεῑς,
916 4954 988 5030 τοὺς
1003 4951 1035 5017 t»
1080 4954 1212 5034 impios,
1227 4957 1360 5016 tumore
1375 4953 1538 5018 sublimes
1554 4957 1589 5016 et
1608 4953 1771 5016 exaltatos
1787 4948 1831 5013 si-

287 5057 541 5148 πιρυψσυμένους
567 5061 622 5124 καί
651 5055 884 5146 ἐπαιρομένους,
913 5056 955 5136 ὡς
978 5057 1035 5136 τδις
1080 5059 1265 5123 euteedros
1282 5057 1411 5122 Libani.

285 5162 416 5251 κέδρσυς
430 5174 486 5231 τοῦ
501 5162 649 5232 Λιδάνου.
