4044 6104
259 453 323 518 430
513 411 515 416 ’
926 451 1138 518 oereuuss

257 593 345 680 γάπη
354 601 409 660 τοῦ
415 590 533 679 Κυρίου
541 590 868 678 ἑαυτοὺςάνατιθὲναι,
876 595 931 659 καὶ
938 603 1007 659 που
1051 598 1120 661 Deo
1132 593 1262 675 offerre,
1279 594 1391 677 idque
1407 593 1516 658 lacere
1529 594 1801 660 inveritatesiu·

256 715 295 762 το
309 697 457 783 πράττειν
471 700 552 784 μετὰ
562 697 711 784 ἀληθείας
725 697 862 784 γνησίως
876 699 932 764 καί
946 719 1006 762 κα-
1053 716 1130 764 cera
1146 701 1180 762 et
1194 716 1289 780 pura,
1301 698 1361 762 sed
1375 699 1516 762 minime
1531 717 1610 764 cum
1625 699 1743 764 fraude
1770 701 1804 762 et

257 800 370 887 θαρῶς,
383 801 468 867 ἀλλοὶ
482 804 526 888 μὴ
542 801 750 883 ἔπιπλάστως,
765 802 845 886 μηδὲ
858 801 1005 888 μεθ’θπο-
1049 803 1276 868 simulatione.
1301 803 1379 866 Ideo
1393 802 1525 867 subdit:
1540 804 1695 884 quonian
1717 802 1802 870 oeri-

257 905 408 991 κρίσεως·
423 906 470 971 διὸ
485 905 638 992 ἐπιλέγει·
653 901 726 971 Ὀτι
743 905 895 992 ἀληθείας
911 905 1006 990 ἐκζη-
1049 911 1131 974 totca
1145 907 1293 990 acquiret
1306 907 1473 971 ominus.
1496 908 1573 986 Vos,
1590 908 1711 988 inquit,
1739 906 1804 990 qui

257 1019 308 1075 τεί
319 1009 445 1094 Κύριος.
467 1009 641 1076 Πεπείσθαι
656 1010 691 1074 δὲ
706 1011 782 1095 χρὴ,
799 1011 903 1095 φησίν,
924 1009 1005 1094 ὑμᾶς
1049 1013 1119 1074 Deo
1132 1009 1335 1074 sanctificati
1357 1011 1449 1090 estis,
1465 1014 1596 1091 oportet
1621 1027 1801 1092 persuasos

256 1116 329 1192 τοὺς
343 1123 387 1201 τῷ
401 1115 473 1200 Θεῷ
494 1113 752 1200 καθωσιωμένους
767 1111 1004 1198 δικαιοκρισίας,
1049 1133 1121 1180 esse
1136 1115 1177 1179 de
1199 1113 1375 1180 subeundo
1391 1113 1531 1194 judicie,
1559 1115 1595 1178 in
1611 1131 1678 1195 quo
1701 1115 1800 1178 retri-

256 1217 291 1284 ἑν
305 1221 326 1303 ᾖ
342 1218 499 1284 ἀποδώσει
512 1217 682 1304 τάπίχειρα
693 1219 736 1282 ὢν
748 1217 936 1301 πράττουσιν
951 1219 1002 1283 ἐπὶ
1046 1219 1129 1283 buet
1145 1220 1266 1283 merita
1281 1220 1434 1300 proemia,
1450 1221 1551 1299 prout
1561 1222 1673 1296 agunt
1687 1219 1723 1280 in
1736 1217 1800 1280 hac

257 1333 313 1388 τοῦ
327 1322 481 1409 παρόντος
496 1321 526 1386 οἱ
539 1324 593 1388 τὸν
608 1321 689 1390 Θεὸν
701 1324 744 1408 μη
758 1320 884 1404 εἰδότες,
900 1320 930 1386 οἱ
943 1341 1001 1407 μη·
1046 1324 1116 1386 vita
1131 1325 1190 1405 qui
1205 1325 1315 1388 Deum
1331 1324 1502 1402 ignorant,
1515 1324 1575 1403 qui
1590 1339 1659 1386 non
1674 1322 1799 1386 medio-

257 1424 292 1490 δὲ
308 1426 449 1513 μετρίως,
471 1425 542 1492 ἀλλ’
554 1425 599 1504 τίς
621 1423 799 1511 θπερθολὴν
813 1423 1002 1504 ἀλαζονευδ-
1046 1429 1158 1507 oriter,
1173 1427 1232 1492 sed
1248 1426 1355 1490 effusa
1370 1427 1567 1505 arrogantia
1580 1425 1799 1508 superbiunt;

257 1551 354 1617 μενοι·
365 1532 419 1608 οὓς
430 1531 466 1594 ου
477 1530 541 1615 χρὴ
558 1527 721 1614 ροθεῖσθαι
736 1529 779 1605 τίς
794 1530 829 1592 τὸ
842 1525 932 1606 τέλος
948 1527 1002 1592 ao
1047 1550 1132 1618 quos
1148 1535 1273 1596 nedum
1285 1531 1371 1612 justi
1390 1531 1621 1610 reformident,
1638 1531 1741 1592 immo
1764 1530 1801 1593 in

255 1643 316 1701 τῶν
338 1636 532 1722 ἀφορῶντας,
548 1632 619 1699 ἀλλ’
630 1632 828 1719 ἀνδρίζεσθαι
849 1634 905 1698 καί
926 1653 1003 1718 κρα-
1046 1639 1177 1701 exitum
1208 1638 1345 1701 iliorum
1372 1635 1624 1717 prospicientes,
1651 1633 1797 1695 viriliter

255 1740 419 1807 ταιοῦσθαι
440 1742 514 1817 τοὺς
535 1739 714 1826 λογισμοὺς,
730 1741 789 1824 τὴν
811 1735 951 1803 διάνοιαν
974 1735 1004 1802 ὲ·
1046 1745 1154 1819 agent
1169 1744 1203 1803 et
1217 1740 1448 1804 confortentur
1462 1738 1596 1817 animis,
1624 1737 1798 1800 robustam

255 1843 366 1931 δραίαν
374 1845 567 1928 καίστερεδιν
579 1840 804 1929 κεκτημένους,
816 1843 871 1908 καί
882 1844 941 1929 την
951 1841 1003 1909 ἐλ-
1047 1848 1196 1908 mentem
1223 1849 1257 1908 et
1281 1844 1424 1908 solidam
1450 1841 1667 1923 possidentes,
1694 1843 1796 1921 atque

256 1948 333 2017 πίδα
347 1951 399 2016 ἐπί
413 1948 530 2035 Κύριον
544 1945 731 2034 τιθεμένους.
1047 1967 1142 2031 spem
1158 1949 1195 2012 in
1209 1949 1392 2013 Dominum
1407 1950 1605 2010 statuentes.

849 2068 1021 2204 euml,
1044 2121 1203 2202 xxm.

298 2355 330 2400 ν.
347 2338 377 2400 4.
393 2330 466 2400 Ὅτι
486 2331 631 2420 ἐσίγησα,
654 2331 837 2419 ἑπαλαιωθη
860 2334 902 2398 τὰ
923 2333 1003 2398 ὀστᾶ
1090 2353 1121 2398 v.
1148 2336 1179 2398 4.
1209 2335 1366 2412 Quoniam
1395 2333 1493 2412 tacti,
1525 2333 1707 2397 irmeteruta
1721 2335 1800 2396 seat

255 2459 325 2526 μου,
342 2438 405 2504 ἀπὸ
420 2448 475 2503 τοῦ
490 2438 619 2524 κράζειν
633 2458 672 2525 με
688 2438 766 2524 δλην
781 2440 840 2525 την
853 2435 986 2524 ἡμέραν.
1045 2455 1118 2506 osso
1132 2457 1211 2520 owe,
1230 2439 1306 2504 ιίανι
1316 2439 1488 2506 electorem
1503 2441 1569 2503 toto
1583 2435 1644 2500 die.

262 2549 361 2614 Vatic.
379 2545 452 2627 642,
470 2548 499 2609 1.
565 2603 566 2606 ,

296 2648 487 2736 Κραζόντων
508 2650 566 2735 μὲν
579 2648 670 2736 ἡμῶν
691 2648 769 2734 πρδς
783 2650 838 2714 τὸν
854 2647 945 2728 Θεὸν,
963 2648 999 2712 οδ
1089 2641 1179 2714 Dum
1194 2650 1381 2713 clamamus
1392 2663 1453 2710 nos
1468 2645 1512 2710 ad
1526 2645 1646 2725 Deum,
1662 2660 1731 2706 nou
1746 2644 1798 2706 in·

251 2751 460 2818 παλαιοδνται
475 2750 508 2817 αἱ
523 2749 669 2838 δυνάμεις
681 2753 738 2837 της
754 2750 870 2837 ψυχης,
886 2749 1001 2816 ἀλλ’ἀ·
1045 2757 1241 2818 veterentur
1255 2753 1399 2815 virtutes
1413 2751 1546 2828 animae,
1562 2747 1622 2812 sed
1633 2764 1799 2812 renovan-

252 2854 504 2935 νακαινίζονται·
527 2854 713 2922 σιωπώντων
728 2856 764 2921 δὲ
782 2854 1001 2938 παλαιοῦνται,
1045 2863 1119 2938 tur3
1136 2857 1217 2922 dum
1228 2873 1308 2919 vero
1318 2855 1469 2934 silemus,
1483 2853 1727 2930 inveterantur,
1739 2867 1795 2912 ve·

252 2960 308 3025 τὸν
321 2960 457 3025 παλαιὸν
467 2958 651 3025 ἀναθιοῦσαι
665 2958 838 3044 ἄνθρωπον,
850 2960 904 3023 τὸν
916 2957 1000 3044 ιρθει·
1043 2966 1150 3026 terem
1166 2960 1438 3038 redintegrantes
1453 2953 1636 3038 hominem,
1652 2956 1712 3038 qui
1723 2972 1795 3018 cor·
1821 3005 1829 3023 .

254 3062 384 3148 ρδμενον
396 3064 482 3128 κατὰ
494 3064 552 3141 τὰς
562 3062 725 3150 ἐπιθυμίας
740 3071 798 3150 τῆς
809 3062 945 3148 ἀπάτης.
958 3100 999 3111 -
1044 3066 1215 3147 rumpitur
1224 3083 1285 3146 per
1296 3063 1462 3128 desideria
1473 3079 1621 3125 erronea.
1639 3059 1738 3124 Haud
1752 3059 1796 3122 si-

253 3165 325 3254 Οὐχ
339 3169 407 3254 ἅμα
421 3175 464 3253 τῷ
485 3167 715 3254 πλημμελῆσαι
733 3175 893 3254 μετανοῶν
908 3168 1001 3252 expe
1044 3171 1117 3235 mul
1132 3188 1171 3233 ac
1186 3169 1333 3251 peccavi,
1349 3168 1466 3232 statim
1477 3167 1654 3248 poenitens,
1670 3165 1794 3227 clama-

253 3271 311 3351 ζον
331 3274 410 3357 πρὸς
431 3273 485 3337 τὸν
507 3270 608 3339 Θεὸν·
630 3271 794 3340 λανθάνειν
815 3273 878 3358 γὰρ
897 3271 998 3358 ᾤμην,
1042 3276 1122 3340 bam
1137 3275 1179 3338 ad
1195 3276 1320 3352 Deum3
1337 3273 1443 3335 latere
1469 3287 1523 3333 me
1539 3269 1711 3351 opinabar,
1738 3266 1794 3330 do-

255 3374 348 3463 μέχρι
363 3374 474 3443 Νάθαν
490 3397 529 3461 με
544 3374 715 3462 διήλεγξεν·
728 3378 775 3444 διὸ
790 3375 999 3464 κατεγήρασε
1042 3398 1105 3444 nec
1120 3397 1174 3442 me
1189 3379 1323 3442 Nathan
1334 3374 1574 3453 redarguisset.
1588 3372 1666 3435 Ideo
1682 3388 1795 3435 conse

252 3490 292 3567 τῇ
308 3477 448 3568 ἁμαρτίᾳ
461 3479 631 3548 καταὸιῶν·
646 3490 690 3568 τῷ
705 3483 768 3568 γδιρ
783 3483 879 3570 ἰατρῷ
894 3482 996 3568 παρά·
1043 3485 1113 3564 nui,
1129 3484 1164 3546 in
1179 3485 1316 3565 peccato
1331 3495 1542 3561 permanens.
1557 3476 1685 3541 Medico
1701 3476 1792 3538 enim

252 3606 365 3672 χρημα
378 3587 414 3651 τὸ
429 3583 529 3663 πάθος
544 3585 603 3651 οὐκ
617 3584 730 3666 ἔδειξα.
1045 3589 1137 3652 illico
1152 3589 1278 3652 vulnus
1290 3603 1358 3649 non
1373 3581 1514 3648 ostendi.

286 3789 336 3846 Pe.
349 3807 437 3862 xxxr,
449 3809 477 3848 v.
489 3790 517 3846 4.
529 3790 624 3849 Vatis.
638 3793 681 3850 16.
693 3790 790 3852 Vetto.
803 3793 838 3849 13
850 3809 917 3849 com
934 3791 1000 3849 edd
1044 3795 1207 3862 ἀποσμήχων
1223 3795 1270 3844 καί
1286 3791 1442 3858 λαμπρύνων
1459 3788 1555 3840 ίαυτοδ
1571 3785 1620 3854 την
1641 3785 1727 3852 ψυχὴν
1745 3789 1794 3853 τῆς

251 3878 405 3949 consentit,
418 3877 477 3934 nisi
490 3877 568 3950 quod
585 3878 618 3934 in
631 3895 660 3934 ν.
683 3879 698 3934 1
712 3878 914 3936 Theodoretus
934 3896 1001 3935 cum
1043 3881 1222 3950 γεγενημένης
1240 3879 1306 3947 αὐτῇ
1325 3879 1464 3944 ἁμαρτίας.
1482 3870 1641 3928 Paneiores
1658 3869 1726 3926 elioe
1743 3888 1794 3927 va-

251 3963 380 4021 Eusebio
391 3962 561 4036 adducatur,
575 3970 606 4022 et
614 3965 647 4022 in
657 3983 687 4025 τ.
698 3966 753 4038 sl
764 3965 853 4024 editis
861 3965 1001 4024 addatur:
1044 3964 1167 4021 rietates
1179 3980 1234 4019 om.

835 4143 1004 4223 Petimus
1029 4137 1215 4272 ΧΧΧΠ.

294 4374 327 4418 v.
343 4356 374 4435 2,
387 4357 417 4419 3.
428 4353 485 4421 Ἐν
496 4353 660 4440 ψαλτηρίιρ
675 4355 859 4442 δεκαχδρδῳ
870 4357 995 4443 ψάλατε
1083 4374 1115 4420 ν.
1142 4357 1172 4436 3,
1191 4357 1222 4419 4.
1238 4356 1282 4419 Io
1300 4353 1461 4436 psalterio
1482 4351 1791 4419 decemchordarum

249 4460 351 4544 αὐτῷ·
366 4460 415 4523 δτι
430 4457 520 4536 εὐθὺς
535 4459 552 4524 δ
567 4458 662 4546 λόγος
676 4471 732 4526 τοῦ
744 4460 838 4546 Θεοῦ,
850 4465 905 4528 καί
917 4463 994 4528 πάν·
1032 4461 1171 4544 psallite
1184 4458 1241 4524 illi
1247 4484 1261 4539 ,·
1275 4460 1354 4543 quie
1366 4463 1488 4524 rectem
1507 4460 1556 4522 est
1572 4455 1702 4522 corbum
1727 4458 1791 4522 Do·

248 4585 290 4630 τα
302 4565 344 4629 τδι
358 4565 439 4650 ἔργα
453 4564 551 4630 αὐτοῦ
565 4563 600 4632 ἐν
614 4563 724 4632 πίστει
754 4569 852 4634 Vetto.
869 4570 943 4648 642,
962 4569 994 4631 2.
1039 4567 1132 4645 ruini,
1152 4568 1182 4630 et
1196 4565 1304 4630 mucio
1318 4581 1413 4647 opero
1427 4563 1499 4645 ejus
1512 4561 1634 4646 infide.

292 4666 410 4746 Καλῶς
425 4670 480 4733 οὖν
495 4667 651 4754 ψάλλεται
665 4669 889 4755 [ἐνψσλτηρίιρ
902 4671 993 4734 δεκα
1084 4672 1216 4751 Optime
1244 4670 1403 4751 psallitur
1429 4669 1465 4731 in
1488 4667 1648 4748 psalterio
1673 4665 1789 4730 decem

221 4771 363 4861 mdo,
378 4775 452 4860 ητα
473 4773 507 4839 ἐν
522 4773 575 4860 τῇ]
592 4771 756 4862 συμφωνίᾳ
771 4776 825 4839 καί
841 4772 998 4861 συμπνοίμ
1040 4775 1252 4854 chordarum,
1278 4775 1349 4837 sive
1379 4773 1416 4834 in
1444 4772 1570 4834 unione
1608 4787 1730 4834 vocum
1757 4774 1791 4833 et

280 4993 330 5050 Ps.
343 5011 445 5066 mu,
462 5013 490 5054 v.
512 4995 539 5066 θ,
551 4995 578 5051 4.
597 4995 693 5054 Vatis.
706 4995 749 5052 13.
770 4995 832 5052 Neo
843 4995 951 5052 mirum
972 4993 999 5050 si
1043 4991 1180 5067 operibus
1199 4991 1287 5048 editis
1304 4991 1405 5062 magni
1421 4989 1550 5047 doctoris
1567 4993 1744 5064 comparent,
1759 4995 1794 5045 ut

244 5086 309 5137 tem
329 5081 484 5155 splendida
498 5083 608 5157 pagina
629 5082 719 5140 etiam
735 5081 841 5142 Basilii
860 5082 998 5140 videatur
1040 5081 1100 5137 elie
1117 5079 1191 5136 bene
1209 5079 1303 5134 multa
1321 5095 1386 5150 quas
1403 5077 1497 5133 codex
1514 5083 1615 5135 noster
1630 5075 1792 5148 retinetur

245 5183 309 5242 prae
327 5183 360 5225 se
380 5167 459 5226 ferre
480 5167 669 5243 epigraphen,
688 5167 742 5226 ssd
759 5185 825 5242 qua
842 5167 949 5228 nullibi
962 5169 997 5226 in
1040 5167 1130 5226 elium
1141 5171 1254 5224 tomum
1264 5169 1399 5223 nostrum
1410 5169 1569 5228 reservate.
