4036 6090
838 497 883 560 IN
905 496 1096 563 PSALMOS
1683 495 1746 563 los

192 635 324 724 γεῖσθοιι,
353 644 409 701 τοῦ
440 635 497 721 μὲν
526 631 651 725 πρώτου
680 634 851 719 δηλοῦντος
883 639 943 722 την
990 642 1044 704 nis
1060 638 1260 720 enuntiatio,
1275 637 1328 704 bis
1344 637 1470 706 dicitur
1484 641 1639 726 confiteri,
1655 661 1738 725 quo-

193 739 244 826 ἐφ’
258 739 425 827 ἁμαρτίαις
440 738 686 825 ἐξομολόγησιν·
709 749 764 805 τοῦ
787 739 822 804 δέ
842 739 945 806 δευτέ-
991 762 1067 807 rum
1089 746 1185 826 prius
1206 744 1382 824 significat
1411 746 1657 812 confessionem
1679 765 1741 830 pro

194 866 250 929 ρου
272 847 332 930 την
353 844 460 929 ἐρὀίς
483 842 672 908 πεπόνθασιν
695 843 826 929 ἀγαθοῖς
849 845 945 930 εὐχα-
991 850 1154 930 peccatis,
1192 851 1361 931 posterius
1400 853 1515 914 autem
1550 854 1741 930 gratiarum

196 947 333 1032 ριστίαν·
355 948 423 1012 ἐπεὶ
437 947 473 1011 δέ
488 948 548 1032 οὐχ
565 947 629 1012 οίόν
644 945 679 1011 τέ
694 947 778 1012 ἐστιν
801 950 900 1025 οθτως
915 950 946 1014 ἐ-
991 954 1140 1016 actiones
1170 969 1231 1034 pro
1261 953 1358 1018 bonis
1388 971 1465 1035 qum
1498 957 1629 1037 experti
1651 960 1740 1020 sunt.

195 1052 428 1118 πικαλέσασθαι
442 1055 478 1116 τό
489 1053 590 1138 όνομα
601 1051 730 1136 Κυρίου,
747 1054 827 1117 ὥστε
838 1062 945 1138 τυχεῖν
991 1059 1102 1132 Quum
1118 1074 1198 1120 vero
1219 1073 1318 1121 nemo
1341 1060 1448 1140 possit
1463 1076 1586 1123 nomen
1604 1061 1741 1123 Domini

193 1166 266 1220 τοῦ·
283 1151 343 1234 Ὃς
359 1157 397 1222 ἂν
414 1154 642 1240 ἐπικαλέσηται
653 1159 689 1221 τό
701 1158 801 1243 όνομα
813 1156 941 1241 Κυρίου,
990 1164 1060 1224 tam
1085 1159 1267 1225 efficaciter
1291 1163 1466 1241 invocare,
1491 1169 1530 1226 ut
1552 1163 1613 1225 fiat
1635 1164 1741 1228 illud:

196 1259 384 1344 σωθήσεται,
400 1261 456 1326 ἐὰν
469 1261 512 1346 μὴ
525 1259 676 1346 πρότερόν
691 1282 736 1338 τις
747 1261 947 1347 ἀποταξάμε-
993 1265 1237 1345 «Quicumque
1258 1266 1468 1330 invocaverit
1482 1283 1609 1330 nomen
1632 1269 1745 1331 Domi-

195 1387 248 1443 νος
270 1375 308 1450 τῇ
332 1363 471 1452 ἁμαρτία
492 1364 767 1452 ἐξομολογήσηται
789 1369 860 1452 περὶ
882 1376 944 1433 τῶν
990 1369 1038 1449 ni,
1057 1370 1172 1432 salvus
1196 1369 1302 1450 erit»,
1327 1371 1394 1434 nisi
1409 1371 1504 1452 prius
1527 1389 1667 1452 peccare
1690 1389 1742 1435 re·

195 1467 500 1554 προημαρτημένων,
524 1469 577 1552 διόη
597 1479 690 1534 τοῦτο
706 1468 727 1553 ἡ
744 1468 901 1555 ἐκκλησία
916 1471 946 1535 ἐ-
991 1473 1166 1551 nuntians,
1182 1473 1355 1536 confessus
1378 1473 1483 1537 fuerit
1505 1492 1565 1555 pro
1587 1474 1744 1540 admissis

193 1572 314 1660 πιμένει
329 1572 636 1659 τηέξομολογήσει·
659 1574 745 1660 εἴπερ
761 1577 885 1641 οὖνκαὶ
906 1574 943 1659 η·
991 1577 1148 1657 peccatis,
1166 1576 1290 1640 idcirco
1313 1577 1466 1641 Ecclesia
1489 1583 1685 1660 perseverat
1706 1580 1743 1644 in
1844 1629 1848 1640 .

196 1679 263 1763 μεῖς
277 1677 416 1764 θέλομεν
437 1679 472 1742 ἐν
492 1687 557 1756 τοῖς
579 1676 838 1764 ἐπικαλουμένοις
861 1679 946 1762 abac·
992 1680 1211 1744 confessione.
1236 1683 1270 1744 Si
1294 1698 1376 1760 ergo
1406 1699 1467 1745 uos
1490 1699 1626 1764 quoque
1648 1685 1745 1747 volu-

195 1781 287 1869 θῆναι
308 1784 363 1847 καί
386 1782 524 1867 σωθῆναι
548 1783 615 1869 μετ’
629 1784 742 1865 αῦτῦν,
770 1780 945 1868 κατήγοροι
992 1800 1069 1846 mus
1100 1784 1189 1846 inter
1218 1789 1355 1849 vocatos
1385 1787 1527 1866 reperiri
1558 1793 1593 1850 et
1621 1788 1746 1852 salvari

198 1894 256 1972 της
272 1887 392 1952 ἑαυτῶν
408 1884 563 1972 ἁμαρτίας
581 1885 755 1975 γενώμεθα,
766 1885 875 1953 τέλεον
890 1907 947 1953 κα-
991 1905 1070 1951 cum
1093 1888 1172 1966 illis,
1190 1887 1313 1952 fiamus
1329 1893 1461 1953 nosmet
1483 1892 1613 1971 peccati
1636 1893 1743 1956 nostri

196 1992 383 2070 ταλιπόντες
399 1991 509 2078 αὐτην.
992 1997 1216 2073 accusatores,
1239 1993 1274 2057 id
1297 1994 1443 2075 perfecte
1466 1996 1707 2077 relinquentes.

238 2117 270 2160 ν.
282 2097 311 2160 3.
321 2093 521 2181 Διηγησομαι
533 2095 638 2163 πάντα
650 2099 691 2161 τόι
701 2095 868 2183 θαυμάσια
876 2116 945 2178 σου,
1035 2113 1067 2160 v.
1092 2097 1122 2160 3.
1146 2095 1315 2160 Enarrabo
1341 2099 1449 2162 oracio
1475 2099 1644 2164 mirabilia
1672 2105 1745 2180 tuo,-

195 2201 274 2266 όταν
288 2198 377 2266 λάθω
392 2204 513 2286 καιρόν,
529 2201 592 2287 ἐγὼ
608 2200 780 2286 εὐθύτητος
795 2209 901 2285 κρινῦ.
991 2218 1064 2267 carm
1075 2217 1220 2283 accepero
1240 2207 1373 2284 tempus,
1392 2219 1447 2285 τρο
1460 2204 1671 2271 rectitudines
1685 2205 1744 2286 χά·

992 2306 1113 2373 dicato.

238 2403 370 2487 Ἑνικῶς
391 2420 483 2476 τοῦτο
510 2412 605 2477 εἰπὼν
628 2411 671 2489 ὡς
694 2410 829 2476 ἑκάστου
853 2420 945 2475 τοῦτο
1038 2413 1268 2491 singulariter
1290 2411 1325 2476 id
1347 2413 1515 2495 loquitur,
1539 2430 1746 2495 unoquoque

185 2511 352 2604 λέγοντος,
369 2517 446 2601 ὅπερ
462 2517 496 2581 ἐν
518 2525 558 2602 τῇ
574 2526 664 2601 κοινῇ
680 2515 806 2582 πάντων
826 2513 946 2601 γίνεται
993 2515 1082 2579 idem
1094 2515 1294 2597 proferente,
1304 2517 1395 2597 quod
1405 2518 1579 2580 communi
1591 2519 1746 2581 omnium

196 2628 303 2704 φωνῇ·
330 2623 365 2686 τό
388 2621 416 2685 δ’
431 2623 507 2687 όταν
531 2621 618 2690 racc
642 2625 763 2706 καιρόν,
788 2619 946 2686 τουτέστιν
992 2635 1074 2682 voce
1090 2620 1304 2700 praedicatur.
1321 2621 1412 2685 Illud
1423 2639 1503 2686 vero
1516 2639 1588 2688 cam
1597 2639 1745 2704 ccccpcrc

195 2724 271 2789 ὅταν
285 2723 504 2810 ἐπανέλθωμεν
520 2727 558 2792 ἐκ
573 2734 631 2811 της
648 2725 877 2812 αἰχμαλωσίας,
894 2723 947 2788 διόι
993 2727 1127 2804 ammte,
1153 2723 1188 2786 id
1212 2730 1272 2804 est,
1304 2726 1440 2806 quando
1467 2731 1680 2790 revertemur
1703 2745 1745 2790 ex

195 2829 230 2891 τό
247 2829 290 2913 μὴ
306 2826 421 2906 ἐξεῖναι
432 2829 518 2914 ᾄδειν
532 2830 584 2894 ἐπί
599 2838 656 2914 τῆς
672 2827 841 2914 ἀλλοτρίας
856 2851 864 2867 ·
879 2829 947 2913 διη-
993 2829 1202 2910 captivitate,
1220 2830 1345 2910 quippe
1369 2834 1507 2893 cantare
1523 2847 1591 2894 non
1608 2831 1748 2912 expedit

193 2931 316 3018 γεῐσθαι
332 2934 366 2998 δέ
382 2945 437 2999 τοῦ
453 2933 536 3001 Θεοῦ
551 2937 591 3000 τὰ
605 2933 772 3020 θαυμάσια
787 2935 946 3020 ὑπισχνεῖ-
993 2933 1029 2996 in
1044 2937 1136 2996 terra
1156 2934 1281 2996 aliena.
1305 2935 1389 2998 Fore
1412 2939 1528 2998 autem
1551 2939 1591 2998 ut
1613 2939 1748 2999 enarret

195 3056 248 3102 ται
262 3038 350 3102 καλό
373 3037 583 3117 ἀποστολικός
607 3041 713 3124 χορός,
737 3046 799 3103 τῶν
821 3036 948 3104 διωκόν-
993 3043 1149 3120 portenta
1164 3039 1236 3118 Dei,
1260 3039 1440 3120 pollicetur
1464 3033 1599 3121 quoque
1622 3039 1747 3104 chorus

194 3162 256 3207 των
280 3141 485 3229 ἀπαλλαγείς.
511 3142 607 3230 Τάχα
629 3143 664 3208 δέ
685 3142 702 3208 ό
725 3141 839 3228 Σωτὴρ
861 3141 948 3228 λέγει
994 3144 1209 3224 apostolicus,
1240 3163 1261 3207 a
1291 3146 1566 3226 persecutoribus
1601 3149 1748 3227 ereptus.

194 3256 296 3311 ταῦτα
310 3247 388 3330 πρὸς
399 3248 453 3312 τόν
468 3245 599 3331 Πατέρα
609 3249 680 3331 περὶ
692 3255 749 3332 της
761 3244 945 3330 ἐκκλησίας,
993 3249 1074 3324 Quae
1084 3247 1224 3312 fortasse
1234 3250 1388 3314 Salvator
1400 3250 1552 3331 loquitur
1560 3251 1603 3315 ad
1611 3253 1746 3314 Putrem

195 3349 243 3414 ότι
257 3347 379 3415 οὐδέπω
401 3351 520 3427 ταύτας
541 3360 680 3437 χωροῦσι
703 3351 760 3427 τὰς
783 3348 945 3434 διηγήσεις
994 3352 1036 3416 de
1058 3353 1226 3416 Ecclesia:
1250 3351 1343 3435 [Ego
1374 3351 1554 3436 narrabo],
1587 3355 1749 3436 quoniam

196 3460 259 3519 τῦν
283 3451 460 3539 μυστηρίων
483 3475 550 3538 σου,
574 3454 659 3520 ἀλλὰ
685 3464 797 3539 καιροῦ
824 3453 949 3520 δέονται
993 3457 1149 3520 homines
1172 3457 1323 3520 nondum
1347 3458 1488 3538 capiunt
1515 3459 1746 3522 enarrationes

197 3565 253 3642 της
275 3555 397 3636 τελείας
420 3558 620 3645 ἐπιστροφῆς·
644 3556 685 3623 Εἰ
701 3557 793 3623 θέλοι
816 3560 948 3624 οὖνκαὶ
994 3561 1236 3642 mysteriorum
1256 3565 1404 3640 tuorum,
1429 3560 1488 3624 sed
1512 3561 1669 3640 indigent
1692 3579 1747 3643 cp·

195 3657 286 3745 ἡμῦν
309 3659 443 3739 ἕκαστος
465 3662 600 3728 ἀκοῦσαι
622 3670 679 3727 τοῦ
698 3660 806 3746 Ἰησοῦ
822 3662 948 3747 διηγοῦ·
993 3665 1203 3745 portunitate
1220 3663 1376 3744 perlecta
1388 3667 1629 3729 conversionis.
1648 3667 1683 3729 Si
1694 3684 1746 3729 er-

199 3763 293 3850 μένου
309 3767 349 3831 τὰ
365 3765 532 3852 θαυμάσια
543 3777 598 3832 τοῦ
614 3767 748 3852 Πατρός,
766 3765 846 3831 δότω
862 3769 947 3852 αὐτῷ
994 3784 1039 3846 go
1052 3768 1290 3849 unusquisqne
1303 3772 1458 3831 nostrum
1471 3767 1555 3830 velit
1566 3768 1684 3830 audire
1694 3769 1715 3831 J
1718 3788 1750 3830 e-

199 3869 327 3954 καιρόν·
343 3869 449 3936 δίδωσι
460 3873 494 3936 δέ
509 3874 618 3957 καιρόν
633 3871 651 3936 ό
667 3871 753 3957 βιοῦς
768 3871 883 3948 καλῶς.
902 3871 948 3937 Τό
993 3888 1070 3934 sum
1095 3875 1312 3934 enarrantem
1335 3872 1445 3935 Patris
1470 3872 1650 3950 mirabilia,
1666 3878 1749 3936 tern-

199 3973 255 4056 μέν
272 3974 325 4038 οόν
340 3956 542 4060 διηγήσομαι,
559 3974 762 4060 ἀνθρώπινον,
778 3977 814 4039 τό
829 3975 864 4040 δέ
876 3974 948 4060 έξης
993 3992 1057 4057 pus
1074 3976 1125 4039 illi
1141 3975 1254 4055 cedat3
1277 3981 1412 4057 tempus
1432 3993 1512 4039 vero
1529 3977 1587 4039 ille
1603 3976 1661 4039 dat
1685 3978 1748 4059 qui

197 4076 281 4145 Θεοῦ
296 4081 407 4162 φωναί,
427 4081 531 4163 ὥσπερ
554 4088 695 4166 νοοῦμεν,
712 4082 747 4144 τό
763 4079 833 4156 ἔθος
856 4079 947 4165 ἐχοιί-
994 4080 1080 4143 θεοῦ
1095 4080 1192 4143 vivit.
1216 4081 1287 4143 Hoc
1303 4097 1385 4158 ergo
1409 4079 1575 4160 enarrabo,
1599 4081 1748 4144 hominis

198 4201 257 4264 σης
280 4191 337 4266 της
357 4191 483 4270 γραφῆς
506 4185 562 4260 τὰς
586 4182 772 4270 μεταθέσεις
794 4183 949 4250 ποιεῖσθαι
995 4189 1061 4263 est;
1078 4182 1168 4264 quod
1184 4199 1264 4246 vero
1278 4183 1444 4263 sequitur,
1461 4181 1523 4246 Dei
1541 4187 1624 4246 sunt
1638 4200 1747 4260 voces,

233 4467 261 4504 v.
280 4448 305 4502 θ.
323 4448 391 4504 Vct.
411 4451 585 4507 luliarum
602 4469 683 4508 more
701 4459 828 4510 vetustae
848 4453 949 4510 arcani
994 4452 1092 4510 vidius
1102 4451 1180 4524 apud
1190 4450 1352 4506 Cordarum
1361 4467 1394 4520 ιι,
1403 4455 1454 4506 552
1464 4451 1543 4506 idem
1552 4450 1749 4521 interrogans:

196 4533 360 4607 disciplina
378 4537 504 4592 recurrit
524 4541 658 4606 τελείωσις
677 4545 708 4594 ct
727 4545 780 4595 τῶν
802 4545 949 4609 μυστηρίων
994 4543 1099 4608 μήποτε
1110 4543 1205 4592 τοίνυν.
1218 4540 1296 4592 κτλ...
1311 4535 1461 4592 Oanonem
1472 4553 1542 4592 vero
1559 4535 1700 4590 biblicum
1712 4535 1749 4591 da

196 4620 280 4676 varic.
291 4638 344 4693 pro
354 4622 536 4695 temporibus
545 4624 715 4681 declaratio.
725 4625 783 4680 Sed
793 4643 859 4682 acce
869 4624 949 4680 haud
994 4623 1156 4679 mutatione
1166 4621 1542 4696 personarumincontinua
1551 4621 1750 4690 seriamirum

198 4706 261 4761 sine
285 4706 397 4763 Ariana
415 4708 520 4765 frauda
539 4711 693 4768 transtulit
720 4711 777 4767 sibi
804 4711 949 4768 Eusebius
995 4713 1041 4764 est
1053 4725 1140 4779 quam
1152 4707 1218 4763 fusa
1227 4713 1258 4763 ct
1268 4712 1441 4778 arroganter
1450 4705 1567 4763 effutiat
1576 4707 1646 4762 ibid.
1657 4725 1684 4780 p.
1697 4713 1748 4762 552

194 4792 330 4863 quaedam
346 4794 452 4866 verba,
470 4796 522 4852 ubi
540 4797 617 4870 apud
640 4798 798 4870 Origeuam
819 4804 900 4855 recte
919 4805 950 4854 ct
994 4795 1167 4851 Theodorus
1177 4794 1749 4868 Mopsuestenus,haudsemalOrigenis

195 4879 282 4952 plana
300 4880 407 4937 asserit
426 4881 604 4954 Unigenitus
625 4889 689 4940 tum
710 4902 780 4941 suas
805 4889 949 4956 ἐνεργείας,
994 4881 1219 4952 metaphrastes,
1232 4879 1420 4952 quantumvis
1439 4882 1528 4937 simul
1543 4887 1574 4938 et
1591 4881 1751 4938 acerrimus

196 4971 261 5021 tum
272 4966 369 5022 Patris
383 4967 429 5022 sui
446 4971 602 5041 θεολογίαν,
620 4970 810 5027 Caesariensis
830 4971 950 5027 dubium
996 4972 1189 5040 oppugnator.
1212 4965 1343 5022 Tandem
1365 4967 1534 5041 Symmachi
1555 4969 1655 5025 locum
1672 4967 1751 5042 apud

194 5051 334 5109 audacter
347 5053 463 5110 subdit:
481 5059 551 5124 ’θρα
568 5062 655 5112 τοίνυν
668 5062 691 5112 εῑ
709 5059 745 5126 μὴ
759 5060 803 5112 διόι
820 5061 950 5112 τοῦτωνό
995 5052 1141 5109 Fieldium
1153 5052 1269 5123 Aquilae
1280 5052 1344 5110 fere
1356 5053 1506 5123 tribuitur,
1520 5071 1552 5124 rr,
1566 5056 1626 5111 219.
1636 5055 1673 5110 A.
1685 5058 1749 5109 όταν

194 5143 350 5210 Μονογενης
367 5147 414 5196 τοῦ
433 5144 500 5198 Θεοῦ
518 5145 609 5214 Λόγος
627 5147 676 5210 τὰς
693 5148 797 5208 οἰκείας
814 5147 951 5212 ἐνεργείας
998 5142 1074 5195 λοίόω
1087 5143 1226 5209 σῦντοιγην.
1244 5141 1273 5195 Σ.
1291 5143 1356 5197 ότοιν
1374 5141 1451 5196 ictu
1469 5144 1517 5211 τὴν
1536 5144 1703 5212 συναγωγήν,
1716 5159 1751 5196 ac

195 5228 321 5294 διδοίσκει,
334 5229 383 5296 την
392 5234 439 5284 τοῦ
450 5233 557 5300 Πατρός
566 5232 666 5296 διεξιὼν
679 5232 834 5298 θεολογίαν,
847 5234 900 5284 aut
908 5229 951 5288 vi-
998 5228 1092 5284 multa
1103 5226 1136 5283 in
1148 5225 1204 5282 hoo
1217 5226 1282 5283 loco
1295 5225 1428 5284 confusio
1441 5232 1569 5285 notatur.
