4044 6104
899 471 1103 534 EUSEBIUS
1702 479 1765 541 375

222 607 388 674 εἰώθασιν·
403 608 488 673 ἀλλὰ
501 608 600 679 καλῇοί
616 610 660 694 μὴ
682 617 786 694 χῶρον
803 607 970 695 μετανοίας
1014 628 1090 675 cere
1105 619 1373 678 consueverunt.
1390 617 1501 680 Etiam
1513 619 1564 680 illi
1580 619 1640 700 qui
1655 619 1760 682 semel

225 711 361 789 διδόντες
375 721 439 789 τοῖς
455 711 539 791 ἅπαξ
564 709 792 798 ἡμαρτηκόσιν,
808 722 909 777 ταῦτα
931 713 970 776 ἂν
1016 717 1232 797 peccantibus
1258 719 1391 781 nullum
1415 720 1623 800 peanitentiae
1646 721 1757 784 locum

225 815 342 880 εἴποιεν
356 818 426 899 περί
441 825 502 881 των
525 825 687 902 μετανοεῖν
709 815 758 900 ἐφ’
771 817 816 892 οίς
831 817 989 901 ἥμαρτονΙ
1015 820 1212 900 concedunt,
1238 823 1364 885 similia
1390 822 1540 887 dixerint
1561 823 1602 887 de
1625 824 1677 888 his
1700 827 1760 906 qui

224 919 411 984 etelectus·
434 922 488 984 καί
503 921 531 984 οἱ
554 921 641 985 ἄθεοι
655 919 690 985 δέ
713 920 902 1004 αίρεσιωται,
926 921 970 998 εἰς
1015 925 1248 1004 poenitentiam
1275 925 1316 990 de
1342 927 1472 992 mendis
1498 944 1602 1006 agere
1631 930 1760 993 volunt.

228 1025 273 1089 ἔτι
288 1025 343 1089 καί
353 1033 406 1088 νῦν
419 1021 677 1110 βλασφημοῦντες
688 1026 741 1088 τὸν
752 1023 857 1105 Δαυίδ,
869 1022 970 1088 ταῦτα
1014 1029 1093 1091 Sine
1119 1033 1233 1092 autem
1248 1031 1317 1093 Deo
1337 1030 1373 1092 hi
1396 1029 1562 1110 haeretici,
1586 1033 1761 1112 quietiam

224 1151 320 1214 φασιν
348 1131 419 1214 περί
446 1129 544 1193 αῐιτοῠ
569 1129 621 1193 διὰ
646 1131 682 1192 rb
712 1127 853 1213 πραχθὲν
884 1129 968 1212 αὐτῷ
1014 1149 1104 1194 nunc
1132 1133 1367 1214 blasphemant
1393 1134 1555 1198 adversus
1585 1136 1693 1200 David
1719 1137 1762 1200 ob

224 1231 453 1318 πλημμέλημα,
469 1231 738 1316 ἀπογινώσκοντες
754 1231 850 1296 αὐτοῦ
865 1233 924 1316 τὴν
939 1231 973 1296 ἐν
1016 1238 1125 1300 scelus
1151 1238 1195 1300 ab
1220 1255 1259 1301 eo
1277 1243 1457 1319 patratum,
1486 1255 1525 1301 ea
1547 1238 1650 1303 verba
1675 1238 1759 1304 effu-

225 1335 296 1403 Θεω
311 1334 478 1420 σωτηρίαν.
1016 1341 1118 1421 tiunt,
1133 1341 1348 1423 desperantes
1363 1361 1384 1405 a
1399 1344 1467 1406 Deo
1483 1341 1557 1406 fieri
1580 1343 1653 1424 eJ'us
1672 1347 1762 1410 salu·

1017 1449 1095 1507 tem.

270 1568 301 1612 v.
318 1547 348 1611 5.
363 1545 429 1612 Καὶ
451 1542 610 1630 έπηκουσέ
633 1566 692 1630 μου
713 1542 746 1625 ἐξ
768 1544 858 1629 ὅρους
880 1541 973 1629 ἁγίου
1060 1566 1092 1614 ν.
1107 1553 1138 1613 5.
1161 1551 1206 1616 at
1219 1551 1385 1616 αωωυιίίωἰί
1398 1569 1447 1616 κιο
1465 1569 1504 1618 αα
1522 1557 1625 1618 mona
1649 1559 1759 1620 samio

229 1653 335 1717 αὐτοῦ.
1015 1670 1084 1718 τωο.

266 1755 400 1841 Λίγοιτο
413 1754 442 1820 δ’
452 1756 491 1820 δν
502 1755 574 1839 δρας
586 1752 708 1840 δγιονὴ
722 1754 881 1838 ὑπερφυὴς
893 1761 971 1838 γνῶ·
1060 1757 1169 1821 Possit
1190 1763 1304 1822 autem
1332 1758 1398 1823 dici
1421 1767 1560 1824 sanctus
1586 1778 1682 1826 mons
1702 1780 1759 1826 ao-

222 1881 269 1938 σις
286 1862 392 1943 αὐτοῦ,
407 1858 494 1924 καὶὸ
518 1859 689 1944 μονογενὴς
712 1856 782 1934 Υἱὸς
803 1857 968 1937 rutilent,
1013 1860 1127 1924 blimis
1143 1861 1244 1924 Verbi
1255 1863 1409 1941 seientia,
1426 1868 1460 1927 et
1474 1837 1681 1942 abigenilus
1697 1867 1758 1930 Ilei

221 1963 255 2043 ἐξ
271 1967 307 2028 ob
322 1971 384 2029 τῶν
400 1961 578 2050 εὐχομένων
589 1963 606 2028 δ
618 1962 699 2040 Θεὸς
715 1960 834 2044 ἀκούει,
850 1963 969 2046 neplah
1013 1965 1131 2044 Filius,
1140 1981 1181 2027 en
1189 1983 1257 2047 quo
1265 1983 1320 2030 eos
1329 1968 1388 2047 qui
1399 1972 1590 2049 precantur,
1600 1969 1690 2032 Deus
1700 1987 1760 2032 au-

220 2067 410 2155 γέγραιτται·
424 2066 540 2133 Ἔσται
554 2066 692 2152 ἐμφανές
708 2068 744 2130 τὸ
760 2055 831 2150 δρὸς
847 2065 966 2151 Κυρίου
1012 2067 1071 2148 dit,
1087 2070 1128 2133 de
1144 2086 1210 2151 quo
1230 2072 1394 2151 scriptum
1411 2075 1475 2135 est:
1503 2073 1608 2135 «Erit
1630 2075 1762 2154 conspi-

222 2171 272 2239 ἐπ’
298 2170 437 2257 ἐσχάτου
463 2173 525 2238 των
549 2168 695 2256 ἡμερῶν·
727 2169 779 2234 ἐπί
809 2169 970 2256 συντελείᾳ
1012 2191 1097 2238 ouus
1119 2189 1215 2238 mons
1254 2175 1388 2239 Domini
1414 2174 1451 2239 in
1477 2177 1661 2240 novissimo
1689 2176 1758 2258 die-

221 2277 284 2362 γίιρ
304 2273 380 2360 ἡμῖν
394 2284 457 2342 τῶν
478 2273 598 2340 αἰώνων
618 2271 812 2358 ἐφανερώθη.
829 2265 874 2336 Ἢ
896 2272 969 2338 καθ’
1012 2295 1130 2341 rum.»
1155 2279 1240 2342 Nam
1262 2279 1297 2342 in
1309 2280 1602 2346 ,consummatione
1624 2282 1761 2360 saculo-

221 2377 361 2462 ἱστορίαν
376 2379 429 2443 tta
449 2379 508 2464 την
522 2377 622 2444 πάλαι
638 2375 842 2463 ,κατέχουσαν
863 2376 966 2459 δόξαν,
1015 2399 1091 2446 rum
1107 2382 1205 2446 nobis
1219 2387 1375 2446 ostensus
1390 2387 1450 2446 est.
1465 2384 1528 2446 Vel
1543 2386 1697 2464 respectu
1715 2384 1757 2447 ad

222 2482 384 2569 ἐνομίζετο
398 2479 966 2568 καίέντῇσκηνηκατοικεῐνθθεδς,
1010 2485 1197 2564 historiam,
1216 2485 1259 2548 ob
1281 2486 1426 2565 gloriam
1450 2486 1531 2548 olim
1554 2487 1759 2551 exhibitam:

223 2588 292 2652 irtel
306 2589 360 2652 καί
375 2590 448 2665 τοὺς
468 2589 632 2674 χρησμοὺς
653 2595 718 2664 τοῖς
733 2585 865 2672 ἱερεῦσιν
887 2587 967 2652 ἐκεῖ·
1013 2589 1196 2670 putabatur
1211 2591 1313 2654 etiam
1329 2591 1418 2654 Deus
1434 2589 1587 2655 habitare
1603 2593 1639 2656 in
1650 2593 1760 2668 taber-

224 2693 277 2760 θεν
291 2701 436 2779 παρεῖχε.
1014 2695 1146 2774 nacula,
1163 2711 1270 2776 quum
1296 2693 1418 2758 exinde
1443 2695 1672 2759 sacerdotibus
1688 2712 1760 2759 ora·

1013 2798 1092 2860 cula
1113 2798 1278 2880 prestitit.

857 3007 1028 3100 7Ρτιιίυιτω
1051 3004 1125 3108 IV.

246 3259 297 3324 '·u.
321 3263 350 3326 5.
375 3254 420 3324 ”A
435 3257 545 3344 λέγετε
567 3259 601 3324 ἐν
616 3265 684 3336 ταῖς
705 3254 848 3342 καρδίαις
870 3255 967 3341 ὑμῶν,
1055 3273 1088 3320 ν.
1105 3257 1135 3320 5.
1155 3257 1703 3345 cadentemcadentem,
1721 3265 1758 3328 iu

221 3363 273 3428 ἐπί
288 3372 357 3441 ταῖς
370 3363 489 3441 κοίταις
505 3363 590 3448 ὑμῶν
604 3361 814 3446 κατανὺγητε.
1011 3357 1169 3424 οιιθίίιλλιλι
1182 3363 1302 3427 τιτθία
1316 3365 1575 3448 compungimini.
1650 3449 1653 3455 Δ
1731 3429 1735 3437 ,

263 3467 409 3534 Διδάσκει
430 3469 507 3552 πρὸς
529 3465 638 3550 κοίτην
660 3464 807 3540 ἐλθόντας
829 3463 879 3528 ἐπὶ
901 3471 967 3540 τοῖς
1057 3465 1169 3528 Monet
1182 3466 1294 3530 cubile
1308 3472 1470 3550 petentes,
1487 3476 1526 3534 ut
1538 3488 1598 3552 pro
1613 3474 1758 3551 peccatis
1809 3539 1811 3544 ,

218 3571 441 3659 ἁμαρτήμασιν
462 3571 593 3648 ἑαυτοὺς
615 3569 744 3646 εὐθύνας
767 3567 967 3653 είοπρίττεσ-
1011 3568 1159 3632 rationes
1175 3569 1239 3649 ipsi
1255 3569 1455 3651 expendant,
1472 3577 1507 3636 et
1521 3581 1679 3654 pungant
1688 3577 1760 3639 ani-

217 3677 279 3762 θαι,
295 3681 348 3743 καί
364 3678 524 3744 νύττεσθαι
539 3679 598 3763 τὴν
621 3677 727 3762 ψυχὴν
742 3683 814 3752 ταῖς
831 3672 966 3750 δικαίαις
1010 3688 1100 3734 mam
1123 3673 1255 3736 meritis
1278 3675 1570 3754 castigationibus.
1587 3679 1639 3742 lix
1663 3685 1760 3762 parte

217 3782 420 3868 έπιτιμήσεσι.
436 3781 497 3847 Ἐκ
513 3779 624 3866 μέρους
640 3780 674 3846 δὲ
693 3787 736 3866 τῷ
752 3777 909 3862 λέγεσθαι,
926 3778 967 3841 τὰ
1011 3775 1164 3857 quedam
1185 3777 1343 3858 recolens,
1359 3780 1474 3842 omnia
1492 3785 1630 3862 peccata
1647 3783 1758 3847 decla-

218 3884 428 3973 ἡμαρτημίνα
443 3888 548 3952 πάντα
563 3885 671 3970 δηλοῖ·
687 3883 774 3970 τάχα
785 3883 820 3948 δὲ
832 3882 885 3945 καί
896 3889 965 3957 ταῖς
1010 3883 1072 3958 rat,
1099 3895 1139 3942 ac
1161 3877 1246 3942 iorte
1275 3881 1360 3944 ratio
1388 3899 1523 3964 quoque
1550 3883 1694 3948 habetur
1716 3887 1758 3950 de

220 3990 332 4070 ἄλλαις
343 3999 531 4076 πρακτικαῖς
545 3987 710 4076 ἁμαρτίαις
723 3985 848 4072 ἡγεῖται
860 3984 964 4069 λόγος.
1009 3981 1138 4045 ceteris
1153 3983 1189 4044 in
1205 3983 1302 4064 praxi
1314 3982 1455 4048 delictis.
1471 3987 1612 4067 Propria
1625 3987 1755 4054 indoles

222 4132 263 4143 -
293 4091 413 4172 Ἰδικῶς
436 4094 470 4158 δὲ
492 4097 528 4158 ab
555 4091 726 4160 δάκνεσθαι
751 4097 966 4174 κατανυγηνοιι
1010 4086 1190 4167 Scriptura
1204 4090 1256 4150 est
1265 4104 1325 4168 pro
1336 4088 1478 4154 mordeat
1488 4090 1598 4157 dicere
1609 4110 1755 4176 εοκιρτωυ

222 4195 354 4283 μησίνή
376 4195 495 4283 γραφη.
512 4195 550 4262 Ὁ
573 4196 607 4261 δέ
631 4194 796 4281 [Ἀκύλας]
821 4192 889 4258 ἀντὶ
910 4200 965 4256 τοῦ
1007 4187 1053 4271 ρι’.
1070 4191 1193 4271 Aquila
1206 4194 1321 4254 autem
1333 4208 1394 4273 pro
1404 4195 1656 4278 computtpimini
1670 4198 1756 4262 dixit

222 4303 432 4388 κατανύγητε,
448 4311 584 4367 σιωπᾶτε
606 4302 734 4386 ἔφησεν,
749 4299 803 4363 καί
823 4297 967 4381 δεύτερον
1010 4292 1112 4373 τέλεια,
1131 4298 1166 4358 et
1178 4296 1326 4359 secundo
1342 4298 1414 4361 loco
1428 4301 1626 4380 requiescite,
1645 4301 1680 4364 id
1696 4307 1758 4382 est,

222 4404 417 4490 ἡσυχάσατε.
436 4403 604 4471 Τουτέστιν
621 4404 672 4469 ἐπί
690 4411 758 4480 ταῖς
777 4399 897 4477 κοίταις
915 4397 968 4462 λο-
1013 4397 1177 4462 instratis
1207 4400 1338 4479 vestris,
1357 4405 1432 4482 post
1457 4403 1547 4466 diem
1574 4405 1759 4469 recolentes

223 4509 393 4593 γισίιμενοι·
407 4510 449 4573 τθι
462 4509 668 4594 πεπραγμένα
691 4505 757 4593 μεθ’
767 4503 900 4592 ἡμέρας,
916 4504 967 4567 οῦ·
1012 4517 1142 4582 eaquae
1157 4500 1293 4583 fecistis,
1309 4504 1357 4566 ita
1372 4504 1546 4586 quiescite.

221 4631 283 4688 τως
297 4610 493 4696 ἡσυχάσατε.

266 4736 297 4781 ν.
312 4719 377 4782 ’ί-9.
394 4715 511 4782 Πολλοί
526 4714 664 4804 λέγουσι·
678 4713 725 4793 τίς
736 4713 829 4794 δείξει
839 4714 915 4800 ἡμῖν
926 4715 967 4779 τὰ
1054 4729 1085 4772 v·
1098 4710 1164 4773 7·9·
1180 4710 1282 4777 Multi
1303 4711 1432 4780 dicimis
1455 4718 1530 4798 qvia
1544 4716 1684 4781 anunm
1704 4734 1758 4780 tw·
1838 4785 1840 4789 ,

223 4819 345 4906 ἀγαθάς
375 4819 552 4907 έσημειὼθη
583 4821 633 4908 ἐφ’
647 4820 733 4908 ἡμᾶς
759 4821 795 4885 τὸ
824 4829 889 4906 φῶς
911 4830 966 4886 τοῦ
1010 4815 1060 4881 tir
1074 4813 1174 4878 bona?
1192 4815 1364 4896 &attatum
1386 4821 1435 4884 eu
1453 4835 1551 4902 super
1571 4836 1629 4884 aas
1651 4819 1760 4884 ltmtea
1836 4805 1840 4816 ⁶

255 4996 304 5052 Ps.
322 5014 365 5068 ιν,
377 5014 406 5053 ν.
425 4996 450 5051 5.
463 4996 549 5052 Vatic
562 4997 605 5051 16.
623 4995 667 5051 cf.
685 4994 778 5051 Field.
797 5013 830 5065 rr,
849 4996 892 5051 91.
909 4995 968 5052 Pro
1012 4989 1082 5045 uino
1094 4987 1162 5044 vide
1184 5004 1249 5060 qum
1260 4988 1299 5044 ad
1316 4989 1529 5048 emendandum
1544 4996 1576 5048 et
1593 4992 1760 5065 aagendam

219 5089 266 5138 καί
277 5087 400 5151 δεύτερον
410 5079 433 5136 f.
445 5081 659 5154 legendumne!
670 5083 819 5150 Σύμμαχος.
1013 5074 1172 5130 Eusebium
1184 5075 1215 5132 in
1227 5077 1371 5151 superiori
1383 5085 1464 5136 tomo
1475 5097 1504 5153 p.
1515 5081 1567 5136 ttl
1580 5080 1705 5138 uberius,
1717 5079 1759 5137 ef-

254 5189 281 5229 ν.
293 5171 346 5228 7-9.
357 5170 453 5227 Vatia.
464 5171 505 5226 16.
516 5169 667 5242 Parpauea
685 5175 832 5241 notantur,
843 5169 894 5225 sed
909 5185 969 5224 om·
1014 5161 1151 5218 fudimus·
