4044 6104
222 547 226 554 .
282 500 346 564 456
948 503 1158 570 calennae

280 659 389 725 ματος,
411 636 624 716 θεσπίσαντος
646 637 698 704 διά
723 647 779 704 τοῦ
801 637 1030 726 προλεχθέντος
1079 641 1273 708 enuntiavit
1288 641 1323 706 in
1335 641 1537 724 pmcedenti
1548 644 1677 726 psalmo
1689 647 1827 711 oracula

279 741 408 829 ψαλμοῦ
423 744 464 808 τὸ
478 745 550 828 περὶ
572 751 629 829 της
644 740 776 827 κρίσεως
795 753 850 808 τοῦ
866 743 959 826 Θεοῦ,
975 746 1030 809 καὶ
1077 747 1117 810 de
1129 745 1260 826 judicio
1275 746 1346 826 Dei,
1362 763 1472 828 neque
1488 747 1661 826 ignoravit
1675 751 1826 832 increpa·

277 849 333 912 τὸν
348 847 482 934 ἔλεγχον
506 845 622 933 μαθὼν,
637 848 673 911 ὸν
695 844 856 932 ἐπήγαγεν
870 855 914 933 τῷ
930 847 1031 932 άμαρ-
1074 851 1202 914 tionem
1217 850 1378 914 adversus
1392 855 1602 930 peecatorem
1625 851 1679 916 his
1694 853 1821 917 verbis:

278 949 368 1037 τωλῲ
383 950 489 1016 εἰπών·
505 949 547 1016 El
559 949 702 1035 έθειίιρεις
721 948 872 1035 κλέπτην,
889 949 1031 1036 συνέτρε-
1077 956 1146 1019 «Si
1161 955 1298 1019 videbas
1313 953 1433 1034 iurem,
1449 955 1608 1020 currebas
1626 973 1706 1020 cum
1720 973 1770 1036 eo,
1786 960 1822 1020 et

279 1076 337 1140 χες
352 1057 446 1142 αὐτῷ,
462 1057 517 1120 καὶ
533 1057 614 1142 μετά
628 1063 746 1142 μοιχῶν
761 1057 820 1142 τήν
836 1055 948 1144 μερίδα
970 1077 1028 1120 σου
1074 1076 1153 1122 cum
1183 1059 1347 1122 adulteris
1376 1059 1565 1140 portionem
1582 1063 1690 1123 tuam
1723 1075 1825 1140 pone·

280 1159 401 1242 ἐτίθεις,
424 1160 534 1224 έπειτα
555 1161 612 1246 τήν
632 1159 740 1246 ψυχήν
761 1159 895 1247 πληγεὶς
916 1159 968 1226 ἐπὶ
989 1168 1029 1246 τῇ
1074 1161 1151 1242 ῦοε;
1168 1183 1185 1222 >›
1200 1166 1273 1226 tum
1285 1166 1402 1244 postea
1417 1163 1452 1225 in
1468 1163 1583 1226 anima
1597 1164 1770 1228 sauciatus
1782 1180 1825 1227 ex

282 1262 390 1350 μνήμη
403 1271 460 1348 τής
470 1263 670 1349 κλεψιγάμου
685 1262 850 1349 ἀμαρτίας,
867 1265 887 1348 ri
904 1261 1030 1348 περιπέ-
1074 1267 1238 1330 memoria
1252 1267 1437 1330 adulterini
1455 1265 1549 1347 furti,
1574 1267 1609 1331 in
1625 1269 1715 1348 quod
1742 1248 1828 1332 ceci·

280 1388 414 1451 πτωκεν,
426 1365 520 1432 ὁπότε
532 1365 676 1451 εἰσῆλθεν
686 1369 764 1451 πρὸς
774 1369 833 1453 τήν
844 1377 900 1432 τοῦ
915 1365 1031 1452 Οῦρίου
1074 1368 1133 1448 dit,
1150 1369 1286 1451 quando
1300 1372 1444 1434 accessit
1460 1370 1504 1434 ad
1518 1371 1696 1435 mulierem
1724 1373 1824 1452 Uriae,

280 1481 418 1560 γυναῖκα
439 1473 506 1557 τήν
520 1469 697 1556 Βηρσαόεέ,
714 1471 833 1557 φθάσαι
850 1474 909 1559 τήν
930 1469 1031 1556 κρίσιν
1073 1472 1305 1553 aduersatus,
1322 1473 1511 1552 diligentie
1529 1475 1687 1554 consulit,
1703 1479 1743 1539 ut
1764 1493 1826 1558 per

278 1587 337 1642 τοῦ
353 1576 437 1643 Θεοῦ
458 1577 514 1641 καί
534 1577 594 1661 τήν
617 1576 715 1661 όργήν
731 1573 899 1661 προλαόεῖν
914 1575 954 1640 δι’
965 1575 1030 1655 ἔξω·
1073 1576 1307 1658 paenitentiam
1319 1578 1521 1658 anticiparet
1526 1575 1699 1658 judicium
1707 1581 1779 1661 Dei,
1792 1584 1827 1645 et

281 1679 485 1768 μολογήσεως
500 1679 641 1766 σπουδήν
657 1677 847 1764 ἐποιήσατο·
867 1679 915 1744 διὸ
929 1700 1031 1764 παρα-
1073 1679 1161 1744 iram
1172 1685 1432 1762 preoccupes-et.
1447 1681 1526 1746 Ideo
1537 1672 1611 1747 sine
1624 1699 1729 1765 mora,
1743 1701 1826 1766 qua·

281 1795 395 1872 χρήμα
422 1786 528 1869 ὥσπερ
558 1781 680 1869 στήλην
708 1780 902 1869 κατηγορίας
935 1783 1030 1860 αὐτὸς
1073 1784 1102 1848 si
1133 1786 1326 1848 columnam
1355 1787 1590 1868 accusationis,
1621 1789 1693 1869 ipse
1724 1791 1760 1853 in
1784 1805 1821 1854 se

279 1889 354 1957 καθ’
365 1890 479 1956 ἑαυτοῦ
490 1890 544 1955 τὸν
558 1886 765 1974 προκείμενον
777 1887 939 1952 σοντόιττιι
950 1886 1031 1972 ψαλ-
1073 1890 1243 1969 psalmum
1259 1890 1319 1970 qui
1334 1889 1475 1970 adjacet,
1495 1891 1681 1972 constituit,
1701 1893 1737 1958 in
1756 1907 1824 1974 quo

279 1985 349 2080 μὸν,
364 1995 499 2080 ἔλεγχον
510 1991 734 2072 άνεξάλειπτον
745 1989 818 2056 καθ’
829 1989 943 2056 έαοτοῦ
955 2010 1030 2075 στη-
1073 1993 1277 2056 sententiam
1288 1993 1451 2058 adversus
1465 2011 1501 2058 se
1517 1994 1732 2060 indelebilem
1744 1997 1780 2060 in
1796 1998 1822 2061 i·

279 2098 425 2175 λιτεόσας
446 2097 499 2162 διὸ
520 2105 578 2182 της
602 2102 799 2180 προγραφῆς.
822 2091 1031 2170 Ἀκαλόπτως
1073 2113 1135 2177 psa
1157 2097 1342 2179 epigraphe
1365 2099 1555 2179 insculpsit.
1578 2100 1671 2178 Ergo
1693 2101 1822 2182 absque

281 2211 359 2291 γοῦν
373 2210 432 2286 της
453 2198 639 2285 παρανόμου
661 2197 776 2264 ἑαυτοῦ
798 2195 945 2284 πράξεως
955 2217 1032 2283 μνη-
1074 2199 1149 2262 velo
1172 2199 1289 2263 recolit
1311 2201 1419 2282 ipsius
1441 2189 1655 2279 flagitiosum
1681 2203 1825 2286 facium,

281 2304 417 2392 μονεύει,
440 2302 560 2389 λέγων·
582 2301 639 2379 ut<
664 2302 700 2366 τὸ
722 2299 814 2378 τέλος
839 2299 964 2386 ψαλμός
986 2307 1031 2385 τῷ
1074 2301 1207 2366 dicens:
1234 2305 1278 2366 Iu
1295 2303 1411 2386 stim,
1437 2305 1589 2386 psalmus
1611 2323 1675 2387 pro
1702 2305 1820 2388 David,

281 2406 377 2474 Δαυὶδ
392 2409 427 2474 ὸν
435 2417 478 2495 τῷ
486 2406 587 2473 ἐλθεῖν
597 2407 675 2490 πρὸς
687 2406 781 2470 αὐτὸν
792 2406 846 2470 τὸν
857 2402 967 2470 Νάθαν
977 2406 1031 2470 τὸν
1073 2406 1200 2488 quaudo
1226 2408 1315 2473 veuit
1336 2407 1380 2472 ad
1403 2425 1475 2472 eum
1500 2410 1635 2476 Natdau
1652 2413 1822 2494 propbeta,

281 2511 460 2600 προφήτην,
483 2512 580 2599 ἡνίκα
599 2509 725 2597 εἰσηλθε
750 2513 828 2595 πρὸς
853 2506 1030 2596 Βηρσαδεέ.
1074 2527 1174 2594 quum
1198 2511 1341 2576 όοίτοοιθ
1367 2510 1411 2578 cd
1434 2513 1600 2578 Bersabee.
1631 2514 1717 2580 Dein
1743 2532 1825 2580 vero

282 2619 364 2685 Εἶτα
393 2617 428 2682 δέ
450 2615 549 2703 φόόσυ
572 2619 628 2682 καί
653 2613 790 2703 ἀγωνίας
819 2615 957 2702 γεγονὼς
978 2615 1032 2699 έμ-
1074 2618 1169 2678 metu
1184 2620 1219 2678 et
1232 2617 1403 2696 angustiis
1425 2619 1558 2699 plenus,
1575 2618 1617 2681 ob
1632 2635 1673 2682 ea
1687 2635 1763 2700 qum
1785 2621 1823 2687 in

281 2721 395 2806 πλεως,
420 2721 525 2807 έφόίς
539 2721 566 2800 Ιό
588 2717 754 2806 προφήτης
776 2717 883 2804 Ἀσάφ
906 2718 958 2784 διὸ
973 2726 1029 2783 τοῦ
1074 2736 1137 2784 suo
1159 2720 1270 2802 priore
1285 2721 1415 2801 psalmo
1431 2721 1545 2802 Asapb
1564 2722 1729 2804 propbeta
1743 2741 1827 2806 prae-

280 2826 406 2911 πρόιτου
428 2826 558 2912 ψαλμοῦ
579 2819 741 2891 ἐθέσπισεν
761 2823 875 2890 εἰπάν·
897 2821 936 2888 ‘0
951 2823 1031 2900 Θεὸς
1074 2824 1213 2904 cinerat,
1225 2823 1358 2888 dicens:
1377 2826 1493 2888 «Deus
1508 2825 1822 2909 manifestaveniet,

281 2931 428 3016 έμφανῦς
451 2929 529 3014 ήξει,
545 2928 563 2994 ό
579 2926 660 3008 Θεὸς
681 2926 781 3014 ήμῦν,
796 2929 853 2994 καί
875 2928 912 2994 ab
930 2947 1032 3012 παρα·
1075 2928 1167 2992 Deus
1179 2933 1302 3008 noster,
1318 2933 1352 2992 et
1365 2945 1434 2992 uon
1448 2929 1572 2994 silebit.
1590 2931 1687 3010 Ignis
1698 2932 1821 2995 incon·

281 3033 493 3118 σιωπήσεται·
516 3042 577 3118 πῦρ
601 3030 733 3098 ένὼπιον
755 3031 853 3096 αότοῦ
874 3029 1031 3116 καυθήσε-
1074 3035 1194 3114 spectu
1219 3031 1294 3112 ejus
1323 3032 1527 3113 exardescet,
1558 3037 1592 3097 et
1618 3029 1820 3100 incircuitu

280 3159 342 3220 ται,
368 3139 424 3202 καί
445 3136 554 3221 κύκλῳ
570 3137 667 3202 αὐτοῦ
688 3137 832 3222 καταιγίς
850 3135 983 3222 σφόδρα,
1006 3135 1031 3200 ί·
1075 3136 1148 3217 eJ'us
1164 3141 1347 3218 tempestas
1369 3136 1520 3216 valida»
1544 3139 1708 3220 supplicis
1727 3155 1820 3203 more

281 3239 447 3327 κετηρίους
461 3242 568 3326 φωνάς
582 3243 637 3306 καί
651 3239 893 3326 παρακλητικάς
903 3249 948 3328 τῷ
959 3239 1030 3328 Θεῷ
1074 3243 1224 3306 lamenta
1239 3245 1273 3304 et
1294 3242 1483 3322 piaculares
1498 3241 1567 3305 Deo
1586 3258 1703 3321 preces
1725 3241 1822 3321 inge·

279 3345 405 3432 δεήσεις
421 3337 599 3432 ἀναπέμπει
613 3343 733 3431 λέγων·
1074 3345 1194 3424 minat,
1210 3343 1342 3408 dicens:

290 3452 293 3460 '
325 3471 357 3516 ν.
375 3454 405 3518 3.
423 3448 578 3536 Ἐλέησόν
591 3469 640 3535 με,
656 3448 674 3514 ό
689 3448 781 3532 Θεὸς,
795 3449 881 3514 κατὰ
896 3449 932 3514 τό
949 3445 1031 3536 μέγα
1053 3481 1056 3488 «
1118 3467 1150 3512 v.
1165 3450 1195 3512 3.
1211 3449 1369 3514 Miserere
1376 3448 1449 3529 uei,
1461 3448 1560 3530 Delta,
1577 3447 1750 3514 uomendum
1760 3465 1828 3516 κια-

283 3536 374 3634 έλεός
389 3577 457 3639 σου,
473 3555 528 3620 καὶ
543 3554 583 3619 τά
598 3552 680 3640 έξης.
724 3623 727 3630 λ
895 3623 897 3630 ,
1071 3569 1171 3636 μεσπι
1194 3553 1450 3620 misecicordiam
1478 3559 1579 3635 όκαοι,
1609 3557 1645 3618 et
1670 3571 1746 3636 ηοω
1775 3571 1828 3619 se-

290 3715 294 3724 .
1073 3661 1237 3740 quuntur.

325 3763 428 3831 Πάλιν
443 3784 478 3828 τε
500 3763 541 3828 αῦ
556 3760 689 3847 πληγείς
710 3759 770 3826 όπὸ
793 3770 848 3827 τοῦ
870 3759 1031 3847 φήσαντος
1116 3764 1254 3842 lterum,
1270 3764 1461 3844 iterumque
1476 3761 1650 3826 confossus
1662 3780 1683 3824 a
1697 3777 1821 3826 sermo-

281 3869 378 3956 λόγου
395 3869 448 3935 διὸ
462 3877 519 3933 τοῦ
533 3865 658 3951 Ἀσάφ·
682 3865 727 3932 Τὸ
742 3865 835 3952 σῶμά
849 3887 906 3931 σου
921 3865 1030 3932 έπλεό-
1074 3883 1117 3929 ne
1142 3883 1203 3948 per
1227 3884 1264 3932 os
1290 3867 1416 3948 Asaphi
1446 3866 1579 3932 habito:
1609 3887 1626 3928 c
1654 3867 1697 3931 Os
1720 3869 1819 3929 tuum

279 3993 377 4040 νασεν
391 3971 518 4053 κακίαν,
538 3971 593 4036 καί
607 3970 630 4056 ή
645 3968 776 4056 γλῦσσά
795 3990 852 4034 σου
866 3967 1030 4054 περιέπλε-
1058 3969 1261 4034 abundavit
1271 3971 1413 4050 malitia,
1429 3975 1463 4034 et
1477 3972 1600 4049 lingua
1615 3973 1675 4032 tua
1689 3970 1824 4034 concin-

282 4069 321 4142 κε
336 4073 519 4160 δολιότητα·
533 4072 713 4160 καθήμενος
727 4073 813 4138 κατά
824 4081 879 4138 τοῦ
891 4071 1031 4158 ἀδελφοῦ
1074 4073 1178 4136 nabat
1200 4072 1309 4154 dolos3
1342 4074 1462 4139 sedens
1490 4074 1653 4138 adversus
1683 4073 1822 4138 fratrem

251 4257 258 4268 ἱ
281 4177 478 4260 κατελάλεις,
487 4179 542 4243 καί
549 4177 634 4242 κατὸι
641 4185 696 4241 τοῦ
704 4174 773 4241 οἱοῦ
780 4184 837 4261 τής
845 4175 962 4261 μητρός
973 4197 1031 4241 σου
1073 4179 1173 4240 tuum
1189 4177 1391 4258 loquebaris,
1405 4180 1439 4240 et
1454 4176 1615 4242 adversus
1631 4177 1742 4241 fllium
1755 4194 1825 4241 ma·

282 4281 670 4362 caesenatenses<
696 4281 817 4346 ἔννοιαν
847 4278 946 4345 ἐλθὼν
972 4289 1030 4366 της
1074 4280 1221 4344 tristare
1236 4279 1383 4362 ponebas
1395 4281 1631 4360 scandalum»
1649 4297 1822 4361 quumco·

279 4388 366 4452 κατὰ
386 4395 444 4451 τοῦ
465 4382 580 4469 Οὸρίοω
602 4381 763 4470 έπιβολής,
786 4382 828 4460 ὡς
852 4382 1030 4450 σκάνδαλον
1075 4385 1201 4462 aitsnti
1227 4382 1413 4447 subiissent
1441 4383 1573 4448 insidiae
1595 4382 1757 4446 adversus
1780 4385 1823 4448 U·

278 4493 333 4558 διὸι
348 4500 405 4578 τής
419 4489 492 4555 κατ’
503 4489 599 4554 αὐτοῦ
614 4496 740 4576 γραφής
762 4484 926 4568 έπέόαλεν,
946 4485 1029 4553 ίν’έν
1076 4489 1162 4552 riam
1188 4493 1325 4571 paratae,
1350 4489 1401 4552 uti
1425 4487 1638 4568 offendicula,
1657 4488 1824 4571 quomodo

278 4605 319 4683 τῇ
335 4605 391 4662 τοῦ
414 4593 555 4681 πολέμου
576 4590 719 4679 οιιμόολῇ
742 4592 847 4658 πεσὼν
868 4590 1029 4674 ἀπόλοιτο,
1075 4609 1135 4674 per
1151 4593 1328 4674 epistolam
1354 4594 1390 4657 in
1410 4609 1489 4656 eum
1504 4593 1666 4672 scriptam
1680 4608 1827 4670 sugges-

279 4698 483 4787 προστίθησιν
507 4699 549 4763 τά
570 4694 714 4780 ίκετήρια
735 4693 854 4780 λέγων·
877 4689 949 4760 Ὀτι
971 4696 1030 4780 τήν
1075 4697 1159 4762 serit
1173 4700 1212 4760 ut
1226 4697 1262 4760 in
1277 4695 1358 4760 belli
1373 4694 1534 4760 conflictu
1548 4694 1672 4758 cadens
1688 4695 1824 4776 periret,

280 4805 413 4892 ἀνομίαν
438 4825 497 4890 μου
512 4801 576 4888 ipis
598 4800 753 4888 γινώσκω,
769 4802 824 4866 καὶ
844 4799 866 4885 ή
890 4797 1031 4885 άμαρτία
1075 4801 1233 4882 proponit
1243 4800 1406 4880 supplicis
1414 4799 1594 4878 gemitum,
1605 4797 1730 4862 dicens:
1748 4799 1828 4875 Quc-

280 4931 340 4997 μοο
355 4907 487 4976 ένιθπιόν
502 4928 562 4995 μου
578 4909 645 4972 έστι
662 4899 723 4972 διὸι
734 4903 859 4984 παντός.
875 4903 941 4970 Καὶ
957 4903 1029 4990 έξής
1074 4905 1165 4968 κόποι
1186 4904 1393 4986 iniquitatem
1414 4918 1518 4967 uuam
1538 4917 1593 4983 epo
1614 4918 1771 4984 εομωοεοο,
1781 4919 1785 4926 ·
1796 4905 1828 4967 et

279 5011 436 5103 έπιλέγει·
457 5010 571 5078 Ῥῦσαί
592 5033 630 5098 με
646 5011 679 5092 ἐξ
694 5009 845 5098 αἱμάτων,
865 5009 882 5076 ό
905 5008 994 5094 Θεὸς,
1011 5008 1029 5074 ό
1068 5007 1235 5098 peccatum
1248 5023 1352 5070 malm
1373 5009 1483 5072 curura
1497 5023 1547 5070 ute
1568 5010 1618 5070 est
1631 5022 1765 5087 semper.
1780 5005 1825 5068 Et

283 5116 366 5196 Θεὸς
382 5127 438 5206 της
454 5115 610 5203 σωτηρίας
625 5137 694 5203 μου.
1076 5113 1233 5192 deinceps
1249 5110 1380 5176 subdit:
1402 5109 1521 5175 Libera
1540 5127 1590 5174 me
1605 5127 1644 5176 ec
1657 5111 1826 5194 εακμαόκέ-

792 5235 795 5242 ’
1075 5215 1144 5300 δια,
1162 5216 1261 5298 Dete,
1279 5214 1371 5284 Dece
1384 5214 1506 5281 saluus·
1519 5229 1603 5281 mee.
