4036 6090
726 453 729 460 ’
808 455 853 519 IN
876 455 1063 522 PSALMOS
1646 459 1708 524 153

190 612 239 658 v.
256 593 286 657 8.
303 589 367 658 Καὶ
382 591 502 671 πάντας
517 595 591 672 τοὺς
608 593 835 681 μετεωρισμούς
854 615 911 660 σου
1001 617 1033 662 v.
1050 600 1080 663 8.
1096 601 1142 664 Ei
1155 617 1263 665 omues
1285 600 1439 666 elationes
1455 605 1529 666 ium
1543 600 1709 668 iuduuisii

163 697 215 762 ἐπ’
225 698 283 783 epe
297 697 467 784 ἐπήγαγες.
659 751 661 756 ,
956 718 1056 782 super
1071 720 1129 767 me.

207 802 447 889 Μετεωρισμοὺς
469 805 528 889 τὴν
549 806 629 890 μετὰ
655 804 868 890 σφοδρότητος
883 804 913 870 έ-
1003 807 1219 872 Elevationes
1242 811 1421 888 nuncupat
1442 808 1608 872 ultionem
1631 826 1710 871 cum

161 905 370 993 πενεχθεῖσαν
392 916 436 994 τῷ
452 917 513 974 των
536 908 706 994 ἀνθρώπων
728 908 812 995 γένει
834 910 913 993 ὑπὲρ
956 910 1174 975 vehementia
1189 915 1345 974 ruentem
1359 913 1583 976 inhominum
1599 929 1710 991 genus

161 1019 220 1096 τῆς
241 1009 452 1096 παραθέσεως
474 1012 565 1098 δίκην
589 1012 683 1100 φησί·
705 1005 912 1100 σημαίνειδέ
957 1031 1000 1077 ex
1011 1014 1131 1078 Adami
1145 1017 1260 1097 lapsu:
1277 1034 1396 1080 rursus
1408 1020 1523 1080 autem
1534 1017 1710 1096 sig-nificat

161 1114 256 1181 πάλιν
270 1119 324 1180 τὸν
339 1114 485 1182 θάνατον.
958 1123 1111 1182 mortem.

206 1223 274 1285 ν.9.
286 1219 569 1306 Ἐμάκρυναςτοὺς
580 1220 740 1307 γνωστούς
752 1243 810 1309 μου
824 1221 912 1287 ἀπ’έ·
972 1212 974 1214 ’
1002 1239 1034 1285 ν.
1052 1225 1070 1286 9
1086 1223 1191 1306 Louqe
1201 1224 1322 1306 sociati
1336 1229 1426 1290 uoios
1439 1241 1524 1290 meos
1539 1242 1560 1290 u
1573 1241 1632 1305 ute,
1644 1242 1710 1312 po·

163 1333 234 1410 μοῦ,
250 1324 356 1390 έθεντύ
373 1345 411 1409 με
428 1324 590 1412 βδέλυγμα
605 1325 737 1404 ἑαυτοῖς.
957 1332 1094 1394 merum
1106 1345 1155 1392 mo
1169 1327 1434 1394 abominationem
1448 1329 1523 1394 eiii.

207 1427 247 1494 Oi
262 1428 409 1494 Ἰουδαῖοι
423 1429 530 1496 ἔθεντο
553 1430 648 1496 αύτδν
666 1429 826 1517 βδέλυγμα
841 1427 913 1494 έαυ·
940 1467 942 1474 ,
1003 1431 1125 1495 Judaei
1149 1436 1338 1514 posuerunt
1361 1450 1440 1496 eum
1461 1433 1527 1497 sibi
1550 1451 1622 1497 rem
1638 1451 1714 1498 exe·

161 1542 245 1610 τοῐς·
261 1533 341 1598 έπθν
353 1534 389 1597 δέ
402 1534 545 1619 μακρύνη
561 1555 607 1611 τις
619 1533 730 1600 ἑαυτὸν
741 1534 803 1598 ἀπὸ
815 1533 914 1618 Χρισ-
958 1537 1129 1600 orandam.
1146 1537 1286 1613 Quando
1301 1555 1381 1600 vero
1397 1539 1474 1618 quis
1498 1554 1534 1601 se
1550 1539 1653 1616 longe
1665 1538 1713 1601 fa·

163 1646 230 1718 τοῦ,
245 1635 317 1702 τότε
332 1638 387 1702 καί
403 1638 466 1702 ἀπὸ
481 1638 565 1706 Θεοῦ
588 1638 779 1725 μακρύνεται
795 1637 868 1704 κατ’
879 1638 915 1702 ἀ·
941 1641 1007 1702 ὀἱα
1027 1657 1047 1702 a
1070 1640 1212 1721 Christe,
1229 1644 1303 1703 tum
1326 1641 1431 1704 simul
1458 1643 1577 1721 procul
1599 1660 1620 1705 a
1642 1643 1712 1705 Deo

163 1740 313 1826 ναλογίαν
335 1743 372 1806 ού
395 1741 508 1808 ἑαυτὸν
524 1743 690 1828 μααρύνει·
712 1742 794 1827 δρῶν
809 1741 844 1808 δέ
867 1764 914 1821 τις
959 1749 1094 1809 tantum
1117 1747 1306 1827 repellitur,
1327 1749 1496 1826 quantum
1511 1763 1547 1808 se
1563 1747 1712 1824 elongat.

162 1843 285 1910 Ἰούδαν
307 1847 329 1931 ἢ
350 1845 629 1932 ἀλλοτριουμένους
644 1845 752 1931 Ἰησοῦ
774 1846 913 1932 Χριστοῦ
960 1847 1086 1912 videns
1110 1852 1225 1912 autem
1250 1849 1375 1936 aliquis
1408 1846 1534 1912 Judam
1564 1853 1624 1912 aut
1657 1867 1714 1914 eos

162 1959 219 2014 τοῦ
234 1948 328 2032 Θεοῦ,
343 1949 538 2036 τεθειμένους
554 1952 649 2016 αὐτὸν
665 1949 827 2038 βδέλυγμα
843 1952 915 2018 έαυ-
959 1953 1020 2034 qui
1035 1953 1139 2016 alieni
1154 1957 1236 2016 sunt
1251 1971 1272 2014 a
1286 1954 1307 2016 J
1310 1970 1370 2016 esu
1390 1952 1523 2016 Christo
1537 1954 1617 2033 Dec,
1634 1970 1712 2016 eum

163 2063 237 2136 τοῖς,
252 2052 363 2141 ὄψεται
373 2064 440 2134 πῶς
451 2054 551 2120 ταῦτα
562 2056 646 2121 ἐστιν
658 2054 774 2141 ἀληθῆ.
959 2057 1025 2120 sibi
1040 2061 1239 2138 reputantes
1255 2073 1327 2120 rem
1348 2055 1619 2138 abominandam,
1635 2074 1713 2121 con·

959 2162 1082 2243 spiciet
1098 2160 1266 2242 quomodo
1282 2160 1366 2224 haec
1381 2177 1460 2223 vere
1483 2159 1558 2225 fieri
1572 2162 1713 2243 possint.

207 2283 240 2327 v.
258 2265 309 2329 10.
326 2261 365 2328 Oi
388 2261 544 2350 ὀφθαλμοί
567 2285 626 2350 μου
640 2262 827 2350 ἠοθηνησαν
850 2262 915 2328 ἀπὸ
1004 2284 1037 2329 v.
1066 2267 1118 2328 10.
1149 2265 1241 2330 Oculi
1270 2265 1334 2329 mei
1359 2265 1522 2350 infirmati
1547 2271 1625 2332 sum
1643 2282 1716 2346 pro

164 2364 332 2452 πτωχείας.
959 2373 1083 2452 impio.

208 2470 274 2535 Καὶ
288 2473 364 2556 πρὸς
379 2471 510 2554 τούτοις,
526 2472 775 2559 φησὶν,ύπδτῦν
789 2471 916 2536 πολλῶν
1005 2478 1049 2539 Et
1070 2464 1258 2558 propterea,
1280 2475 1402 2556 inquit,
1427 2491 1470 2538 ex
1491 2475 1609 2538 multis
1632 2473 1717 2537 fleti·
1806 2477 1808 2482 '

164 2573 309 2659 δακρύων
335 2575 465 2661 έξεββύη
493 2597 552 2662 μου
587 2579 622 2642 τδ
657 2574 851 2661 διοριστυιόν.
877 2573 916 2640 Ὁ
960 2581 1025 2645 bus
1040 2580 1173 2644 deffluit
1187 2581 1281 2642 visus
1302 2597 1409 2642 meus.
1437 2578 1661 2662 Symmachus
1684 2595 1718 2640 e·

164 2679 226 2764 γὰρ
242 2679 416 2766 Σύμμαχος
438 2682 551 2759 οὕτως·
567 2677 605 2746 Ὁ
628 2679 789 2767 ὀφθαλμός
811 2701 871 2766 μου
885 2681 916 2745 i·
961 2686 1033 2748 nim
1048 2686 1112 2747 ita:
1131 2685 1249 2750 omium
1263 2701 1354 2748 muts
1375 2681 1504 2766 effluoit
1517 2685 1654 2763 propior
1668 2699 1718 2745 το-

163 2781 326 2868 ξέββευσεν
341 2784 404 2849 ἀπὸ
415 2784 841 2870 τηςκοικύσεως.Δακρύων,
857 2805 917 2869 φη-
961 2789 1133 2854 euticium.
1160 2789 1297 2868 Flend0,
1326 2788 1455 2868 inquit,
1483 2787 1598 2850 oculos
1625 2803 1718 2850 meos

164 2891 205 2970 σί,
213 2893 286 2967 τοὺς
294 2889 473 2976 ὀφθαλμούς
485 2912 544 2976 μου
556 2889 816 2976 αατεδαπήνησα,
829 2886 918 2955 κλαί·
962 2893 1124 2974 impendi,
1140 2893 1323 2974 lacrymari
1343 2910 1413 2974 prae
1437 2892 1549 2955 dolore
1570 2895 1717 2954 coaetus.

165 3015 210 3060 ειν
233 2995 294 3059 ὑπὸ
315 3003 373 3079 τῆς
389 2995 502 3080 ὀδύνης
516 2994 784 3082 ἀναγκαζόμενος.
801 3033 843 3044 -
859 2992 918 3059 Δια
964 3033 1004 3043 -
1024 2998 1098 3061 Pru
1119 2998 1240 3078 iuopia,
1268 2996 1350 3078 quia
1371 3012 1502 3077 pauper
1524 2993 1634 3058 iactus
1657 2997 1718 3074 est,

164 3100 224 3183 την
238 3098 406 3184 πτωχείαν,
421 3097 462 3183 ἣν
484 3098 686 3185 ἐπτώχευσεν
701 3098 850 3175 πλούσιος
864 3097 916 3180 ὢν,
963 3101 1056 3166 dives
1077 3117 1183 3182 quum
1199 3107 1297 3180 esset,
1322 3102 1458 3183 quondo
1479 3099 1572 3162 eruci
1595 3097 1718 3162 affixus

165 3201 209 3280 ὡς
223 3201 417 3287 έσταυρύθη,
440 3205 538 3280 οὕτως
554 3204 609 3268 καί
630 3211 674 3287 τῷ
691 3201 845 3286 ὀφθαλμῷ
861 3201 918 3285 ic·
964 3210 1024 3285 est,
1038 3207 1086 3268 ita
1098 3205 1278 3268 imbecillis
1294 3206 1391 3268 oculo
1403 3204 1513 3267 factus
1530 3206 1590 3266 est.
1603 3201 1717 3264 Haud·

166 3304 309 3390 θένησεν
322 3307 432 3391 οὐγὰρ
445 3303 539 3390 έωρα,
552 3305 594 3384 ὡς
607 3308 659 3371 ὅτε
670 3306 704 3372 έν
717 3315 822 3393 μορφῇ
835 3304 919 3371 Θεοῦ
964 3310 1055 3373 enim
1067 3308 1294 3373 consideravit
1305 3313 1474 3389 quatenus
1493 3325 1529 3370 se
1552 3309 1588 3370 in
1610 3306 1720 3371 forma

166 3411 319 3496 ὑπηρχεν,
334 3409 458 3488 ἀλλ’ὡς
481 3410 736 3497 μορφὴνδούλου
756 3408 872 3496 λαβὼν,
890 3411 920 3473 έ-
964 3415 1026 3479 Dei
1054 3420 1151 3494 esset,
1184 3413 1243 3476 sed
1266 3416 1319 3477 uti
1349 3414 1492 3477 formam
1521 3414 1612 3478 servi
1634 3413 1720 3475 acci-

169 3513 281 3579 δλεπε·
297 3517 351 3580 καί
367 3515 472 3593 ἄλλως
487 3515 522 3580 δέ
538 3518 664 3602 πτωχὸς
679 3516 740 3601 ούχ
754 3513 919 3600 ὑφίσταται
964 3520 1070 3600 piens,
1084 3519 1270 3598 conspexit.
1284 3519 1327 3581 Et
1342 3523 1503 3581 caeterum
1517 3533 1647 3597 pauper
1658 3517 1720 3578 mi·

167 3619 321 3703 ἀπειλήν·
344 3621 399 3684 καί
414 3619 474 3684 οὐκ
489 3619 615 3706 ἰσχυροῖ
631 3621 725 3705 δρᾶν·
741 3619 789 3684 διδ
805 3620 872 3684 ἐπεί
887 3618 921 3684 ἐν
964 3641 1026 3687 nas
1049 3639 1117 3684 non
1140 3622 1299 3701 sustinet,
1328 3638 1438 3701 neque
1470 3620 1626 3682 intuendi
1649 3619 1719 3682 vim

168 3721 312 3809 Κορίνθῳ
324 3724 434 3788 πολλοὶ
446 3724 596 3808 ἀσθενεῖς,
608 3724 680 3789 οὐδὲ
693 3722 803 3809 βρῦμα
814 3721 922 3789 λαθεῖν
965 3726 1076 3789 habet.
1093 3724 1222 3789 Idcirco
1243 3724 1396 3788 Corinthi
1418 3725 1520 3787 multi
1537 3724 1664 3788 infirmi
1687 3741 1720 3786 e-

169 3827 328 3909 δύνανται,
345 3828 417 3892 cote
441 3826 566 3914 βλέπειν
582 3829 617 3892 cd
633 3836 692 3912 τῆς
706 3826 852 3913 γνώσεως
867 3827 922 3890 ao
967 3835 1056 3910 rant,
1069 3846 1180 3910 neque
1193 3829 1308 3892 cibum
1324 3845 1470 3908 sumere,
1482 3845 1592 3908 neque
1604 3827 1720 3891 videre

168 3942 226 3998 τοῦ
242 3939 317 4016 φύς.
967 3938 1126 4016 poterant
1142 3935 1258 3996 lumen
1275 3932 1349 4011 ejus
1364 3933 1526 3996 scientim.

213 4057 246 4101 v.
265 4038 316 4116 12,
335 4037 384 4100 13.
402 4033 455 4120 Μὴ
472 4043 537 4112 τοῖς
553 4044 675 4119 νεκροῖς
690 4032 832 4119 ποιήσεις
848 4032 922 4100 θαυ-
1009 4057 1041 4102 v.
1061 4040 1110 4118 12,
1129 4039 1179 4102 13.
1196 4037 1367 4118 Numquid
1381 4037 1520 4102 mortuis
1533 4035 1645 4118 suciis
1662 4037 1722 4100 mi-

170 4141 288 4228 pe'rciu3
303 4143 325 4226 ἢ
342 4142 441 4224 ἰατροί
457 4137 681 4225 ἀναστήσουσι,
706 4142 760 4205 καί
775 4138 922 4225 έξομολο-
964 4141 1111 4206 rubilia?
1124 4141 1192 4207 Am
1214 4141 1330 4206 modici
1354 4140 1557 4206 suscitabunt
1575 4145 1607 4205 ei
1628 4141 1722 4224 coufi-

167 4243 323 4332 γήσονταί
337 4265 404 4328 σοι;
429 4245 472 4330 μὴ
490 4241 676 4329 διηγήσεταί
698 4264 744 4320 τις
759 4243 792 4309 ἐν
807 4250 851 4328 τῷ
866 4242 921 4307 τά·
965 4246 1115 4314 ioiuuiur
1129 4246 1212 4310 iiiii
1234 4245 1404 4327 Numquid
1419 4245 1572 4309 miratu
1597 4245 1722 4326 uliquis

169 4369 220 4434 φεμ
232 4353 267 4414 τὸ
281 4347 370 4425 stete
384 4369 451 4427 σου,
464 4348 519 4412 καί
531 4351 588 4432 την
600 4346 752 4431 ἀληθειαν
764 4368 822 4412 σου
837 4347 870 4412 ἐν
882 4356 921 4432 τῇ
965 4351 1003 4415 iu
1017 4349 1162 4432 sopudcro
1172 4349 1432 4416 misericordium
1443 4354 1542 4427 iiiam,
1561 4352 1593 4412 et
1603 4348 1722 4413 ueriim

168 4452 327 4538 ἀπωλείφ;
343 4454 386 4539 μὴ
403 4450 619 4538 γνωσθήσεται
642 4453 675 4516 ἐν
695 4460 738 4536 τῷ
753 4450 859 4517 σκύτει
881 4452 923 4516 τα
967 4458 1029 4519 tem
1042 4459 1133 4519 tuum
1150 4455 1188 4518 iu
1202 4453 1408 4535 perditione?
1430 4452 1599 4535 Numquid
1612 4469 1721 4534 coquo·

170 4556 332 4643 θαυμύσιά
348 4566 416 4639 σοῦ,
438 4558 494 4620 καὶ
513 4555 535 4642 ἡ
552 4555 734 4641 δίκαιοσύνη
751 4564 809 4620 σοῦ
824 4554 858 4622 ἐν
879 4565 922 4641 γῇ
965 4566 1096 4626 secutur
1117 4561 1155 4623 iu
1176 4558 1317 4624 lumime
1337 4557 1509 4622 mirabilia
1533 4563 1602 4636 ium,
1620 4560 1652 4620 ei
1665 4557 1723 4637 ju·

169 4651 425 4747 imieiucpivp}
966 4665 1062 4730 stitia
1076 4668 1135 4729 tuu
1149 4664 1188 4727 iu
1203 4666 1293 4726 derra
1309 4661 1503 4725 obliuiouisi

215 4767 287 4832 Ἔτι
303 4788 354 4852 μοι
368 4766 474 4847 ζῶντι,
487 4768 716 4852 φησ1,τηνσλγν
729 4763 830 4844 δεῖξον
843 4764 923 4829 θαυ-
1012 4767 1151 4832 Viventi
1177 4766 1289 4829 adhuc
1312 4765 1408 4844 mihi,
1437 4765 1559 4845 inquit,
1582 4763 1720 4828 ostende

172 4869 387 4958 ματουργίαν·
400 4870 567 4936 ἀποθανὼν
576 4871 638 4955 γὰρ
649 4870 768 4955 ταύτην
778 4870 838 4933 coa
848 4869 923 4953 ύψο-
968 4876 1063 4935 tuam
1077 4871 1200 4934 miram
1216 4869 1507 4949 omnipotentiam.
1520 4869 1673 4932 Mortuus
1687 4886 1720 4932 e-

209 5109 237 5146 v.
250 5091 276 5144 8.
290 5090 358 5146 Vat.
371 5091 396 5146 5.
1001 5109 1029 5148 v.
1042 5091 1085 5158 12,
1098 5089 1140 5144 13.
1159 5088 1226 5145 Vat.
1244 5088 1271 5158 4,
1290 5088 1333 5142 14.
1352 5085 1492 5143 Graviter
1509 5087 1666 5146 memorari
1682 5087 1724 5145 le-

206 5197 234 5236 v.
248 5181 273 5249 θ,
287 5180 329 5235 10.
342 5179 410 5237 Vct.
422 5181 448 5235 4.
463 5197 474 5238 1
486 5179 551 5236 Gor.
565 5197 607 5251 ιιι,
620 5181 664 5236 30.
677 5180 768 5237 Field.
783 5199 815 5253 ιι,
827 5183 888 5238 240.
967 5197 1035 5250 gem
1048 5175 1147 5234 arcani
1158 5191 1244 5233 nemo
1257 5191 1316 5232 non
1327 5173 1485 5234 notaverit.
