4036 6090
290 482 350 543 100
666 459 668 465 ’
952 479 1161 541 ourcnnns

285 623 340 685 καί
363 620 455 686 τοῦτό
478 622 544 686 ἐστι
565 619 619 685 τό·
643 618 879 704 Ἐκραταίωσοις
902 619 960 702 τὴν
977 617 1036 682 θά-
1083 624 1116 682 et
1131 620 1194 683 hoc
1210 625 1260 684 est
1274 621 1458 686 dominatus
1473 639 1507 686 cs
1526 639 1631 699 more;
1647 622 1725 685 dein
1738 617 1827 701 qnod

287 723 419 796 λασσαν.
448 724 598 807 Δεύτερον
631 722 666 785 δὲ
693 724 729 786 τὸ
753 719 951 806 συντριδῆναι
976 729 1037 785 τῶν
1082 727 1279 788 contriverit
1308 727 1372 790 sub
1404 728 1502 807 aquis
1526 733 1627 809 caput
1655 726 1827 807 AEgyptic-

290 825 469 913 Αἰγυπτίων
494 828 545 892 ἐπί
571 835 632 891 τῶν
655 825 776 891 ὑδάτων
802 825 956 910 κεφαλὴν,
984 825 1037 902 οὓς
1081 845 1167 906 rum,
1184 846 1268 910 quos
1283 831 1384 893 etiem
1400 831 1561 893 dracones
1576 834 1683 909 vocat,
1700 831 1822 909 impro-

288 931 343 995 καί
359 931 533 1014 δράκοντας
556 931 657 994 διὰτὸ
673 932 811 1013 πονηρὸν
837 935 894 1013 τῆς
908 927 1037 1013 γνώμης
1081 932 1125 994 ba
1142 937 1278 1013 propter
1299 951 1415 997 eorum
1441 935 1599 998 consilia:
1623 938 1696 997 tum
1720 933 1821 996 etiam

290 1033 449 1119 ὀνομάζει·
461 1034 529 1098 εἶτα
541 1034 620 1118 μετὰ
634 1041 743 1113 ταῦτα,
756 1033 810 1096 καί
820 1040 876 1096 τοῦ
889 1029 1037 1116 ἐξάρχον·
1081 1036 1242 1100 contrivit
1256 1043 1358 1118 caput
1373 1039 1464 1116 regis
1480 1038 1540 1118 qui
1557 1035 1743 1118 imperabat
1764 1034 1824 1110 eis,

288 1158 341 1214 τος
357 1139 458 1202 αὐτῶν
482 1135 642 1222 βασιλέως,
670 1136 706 1200 ὃν
721 1135 879 1219 δράκοντα
901 1135 1037 1220 προηχθ
1083 1157 1183 1220 quem
1207 1140 1385 1204 draconem
1407 1141 1627 1223 nuncupavit.
1652 1176 1692 1186 —
1709 1138 1826 1219 Cepita

288 1261 405 1325 ρευσεν.
419 1279 460 1288 -
477 1239 624 1326 Κεραλαί
636 1248 697 1304 τῶν
712 1238 891 1324 δρακόντων
906 1240 984 1304 εἰσίν
996 1242 1036 1304 τὰ
1083 1243 1266 1306 draconum
1281 1249 1362 1307 sunt
1378 1245 1495 1326 primae
1511 1244 1734 1323 cogitationes
1753 1260 1827 1324 pra·

288 1353 398 1428 πρωτα
412 1346 498 1409 κατὰ
511 1346 569 1430 τὴν
585 1343 724 1408 διάνοιαν
735 1344 944 1428 συνιστάμενα
960 1354 1037 1428 φαῠ-
1082 1367 1142 1426 vae,
1173 1366 1249 1429 quae
1280 1349 1385 1412 menti
1416 1349 1628 1413 oboriuntur.
1662 1347 1829 1410 contrivit

289 1447 332 1512 λα
357 1446 510 1534 νοήματα.
540 1446 733 1532 Συνέτριψαν
759 1448 794 1512 δὲ
821 1447 902 1512 αὐτὰ
929 1447 968 1511 δι’
993 1450 1036 1514 ὢν
1082 1457 1197 1516 autem
1212 1453 1288 1516 illas
1303 1470 1363 1533 per
1378 1452 1448 1516 haec
1459 1452 1578 1516 verba:
1598 1452 1760 1515 «Dictum
1773 1453 1825 1512 est

287 1551 404 1637 ἔλεγεν·
420 1550 560 1637 Ἐρρήθη
584 1560 648 1629 τοῖς
663 1548 825 1636 ἀρχαίοις·
843 1549 889 1616 Οὐ
913 1552 1037 1638 perpet·
1083 1560 1249 1639 antiquis:
1267 1560 1340 1622 Non
1360 1557 1591 1621 moechaberis.
1616 1559 1691 1635 Ego
1714 1559 1828 1618 autem

287 1677 368 1740 σετε,
385 1657 448 1743 ἐγὼ
471 1658 506 1722 δε
521 1655 604 1741 λέγω
627 1657 713 1740 ὑμῖν·
737 1655 784 1719 ὅτι
803 1663 865 1732 πᾶς
881 1655 898 1719 ὁ
914 1653 1038 1740 βλέπων
1081 1664 1177 1727 vobis
1192 1664 1282 1728 dico:
1299 1664 1333 1727 Si
1349 1663 1426 1743 quis
1441 1662 1563 1725 viderit
1586 1661 1763 1724 mulierem
1789 1661 1824 1720 in

286 1769 423 1846 γυναῖκα
453 1760 529 1844 πρὸς
559 1761 594 1824 τὸ
617 1757 805 1842 ἐπιθυμῆσαι
827 1758 943 1841 αὐτὴν,
972 1757 1036 1841 ἤδη
1082 1769 1399 1848 concupiscentiam,
1439 1766 1511 1846 jam
1547 1766 1735 1830 moechatus
1776 1769 1827 1826 est

286 1863 471 1992 ἕθθῖλῑυσῑί
494 1860 602 1946 αιθίθί·
619 1859 685 1927 Καὶ
707 1862 758 1926 ἐπὶ
781 1869 841 1924 τῶν
858 1859 963 1924 ἄλλων
979 1859 1038 1924 θῦ-
1081 1890 1156 1936 eom
1173 1874 1208 1935 in
1223 1873 1320 1936 corde
1335 1889 1397 1935 suo
1410 1893 1439 1933 ».
1456 1871 1675 1934 assimiliter
1698 1868 1738 1932 de
1762 1885 1823 1930 οω-

290 1989 401 2046 αυτως.
1085 1979 1178 2040 teris.

332 2128 363 2170 v.
384 2108 434 2170 16.
451 2103 496 2170 Σὺ
513 2100 691 2186 κατηρτίσω
707 2100 796 2185 ἣλιον
815 2103 869 2165 καὶ
886 2100 1035 2185 [φαῦσιν].
1127 2101 1157 2145 V·
1177 2084 1226 2145 16·
1245 2081 1463 2162 Tussirmiti
1476 2079 1574 2144 ⁸⁰th
1589 2081 1621 2140 θί
1634 2078 1754 2141 limam·

331 2209 454 2275 Φαῦσιν
469 2216 524 2273 νύν
538 2208 596 2291 τὴν
613 2204 750 2289 σελήνην
766 2203 919 2290 ύνύςνσστ,
1127 2190 1222 2250 Nunc
1238 2187 1354 2249 lunam
1370 2185 1522 2247 nominat
1537 2180 1757 2262 splendorem.

330 2335 361 2378 v,
381 2315 432 2378 18,
444 2309 610 2394 Μνησθητν
621 2308 739 2393 ταύτης
749 2317 807 2392 της
821 2306 953 2384 ττύττύς
967 2329 1033 2373 000,
1126 2311 1156 2354 v.
1177 2291 1226 2354 18.
1242 2293 1363 2354 Memor
1377 2293 1443 2354 esto
1457 2287 1556 2368 hodos
1573 2291 1727 2352 cremara
1743 2290 1825 2350 troc:

287 2416 421 2504 Ἐχθρὸς
444 2414 582 2481 ὠνείδισε
601 2415 654 2478 τὸν
673 2412 798 2497 Κύριον,
818 2414 873 2476 καὶ
891 2412 967 2488 λαὸς
980 2413 1037 2496 ἄρ·
1081 2396 1235 2462 inimicit-⁹
1257 2393 1487 2476 ίθίθίθθθίίθίί
1513 2391 1657 2469 Ρθθίίθθν
1681 2388 1824 2470 θθίίίίίίίί

288 2544 351 2607 ρων
365 2519 528 2605 παρώξυνε
542 2521 578 2583 τὸ
594 2518 693 2604 ὄνομά
709 2537 776 2582 σου.
1084 2502 1244 2582 insapiens
1261 2498 1414 2564 incitavit
1427 2511 1539 2560 κοπίσιν
1549 2498 1648 2558 tuom.

331 2625 619 2711 Ἐτττττχτύύςττνςς
657 2626 709 2690 &a
746 2633 803 2708 της
832 2622 962 2700 κτίσεως
993 2625 1037 2700 τῖς
1125 2609 1307 2685 Postquam
1323 2602 1386 2665 hoc
1400 2599 1503 2663 verbo
1519 2598 1693 2664 οποπίιωπίο
1708 2611 1824 2678 provo·

288 2733 394 2796 οἶκτον
409 2741 464 2798 τοῦ
479 2731 559 2796 λαοῦ
574 2725 948 2813 concatenationem
963 2749 1037 2812 προ
1081 2713 1171 2774 cavit
1185 2710 1293 2771 Deum
1310 2706 1352 2770 ad
1367 2704 1594 2768 miserendum
1611 2700 1739 2783 ΡΟΡΠῙῙ,
1751 2717 1829 2762 suf·

289 2837 383 2921 σώπῳ
408 2838 503 2902 αὐτὸν
525 2834 741 2902 ἐπικαλεῖται·
758 2835 848 2910 οὗτος
863 2829 898 2897 δέ
914 2833 996 2896 ἐστιν
1020 2832 1037 2895 ὁ
1081 2835 1139 2880 ⁸¹1³
1152 2816 1258 2876 altera
1270 2829 1353 2875 USUS
1364 2825 1516 2890 P01'801ffl>
1529 2805 1824 2885 eumdepfeffltus·

285 2940 400 3024 τρόπος
422 2949 478 3004 τοῦ
500 2938 747 3024 μεγαλοφρονεῖν
772 2940 826 3002 τὸν
852 2934 975 3022 ἐχθρόν,
993 2972 1033 2982 -
1080 2921 1172 2983 Talis
1186 2922 1300 2981 autem
1316 2919 1367 2979 est
1381 2915 1496 2991 imago
1511 2908 1737 2992 superbientis
1760 2908 1823 2970 ini-

285 3042 451 3128 Μνησθητι
473 3043 591 3126 ταύτης
613 3051 670 3126 της
693 3039 824 3116 ντύστύς
846 3061 919 3104 σου.
944 3039 988 3116 τῖς
1004 3039 1034 3104 τ.
1081 3025 1171 3087 mici.
1186 3058 1223 3067 -
1241 3024 1363 3085 Memor
1377 3023 1443 3083 esto
1461 3016 1560 3097 lacior
1574 3020 1635 3080 too
1646 3012 1826 3079 creationis.

286 3146 450 3231 πικουρίσν
476 3145 702 3231 προσκαλεῖται
724 3147 778 3209 τύν
797 3143 879 3211 Θτύν
905 3145 957 3208 &a
978 3152 1036 3228 της
1082 3131 1120 3190 In
1136 3127 1303 3192 auxilium
1318 3129 1417 3187 vocat
1432 3125 1539 3186 Deum
1551 3120 1594 3184 ob
1609 3118 1824 3195 creationem,

286 3250 427 3332 κτίσεως,
452 3249 507 3316 καί
533 3271 628 3335 φησι·
654 3247 819 3333 Μνησθηττ
845 3249 981 3332 ταύτης·
1009 3249 1037 3312 τι
1081 3241 1114 3297 et
1144 3235 1208 3296 ait:
1232 3234 1388 3296 Memento
1412 3228 1521 3309 trojae.
1549 3225 1583 3289 Si
1610 3225 1745 3305 propter
1766 3219 1824 3282 ho-

286 3356 337 3419 διθι
358 3358 431 3433 τοὺς
454 3353 646 3439 ἀνθρώπους,
670 3355 757 3439 φησι,
777 3355 837 3439 την
859 3351 958 3417 ντύστν
982 3372 1036 3416 τττ.
1081 3337 1200 3416 mineS,
1212 3334 1397 3414 ait,ieceris
1408 3331 1622 3407 creationem,
1635 3329 1757 3409 praesta
1769 3341 1826 3386 eu·

284 3458 430 3544 ποίηκας,
454 3460 622 3546 παράσχου
645 3460 703 3543 τὴν
726 3456 907 3541 ἐττνοτηύττν
929 3458 1035 3534 αύτσῑς
1081 3442 1204 3504 uilium
1220 3441 1269 3504 eis
1284 3438 1479 3520 proquibus
1494 3439 1649 3498 creature
1664 3431 1824 3494 iectaest.

286 3563 325 3627 δι’
340 3563 430 3648 otei]
447 3561 544 3641 κτίσις
566 3562 743 3649 γεγένηται.
763 3600 802 3608 -
819 3560 949 3646 Ἐτττδη
975 3562 1035 3646 σύχ
1084 3543 1430 3624 -Quandoquidem
1455 3557 1522 3604 non
1537 3555 1598 3602 nos
1621 3535 1748 3616 injuste
1770 3551 1827 3614 pa-

284 3666 375 3753 ἡμεις
401 3666 601 3753 ἠδικήμεθα,
631 3665 715 3730 ἀλλὰ
740 3665 799 3729 σύ·
827 3667 864 3729 σύ
891 3666 970 3750 γὰρ,
994 3663 1036 3740 ύς
1081 3653 1196 3729 timur,
1209 3650 1267 3714 sed
1279 3652 1327 3711 tn.
1341 3649 1391 3710 Tu
1403 3647 1505 3723 enirn,¹
1517 3643 1576 3724 qui
1588 3644 1677 3705 Deus
1690 3658 1735 3720 es,
1748 3655 1825 3719 sup-

287 3768 378 3849 Θεὸς,
394 3779 456 3836 τῶν
472 3779 534 3834 σῶν
550 3778 683 3854 πτωχῶν
696 3770 739 3853 μὴ
761 3767 967 3853 ἀποστραφῇς
978 3768 1038 3852 την
1082 3758 1185 3839 plices
1212 3770 1398 3836 pauperum
1425 3755 1562 3812 tuorum
1588 3764 1702 3827 preces
1729 3761 1770 3806 ne
1794 3761 1828 3805 e·

284 3873 416 3939 ἱκεσίαν·
433 3875 468 3938 σὲ
479 3875 541 3958 γὰρ
563 3870 881 3957 ιὀνείδισενὸἐχθρὸς,
895 3872 949 3935 καὶ
960 3869 1036 3948 λαὸς
1081 3865 1202 3926 vertes.
1226 3861 1378 3937 Namque
1400 3853 1462 3917 tibi
1485 3851 1628 3915 insultet
1656 3839 1827 3922 inimicus,

286 3981 392 4062 ἄφρων
420 3977 595 4062 παρώξυνε·
622 3977 734 4041 τούτου
757 3975 850 4062 χάριν
873 3974 1035 4059 ἀνάστηθι.
1083 3951 1163 4028 erte
1179 3964 1325 4044 populus
1346 3960 1480 4041 ineptus
1497 3959 1681 4036 exasperat.
1699 3953 1826 4015 idcirco

285 4082 351 4148 Νῦν
382 4083 438 4168 μὲν
468 4083 591 4167 ἄφρονα
617 4083 671 4145 τον
697 4079 843 4165 διάβολον
870 4079 1036 4165 ὀνομάζει·
1084 4085 1241 4146 exsurge.
1261 4101 1297 4110 —
1316 4067 1413 4126 Nunc
1429 4079 1509 4125 vero
1533 4059 1748 4138 insipientem
1771 4073 1827 4118 vo-

285 4187 379 4253 πάλιν
394 4187 429 4253 δὲ
445 4187 547 4252 διὰτὸ
568 4187 663 4252 αὐτὸν
683 4183 896 4265 ὀνειδίζεσθαι,
912 4186 956 4261 εἰς
972 4184 1036 4247 cic·
1082 4178 1137 4238 eat
1154 4172 1343 4248 Diabolum,
1360 4167 1533 4231 etiterum
1549 4180 1587 4226 eo
1604 4162 1693 4244 quod
1709 4162 1828 4242 impro-

284 4312 339 4356 τον
355 4291 449 4356 καλεῖ
462 4294 515 4356 τὸν
530 4289 621 4358 Θεόν.
646 4287 811 4372 Μνήσθητι
825 4297 886 4354 τῶν
901 4288 1037 4373 scaffe-
1074 4278 1216 4359 peracit,
1233 4275 1353 4337 incitat
1369 4273 1476 4334 Deum
1498 4269 1533 4330 in
1549 4267 1824 4343 misericordiam

285 4397 360 4463 λιιῖνν
377 4419 444 4476 σου,
461 4397 566 4481 φησίν,
583 4397 625 4460 ὢν
640 4390 819 4477 ἐπηγγείλω
834 4399 877 4476 τῷ
888 4388 1037 4477 Ἀβραὰμ
1082 4385 1260 4454 memento,
1278 4378 1399 4458 inquit,
1416 4390 1533 4437 eorum
1550 4389 1626 4452 quae
1643 4371 1828 4450 promisisti

286 4503 394 4567 δοῦναι
409 4511 453 4587 τῷ
465 4499 620 4585 σπέρματι
632 4499 739 4576 αὐτοῦ,
755 4505 816 4581 γῆν
832 4494 965 4579 ῥέουσαν
980 4495 1037 4579 γά.
1083 4484 1262 4564 Abraham,
1284 4480 1385 4544 dandi
1417 4478 1511 4541 illius
1538 4475 1680 4557 posteris
1703 4479 1827 4540 terram

284 4607 328 4671 λοι
343 4609 398 4671 καὶ
415 4605 494 4692 μέλι.
1083 4589 1245 4653 fluentem
1273 4588 1326 4647 lac
1348 4589 1383 4646 et
1408 4583 1486 4644 mel.

331 4733 362 4776 v.
382 4715 432 4776 19.
454 4706 507 4794 Μὴ
532 4708 680 4792 παραδῷς
703 4715 766 4783 τοῖς
790 4704 906 4790 θηρίοις
930 4706 1036 4790 ψυχὴν
1126 4682 1829 4763 v.19.Notrodosbestiisoot-mosconfiteo-

287 4813 576 4901 ὲξομολοχουρένην
600 4833 662 4898 σοι;
687 4822 748 4877 τῶν
772 4813 881 4898 ψυχῶν
904 4814 964 4877 τύν
981 4831 1034 4874 ττ.
1083 4805 1129 4863 tes
1144 4795 1217 4874 titi·
1229 4796 1357 4858 ooiotos
1366 4807 1548 4873 ρπιιροινινι
1564 4791 1691 4852 tremum
1706 4783 1829 4848 nacoli-

289 4919 390 5004 νήσων
408 4940 463 4983 σου
481 4921 523 5004 μὴ
541 4917 674 5002 ἐπιλάθῃ
692 4919 735 4994 εἰς
752 4916 851 4994 τέλος.
1085 4903 1222 4969 risoorir
1238 4902 1273 4964 io
1286 4901 1400 4982 strocoo.

319 5143 345 5181 v.
361 5126 401 5179 16.
416 5124 481 5178 vat.
495 5125 519 5176 ὃ.
532 5125 607 5191 ἣλιον
620 5131 665 5178 καί
689 5131 779 5192 ccccc
799 5124 855 5194 leg.
869 5122 937 5178 sort.
956 5121 1035 5193 Orig.
1116 5129 1143 5166 V·
1160 5108 1199 5163 13·
1213 5107 1280 5162 Vsst·
1294 5105 1320 5172 3,
1334 5104 1358 5157 7·
1372 5101 1416 5158 Os·
1430 5102 1487 5156 ΒΒ-

317 5231 344 5270 ν.
358 5212 399 5267 17.
415 5211 480 5266 vat.
494 5211 519 5278 2,
533 5211 558 5271 5,
571 5210 614 5264 42.
1119 5217 1144 5256 ν.
1161 5199 1201 5252 19.
1216 5195 1281 5253 Vat.
1298 5193 1338 5246 12.

1990 397 2007 863 ί
