3966 6108
974 471 1183 540 ORIGENES
1271 421 1274 426 v

772 647 968 752 Interpretc
994 647 1136 727 Decide
1159 647 1377 725 Hocscitelic.

302 863 423 1026 Acen.
440 879 462 940 1,
479 879 511 924 v.
530 863 559 924 1.
575 857 747 945 Παροιμίαι
761 858 970 946 Σολομῶντος
985 857 1053 925 υἱοῦ
1140 863 1216 924 θον.
1240 878 1264 939 1,
1279 879 1311 924 v.
1330 861 1358 923 l.
1381 858 1556 925 proverbia
1578 859 1760 926 Sawmocc‘s
1770 859 1853 943 filii

328 961 409 1029 αωίδ.
1095 961 1205 1028 occid

347 1064 417 1144 Υἱὸς
433 1065 468 1131 δὲ
484 1065 579 1132 Δαοίδ
594 1068 649 1132 καί
669 1067 687 1132 ὁ
710 1065 825 1152 Σωτὴρ
845 1065 983 1152 λέγεται,
998 1066 1054 1132 καί
1142 1068 1250 1132 Filius
1274 1071 1388 1131 sutem
1411 1067 1549 1132 Devidis
1573 1069 1676 1132 etism
1698 1072 1855 1131 servator
1961 1097 1962 1106 ι

303 1166 1051 1256 καλῶς·οὔτοςγάρὁείρηνικίςὴμωνσωτήρ,ὁ
1097 1171 1231 1251 dicitur,
1250 1172 1351 1252 idque
1375 1172 1493 1254 probe:
1517 1173 1574 1236 hic
1593 1174 1684 1236 eninr
1699 1177 1855 1237 servator

301 1271 470 1358 γενόμενος
485 1273 524 1337 ἐκ
539 1272 719 1359 σπέρματος
730 1272 827 1339 Δαυίδ
838 1274 924 1338 κατά
934 1273 1051 1358 σάρκα,
1096 1281 1209 1340 nosen
1224 1276 1395 1357 pacificus,
1407 1293 1449 1339 ex
1464 1279 1593 1341 semine
1609 1277 1718 1341 David
1727 1294 1849 1340 secun-

302 1375 502 1443 ἕὸασίλευσεν
524 1376 559 1444 ἓν
572 1373 801 1463 Ἰερουσαλήμ·
826 1377 875 1443 διὸ
900 1379 956 1442 οιαὶ
981 1377 1052 1442 ἐπε-
1095 1377 1177 1440 dum
1207 1397 1343 1443 carnem
1374 1385 1485 1461 notus,
1518 1399 1577 1445 rex
1607 1382 1852 1463 Hierosolymis
1962 1439 1963 1442 ,

301 1481 410 1568 γράφη
433 1483 491 1567 τήν
514 1483 592 1566 ὑπὲρ
615 1480 785 1567 ἀνθρώπων
807 1480 988 1567 οἰκονομίαν
1003 1501 1052 1546 τε·
1095 1483 1170 1546 init
1186 1486 1297 1565 Atque
1319 1483 1395 1549 ideo
1410 1483 1501 1570 [ipsi]
1523 1485 1699 1566 perfuncto
1722 1484 1851 1548 redem-

301 1584 428 1650 λοῠντι·
443 1584 544 1662 Οὗτός
559 1586 643 1651 ἐστιν
658 1585 675 1650 t
691 1583 838 1671 βασιλεὺς
853 1583 1056 1652 τῶνἸουδαί-
1098 1586 1224 1667 ptionis
1247 1586 1425 1651 hominum
1447 1605 1588 1651 munere
1610 1587 1785 1669 inscriptio
1809 1587 1858 1650 ic-

300 1709 353 1756 ων.
370 1689 519 1755 Ἰουδαῖοι
541 1687 576 1753 δέ
590 1689 668 1754 εἰσιν
686 1687 859 1775 ὁἸσραήλ,
875 1689 893 1754 ὁ
907 1699 979 1766 νοῦς
994 1689 1056 1754 διο-
1100 1695 1171 1754 cte:
1191 1691 1280 1755 «Hic
1292 1697 1343 1755 est
1352 1709 1410 1755 rex
1421 1695 1443 1756 J
1446 1692 1655 1756 udaeorum.»
1672 1694 1693 1755 J
1696 1691 1783 1756 udaei
1794 1709 1856 1755 eu·

301 1797 438 1876 ρατιοιὸς,
451 1795 518 1879 εἴγε
528 1794 591 1881 γάρ
604 1794 668 1878 άρα
682 1793 759 1858 εἰσίν
773 1791 899 1877 άληθῶς
912 1786 1057 1878 Ἰσραήλ·
1101 1799 1171 1858 teni
1185 1798 1268 1859 sunt
1286 1796 1400 1878 Isrpel,
1420 1813 1516 1859 mens
1542 1796 1602 1860 ille
1616 1797 1802 1878 perspicax,
1826 1797 1856 1860 si
1963 1853 1964 1856 ,

302 1900 339 1962 οὐ
354 1900 416 1984 γάρ
429 1898 497 1963 ὅσοι
506 1898 633 1984 σπέρμα
644 1906 700 1961 τοῦ
710 1894 858 1982 Ἀδραάμ
869 1888 993 1974 πάντως
1003 1897 1059 1961 καί
1101 1897 1200 1962 modo
1214 1904 1296 1962 sunt
1309 1900 1384 1962 veri
1399 1901 1571 1964 Irseelitae.
1587 1902 1659 1964 Non
1671 1901 1763 1964 enim
1778 1901 1856 1980 qui·

299 2001 453 2087 τέκναίν
462 2011 507 2090 τῷ
519 2005 563 2090 μή
572 2011 672 2068 ποιεῖν
684 2003 725 2067 τά
736 2002 816 2088 ἔργα
826 2012 883 2068 τοῦ
894 2000 1054 2088 Ἀδραοίμ
1101 2019 1248 2084 cumque
1270 2021 1386 2067 semen
1406 2003 1590 2067 Abrehemi
1604 2007 1694 2084 sunt,
1715 2003 1806 2067 illico
1822 2009 1857 2066 et

1100 2105 1163 2171 filii
1176 2105 1260 2188 ejus,
1276 2106 1456 2192 siquidem
1471 2123 1574 2190 opere
1585 2103 1771 2172 Abrohomi
1785 2125 1856 2172 non

1100 2209 1241 2273 iaciunt.

343 2335 376 2381 v.
394 2317 424 2382 6.
435 2313 557 2402 Νοήσει
570 2335 605 2380 τε
620 2315 807 2404 παραδολήν
822 2319 878 2384 καί
892 2317 1052 2384 σκοτεινὸν
1140 2332 1172 2378 ν.
1189 2319 1220 2379 6.
1243 2314 1412 2398 Ῑιιίοίίὶροί
1425 2315 1616 2398 parabolam
1634 2319 1667 2381 ct
1686 2315 1855 2383 obscurum

300 2418 408 2508 λόγον.
1095 2437 1282 2485 serntcoem.
1623 2457 1630 2464 -

344 2523 410 2589 Καὶ
423 2532 490 2603 πως
512 2521 643 2611 άρμόσει
665 2522 835 2612 τούτῳτί·
856 2523 989 2606 Ἀνοίξω
1012 2523 1047 2592 ίν
1138 2527 1186 2588 Ac
1201 2525 1368 2607 quomodo
1378 2526 1461 2589 huic
1472 2527 1652 2590 conveniet
1663 2525 1766 2592 iilud:
1782 2527 1853 2590 «A-
1965 2571 1966 2576 ι

299 2626 497 2713 παραδολαίς
508 2630 544 2694 τὸ
560 2627 662 2715 στόμα
679 2651 755 2716 μοω;
770 2627 883 2717 γέγονε
898 2633 960 2717 γὰρ
971 2631 1049 2714 ὅπερ
1093 2630 1224 2711 μετίωσι
1239 2647 1275 2693 os
1291 2647 1406 2694 meum
1423 2631 1458 2693 in
1476 2629 1695 2713 persbolist»
1712 2631 1853 2695 Accedit

300 2731 473 2820 ἐπήγαγεν,
496 2732 635 2800 ίναντίον
657 2741 719 2800 τῶν
744 2731 890 2818 πατέρων
915 2732 1051 2820 ήμῶνά
1095 2733 1186 2796 enim
1198 2732 1288 2814 quod
1298 2733 1452 2816 subjicit:
1471 2737 1614 2800 «Coram
1626 2735 1778 2818 patribus
1789 2752 1851 2800 no-

299 2835 431 2921 ἐποίησε
458 2836 636 2924 θαυμάσια,
663 2838 749 2903 κατά
776 2839 839 2922 γάρ
865 2838 902 2901 τὸ
933 2835 1051 2922 ῥητόν·
1095 2839 1175 2903 stris
1190 2855 1266 2920 quae
1281 2837 1362 2902 iecit
1374 2841 1578 2903 miraculo.»
1595 2841 1681 2904 Nom
1697 2843 1737 2903 ut
1750 2843 1852 2904 sonet

300 2939 451 3025 Διέρρηξε
472 2939 653 3021 θάλασσαν,
676 2942 730 3006 καί
753 2938 904 3027 διήγαγεν
927 2943 1051 3023 αὐτοὺς,
1096 2941 1225 3006 littere:
1241 2943 1534 3025 «Disrupitmore
1549 2963 1677 3027 perque
1692 2945 1779 3011 illud
1792 2959 1851 3009 eos

256 3054 267 3076 ³
300 3044 355 3108 καί
372 3045 412 3107 τά
426 3043 518 3131 ἐξής·
541 3043 653 3110 Πάντα
668 3045 730 3130 γάρ
753 3055 854 3110 ταῦτα
872 3042 1053 3132 γέγονεν,ά
1097 3043 1256 3125 eduxit»
1274 3050 1308 3110 ct
1319 3063 1395 3129 quae
1407 3052 1607 3130 sequuntur.
1624 3051 1745 3114 omnic
1756 3053 1850 3116 enim

252 3183 255 3190 Δ
301 3147 356 3212 καί
379 3146 522 3233 σὺμδολά
555 3148 621 3214 ἔστι
644 3159 704 3214 τῶν
727 3149 778 3236 ἐφ’
792 3151 873 3236 άπερ
900 3148 1052 3235 ἀνάγεται
1097 3148 1170 3212 haec
1192 3147 1282 3212 facts
1304 3157 1395 3230 sunt,
1417 3152 1501 3215 licet
1521 3153 1676 3235 symbola
1694 3171 1755 3217 seu
1777 3157 1854 3238 typi

301 3248 409 3337 τρόπῳ
431 3249 620 3336 παραδολων
646 3253 861 3340 εὐαγγελιιιῶν
883 3253 1053 3340 παραλαμ-
1095 3253 1165 3316 sint
1179 3270 1297 3317 eorum
1313 3254 1356 3317 sd
1372 3271 1448 3336 quae
1460 3256 1722 3338 transferuntur,
1738 3275 1777 3321 eo
1793 3276 1852 3323 ac-

302 3353 469 3441 δανάμενα.
480 3351 612 3442 Ἕτερος
623 3356 660 3423 δά
671 3379 717 3436 τις
728 3358 795 3444 ἐρεῖ
803 3359 863 3423 οὐκ
873 3357 925 3422 ἐπὶ
937 3359 977 3422 τά
989 3355 1052 3424 ἀπὸ
1096 3361 1194 3439 cepte
1217 3357 1316 3421 modo
1331 3375 1398 3438 quo
1420 3359 1588 3440 perebolae
1601 3360 1636 3424 in
1659 3363 1853 3440 evangelio.

301 3469 359 3546 τής
374 3459 482 3540 ἐξόδου
503 3455 714 3546 ἀναφέρεσθαι
729 3461 783 3528 τό·
797 3459 929 3541 Ἀνοίξω
945 3460 978 3526 ἐν
994 3481 1054 3525 ιτα-
1097 3462 1194 3525 Alius
1215 3466 1329 3525 eutem
1352 3461 1451 3542 dicit,
1479 3463 1575 3543 iilud,
1601 3465 1790 3545 «Apertam
1813 3467 1853 3530 in

301 3561 451 3648 ραάολαϊς
465 3566 501 3629 τὸ
516 3564 619 3651 στόμα
635 3585 704 3652 μου,
720 3566 805 3632 ἀλλὰ
819 3567 871 3631 eci
885 3567 943 3645 τὰς
958 3565 992 3633 ἐν
1007 3575 1051 3652 τῷ
1096 3565 1266 3647 parobolis
1279 3586 1308 3644 ν,
1332 3582 1399 3628 non
1423 3583 1496 3630 esse
1519 3567 1732 3632 referendum
1752 3568 1796 3633 od
1813 3587 1858 3634 ee

300 3664 482 3754 ιίιαγγελίιρ
494 3667 689 3754 παραδολάς,
704 3681 760 3736 τοῦ
782 3670 922 3756 Χριστοὺ
942 3667 1050 3757 λέγον-
1095 3688 1171 3752 quae
1186 3672 1222 3734 in
1237 3669 1354 3734 Exodo
1370 3671 1564 3752 occiderint,
1580 3671 1639 3737 sed
1654 3671 1696 3736 ad
1711 3673 1855 3755 perebo-
1967 3669 1968 3684 ¹

299 3793 353 3850 τος
367 3773 401 3838 ἐν
416 3782 460 3859 τῷ
470 3772 637 3860 προφήτῃ·
653 3773 808 3862 Πράσεχε,
823 3773 901 3853 λαός
913 3796 983 3862 μου,
995 3775 1049 3841 τὸν
1094 3773 1144 3836 los
1155 3774 1190 3836 in
1204 3773 1384 3851 evangelio
1396 3775 1564 3854 recitatas,
1577 3792 1683 3857 quum
1695 3776 1854 3842 christus

298 3874 394 3962 νόμον
409 3899 479 3963 μου,
495 3878 552 3942 καί
565 3880 606 3943 τά
621 3877 704 3964 ἒξής.
965 3911 967 3916 ,
1094 3875 1186 3959 opud
1208 3876 1407 3959 prophetem
1430 3877 1537 3941 dicet:
1564 3879 1718 3961 «Populo
1741 3895 1852 3960 mene,

1096 3981 1232 4046 attende
1247 3982 1317 4060 legi
1334 3999 1453 4060 mere»
1471 3985 1505 4045 ct
1519 3990 1650 4046 caeters.

343 4104 376 4149 ν.
396 4087 447 4150 12.
462 4083 528 4151 Καί
542 4085 668 4173 άρωμεν
682 4085 779 4152 αὐτοῦ
794 4088 853 4174 τήν
868 4085 998 4175 μνήμην
1011 4088 1050 4153 ἐκ
1137 4101 1169 4148 ν.
1198 4085 1249 4148 12.
1275 4085 1322 4150 nt
1342 4085 1496 4152 tollamus
1520 4086 1593 4166 ejus
1620 4085 1808 4150 poemorum
1834 4105 1854 4152 c

297 4198 370 4276 γής.
541 4272 545 4282 ¹
1095 4192 1194 4255 terra.

344 4291 502 4379 Γεωργίου
517 4293 539 4380 ἦ
556 4292 746 4381 Ὠριγένους.
770 4293 913 4380 Φήσαιιν
929 4296 964 4362 δὲ
978 4306 1052 4362 ταῦ-
1139 4291 1283 4356 Gnoson
1291 4293 1345 4356 vei
1357 4295 1529 4357 Onronnrs.
1537 4293 1648 4357 Verbo
1658 4294 1731 4359 haec
1742 4296 1853 4360 tribui

298 4419 341 4464 τα
355 4398 411 4463 καί
426 4397 456 4464 σί
471 4396 627 4475 εἰπόντες·
650 4397 751 4476 osec
766 4399 851 4464 ίστιν
866 4396 884 4463 ὁ
899 4397 1053 4485 κληρονά-
1096 4400 1234 4478 possent
1249 4400 1283 4460 et
1294 4397 1336 4460 iis
1348 4397 1407 4478 qui
1419 4397 1596 4461 dixerunt:
1617 4399 1710 4463 «Hic
1724 4401 1855 4464 estne-

300 4521 369 4590 μσς·
384 4503 485 4586 δεῦτε,
501 4499 735 4590 ἀποκτείνωμεν
758 4505 862 4586 αὐτὸν,
886 4505 939 4570 ίνα
961 4501 1052 4589 ἡμῶν
1096 4493 1299 4580 ιωωινωωίιω,
1316 4499 1559 4565 interficiemus
1576 4501 1698 4584 ipsum,
1710 4503 1853 4569 haeredi·

201 4599 204 4610 '
300 4597 693 4695 γένηταιήκληρονομία.
1096 4609 1148 4670 tos
1163 4611 1281 4671 nostre
1295 4607 1395 4671 flet.»

334 4781 403 4856 Oep.
418 4784 443 4853 1,
451 4800 480 4840 v.
490 4782 515 4838 1.
525 4780 633 4854 Regin
645 4783 681 4838 77
692 4781 713 4838 t'.
723 4783 768 4854 26,
779 4783 824 4838 29.
835 4781 942 4838 Metth.
956 4795 1054 4854 xxvn,
1133 4797 1163 4838 v.
1176 4780 1219 4836 12.
1232 4777 1302 4836 con
1313 4798 1341 4854 p.
1352 4781 1412 4850 102,
1426 4778 1486 4836 166.
1495 4779 1642 4856 Deinceps
1650 4780 1790 4854 frequens
1802 4789 1853 4840 eet

298 4869 342 4928 67.
361 4867 776 4940 ecBB.Pacr0txm,1t·oo.
1101 4863 1255 4940 Georgius,
1278 4883 1366 4939 quem
1386 4867 1432 4924 nti
1452 4868 1686 4926 Alexandrinum
1701 4886 1769 4928 cnm
1786 4870 1853 4928 Ori·

338 4973 366 5016 v.
380 4957 405 5012 6.
418 4955 488 5012 Coo
501 4973 531 5029 p.
544 4955 587 5026 74,
600 4957 643 5014 75.
655 4955 706 5014 Pe.
720 4971 835 5028 mvn,
848 4957 873 5028 1,
886 4957 913 5026 2,
924 4955 952 5027 6,
964 4954 1056 5012 1o1n
1098 4969 1174 5026 gene
1186 4953 1236 5010 hic
1247 4953 1470 5027 descripsimne;
1489 4959 1521 5010 et
1533 4954 1684 5012 omisimus
1696 4972 1794 5028 porro,
1806 4961 1853 5014 nt-

296 5043 355 5100 fine
366 5061 410 5118 pe
432 5042 508 5116 legit
517 5047 688 5112 προσάσχιτι,
705 5041 852 5118 interpres
863 5059 947 5102 vero:
967 5041 1055 5116 Popu-
1098 5045 1169 5114 pote
1185 5039 1380 5096 recentiorem
1396 5045 1427 5096 et
1444 5039 1482 5095 ab
1500 5039 1628 5114 Origene
1644 5047 1791 5100 mmotnrn
1807 5043 1852 5100 ni-

298 5133 340 5188 ίια
351 5145 426 5187 mm
448 5129 581 5186 acescat
608 5128 730 5187 Veteres
741 5145 881 5188 revocare
898 5129 974 5187 solet
991 5127 1056 5186 Ori·
1099 5123 1283 5183 micticon
1297 5143 1374 5198 xxn,
1387 5125 1430 5184 66.
1443 5124 1562 5184 0i.BB.
1575 5125 1595 5184 t
1608 5126 1683 5185 127.

293 5232 395 5291 genes.
