4044 6104
766 511 768 518 ¹
811 529 813 534 “
871 523 1077 590 EUSEBIUS
1677 525 1743 592 457

195 661 374 750 Μονονουχί
387 667 445 748 τής
460 655 650 746 ἀναιρέσεως
664 670 720 727 τοῦ
734 657 849 748 Οὐρίου
866 682 944 749 μνη-
994 693 996 698 ·
1035 668 1182 750 Tantum
1198 683 1265 731 non
1283 666 1407 732 diserte
1424 669 1578 733 meminit
1602 671 1741 734 occisio·

196 763 527 853 mendacissimis
540 763 945 844 έπακοθσαςτοῠθτοῡδιά
992 770 1045 835 nis
1061 771 1159 835 Urioe.
1176 773 1220 836 Et
1235 789 1353 836 rursus
1368 773 1484 837 cudite
1499 773 1560 837 Dei
1575 789 1656 836 voce
1678 789 1740 854 per

196 879 253 936 τοῦ
267 868 374 955 Ἀσάφ
394 868 567 955 εἰρηκότος·
587 868 726 957 Ἐλίγξω
745 892 794 956 σε,
817 873 873 936 καί
886 892 947 936 πα-
991 874 1118 954 Asepbi
1133 875 1254 938 verbs:
1273 877 1452 955 «Anguem
1473 881 1518 956 te,
1535 880 1569 938 et
1589 879 1739 944 stetuem

194 973 344 1061 ραοτήσω
358 975 442 1064 κατὰ
456 973 623 1060 πρόσωπον
637 995 706 1059 σου,
722 974 903 1062 ἀναγκαίως
917 975 942 1040 ί-
991 981 1109 1041 contre
1135 977 1257 1043 iscicm
1283 985 1388 1061 tuam,
1415 1000 1432 1040 υ
1464 981 1600 1059 cogitur
1629 980 1741 1045 dicere

194 1076 707 1166 κετεθειλέγων·Ἀπόστρεῷοντὸ
715 1080 881 1165 πρθοωπθν
889 1101 946 1146 σου
990 1083 1150 1162 supplex:
1176 1081 1293 1148 Aceste
1311 1081 1429 1149 scum
1455 1087 1579 1148 tuma
1597 1086 1743 1165 peccatis

195 1180 260 1248 ἀπὸ
271 1191 332 1249 τῷν
347 1181 507 1268 ἁμαρτιῶν
522 1203 591 1269 μου,
607 1183 662 1247 καί
676 1183 782 1261 πάσας
801 1185 859 1282 τὰς
874 1184 946 1250 ἀνο-
989 1184 1081 1263 mis,
1099 1189 1132 1249 et
1152 1203 1260 1250 cmm
1273 1187 1467 1269 iniquitates
1490 1205 1578 1252 oscos
1592 1187 1669 1253 dele.
1696 1190 1742 1253 Et

194 1285 266 1373 μίας
282 1307 341 1372 μου
356 1285 532 1371 έξάλειψον.
548 1284 614 1352 Καὶ
624 1285 777 1354 τελευτῶν
794 1284 943 1371 ίπιφέρει,
991 1287 1026 1349 in
1056 1287 1124 1350 fine
1150 1288 1335 1353 subinfert:
1367 1291 1407 1356 Si
1434 1290 1592 1355 coluisses
1615 1291 1742 1375 socnfia
1776 1305 1780 1314 ·

193 1391 242 1456 ὅτι
256 1393 284 1457 εἰ
298 1389 459 1477 ήθέληοας
473 1386 600 1473 θυσίαν,
623 1389 728 1455 ἔδωκα
746 1389 795 1472 ἂν,
811 1388 945 1456 θλοκαυ-
989 1389 1084 1473 σίτοιο,
1100 1391 1267 1472 ἀεάἰσοται,
1293 1392 1487 1459 holocaustis
1501 1393 1742 1460 molestabo-

194 1495 327 1582 πώματα
339 1495 398 1560 οὐκ
408 1493 601 1580 εθδοκήσεις·
609 1492 708 1561 θυσία
717 1503 761 1581 τῷ
772 1493 843 1582 Θεῷ
854 1504 945 1560 πνείει
988 1495 1049 1560 ris.
1065 1496 1272 1580 Sacrificium
1296 1497 1362 1561 Deo
1381 1497 1521 1578 spiritus
1546 1497 1742 1564 cootoidttla·

193 1619 239 1686 μα
254 1597 528 1685 συντετριμμένον·
552 1597 676 1685 σφόδρα
697 1597 881 1677 ἀκολούθως
903 1607 943 1684 τῷ
989 1601 1052 1663 tos.
1069 1601 1192 1664 Mirum
1204 1601 1240 1664 in
1256 1599 1394 1664 modum
1410 1601 1444 1664 id
1459 1601 1604 1664 cobaeret
1619 1601 1742 1665 doctri·

193 1701 449 1790 iucundiorem
460 1701 577 1788 Ἀσάφ,
592 1701 666 1768 καθ’
676 1701 717 1788 ήν
728 1699 945 1788 ἐλέγετοθθκ
989 1721 1043 1767 nae
1058 1703 1196 1785 Asephi,
1212 1721 1281 1786 que
1296 1704 1436 1768 dicitur:
1459 1726 1476 1767 ο
1492 1707 1565 1770 Non
1584 1706 1620 1769 in
1634 1706 1737 1770 secri-

191 1805 244 1873 έπί
257 1815 326 1885 ταῖς
338 1805 465 1885 θυσίαις
480 1827 538 1871 σου
552 1805 670 1892 ἐλέγξω
684 1826 739 1872 σι·
761 1807 802 1872 τά
817 1805 852 1870 δέ
874 1805 944 1872 θλο-
988 1807 1075 1871 ficiis
1090 1810 1159 1873 tuis
1177 1825 1322 1888 arguam
1337 1814 1381 1872 te.
1404 1811 1608 1874 Holocauste
1623 1815 1738 1875 nutem

190 1910 385 1997 καυτιίιματά
406 1931 464 1976 σου
479 1908 611 1976 ένιθπιόν
634 1909 693 1996 μοίι
712 1908 778 1974 ίστι
800 1908 853 1975 διὰ
867 1930 945 1976 παν-
988 1916 1049 1976 tue
1064 1913 1100 1978 in
1112 1917 1295 1994 conspectu
1310 1929 1385 1977 meo
1401 1917 1482 1977 sunt
1496 1929 1638 1994 semper.
1664 1915 1738 1978 Non

190 2012 254 2091 τός.
270 2011 317 2078 0o
336 2012 465 2100 δέξομαι
485 2017 523 2082 ἐκ
537 2025 594 2080 τοῦ
610 2015 698 2080 οίκου
713 2035 771 2080 οου
795 2012 950 2101 μόσχους,
988 2017 1152 2098 accipiam
1168 2016 1209 2080 de
1225 2016 1323 2080 domo
1338 2020 1399 2080 tus
1413 2018 1550 2098 vitulos,
1573 2032 1683 2098 neque
1698 2015 1740 2080 de

193 2116 558 2205 omniumomniuni
573 2139 631 2186 σου
646 2119 810 2206 χιμάρους.
987 2121 1155 2199 gregibus
1170 2121 1240 2184 tuis
1255 2120 1377 2184 hircos.
1394 2141 1412 2180 υ

195 2267 199 2274 ·
235 2215 346 2288 Ταῦτα
361 2223 418 2308 μέν
433 2225 489 2288 οὖν
502 2223 579 2309 ἡμῖν
592 2225 653 2308 πρὸ
669 2231 726 2308 τής
742 2225 827 2289 κατὰ
842 2221 937 2308 μέρος
1030 2226 1201 2290 Hactenus
1228 2224 1298 2290 brec
1325 2225 1423 2289 nobis
1444 2224 1623 2289 observate
1646 2227 1740 2306 sunt,

191 2324 369 2412 διηγήσεως
376 2326 612 2413 έπιτετηρήσθω
620 2328 664 2406 τίς
675 2328 873 2409 παράστασιν
881 2336 940 2413 τής
988 2333 1172 2410 antequam
1184 2345 1245 2410 per
1258 2333 1372 2411 peries
1385 2328 1446 2392 fiet
1461 2329 1636 2411 expositi0,
1648 2328 1739 2392 unde

191 2428 398 2509 ἀκολουθίας·
411 2431 526 2518 ίδωμιν
541 2430 577 2498 δέ
591 2431 700 2497 λοιπάν
718 2432 774 2496 καί
789 2433 848 2517 τήν
864 2450 941 2515 προ·
987 2433 1419 2514 proponemuscoutinuem
1428 2433 1560 2496 scriem.
1573 2433 1739 2497 Oaeterum

188 2533 521 2621 γραφήν·ἀναγκαίως
532 2533 711 2622 ἀναπέμπει
721 2533 807 2622 ήμάς
817 2536 870 2600 ici
881 2536 942 2620 τήν
986 2536 1162 2601 videamus
1182 2541 1217 2601 et
1231 2537 1335 2602 etiam
1354 2537 1505 2600 titulum.
1520 2538 1662 2601 Necesse
1689 2540 1741 2602 est

189 2649 246 2704 τοῦ
267 2637 431 2725 προφήτου
454 2638 565 2706 Νάθαν
585 2641 664 2725 πρὸς
686 2640 740 2705 τὸν
761 2638 858 2706 dccii
881 2658 943 2704 πα-
986 2657 1047 2704 nos
1060 2639 1266 2704 remittcted
1284 2640 1456 2723 prophetes
1469 2639 1603 2704 Nathan
1614 2639 1740 2705 edveu·
1813 2633 1815 2638 ’

190 2741 328 2828 ρουσίαν,
345 2742 387 2822 ως
410 2744 450 2811 ἂν
465 2743 617 2831 μάθοιμεν
639 2743 703 2810 ἀπὸ
722 2753 779 2830 της
802 2740 943 2836 ἱστορίας
986 2747 1061 2810 tum
1076 2744 1166 2826 apud
1177 2744 1350 2826 Davidem,
1367 2749 1407 2808 ut
1417 2744 1460 2807 cb
1476 2744 1617 2808 historic
1632 2745 1740 2809 disce-

189 2844 308 2926 θποίοις
318 2846 464 2936 έλέγγοις
475 2849 547 2914 κατ’
556 2848 654 2914 αὐτοῦ
665 2847 827 2936 ἐχρήσατο
838 2848 856 2914 ὁ
867 2865 942 2934 προ-
987 2865 1065 2912 mus
1078 2849 1239 2930 qualibus
1255 2850 1470 2928 argumentis
1481 2843 1643 2912 adversus
1658 2866 1737 2913 eum

189 2950 303 3038 φήτης.
320 2951 499 3039 Γέγραπται
513 2951 617 3020 τοίνυν
631 2953 665 3019 ίν
680 2963 718 3039 τή
735 2951 941 3038 δευπίρρτῷν
986 2952 1149 3034 prophete
1187 2972 1270 3018 usus
1297 2953 1409 3018 fuerit.
1443 2953 1574 3033 Scripta
1600 2951 1738 3016 iuterim

190 3053 355 3142 desdende
370 3065 489 3123 ταῦτα·
511 3055 577 3123 Καὶ
592 3056 694 3142 έφάνη
718 3057 857 3142 πονηρὸν
870 3055 940 3123 κτλ.
986 3057 1059 3122 haec
1077 3064 1159 3124 sunt
1181 3057 1379 3123 insecundo
1395 3060 1529 3136 Regum
1552 3056 1647 3136 libro,
1670 3061 1734 3120 ctc.

193 3159 243 3240 (11.
259 3163 342 3240 Reg.
358 3179 406 3242 xr,
423 3163 465 3226 27
480 3197 494 3210 ·
509 3179 560 3225 xrr
578 3161 677 3246 1-12).
986 3159 1734 3244 (osqucodiccrepotiocemproptetcltatieo).

196 3305 199 3312 -
233 3262 362 3331 Τούτων
376 3264 516 3344 ἀκούσας
531 3264 550 3330 ὁ
564 3263 669 3347 Δαυίδ,
685 3266 741 3330 καί
755 3267 814 3352 τήν
829 3266 938 3354 ψυχήν
1022 3265 1400 3348 Eepostqucmaudivit
1410 3265 1530 3347 Dnvid,
1540 3266 1660 3330 intimo
1668 3282 1739 3329 cor-

190 3365 332 3453 πληγείς,
359 3370 418 3454 τήν
443 3366 652 3454 προκειμένην
678 3366 840 3453 ἱκετηρίαν
865 3368 942 3434 ἀνα-
986 3368 1027 3432 de
1042 3373 1200 3452 punctus,
1217 3370 1305 3434 benc
1320 3371 1599 3444 lamentationem
1612 3371 1740 3452 suppli-

189 3470 306 3559 πέμπει
321 3481 364 3560 τῷ
375 3472 447 3559 Θεῷ
462 3471 758 3561 ὶξομολογοθμενος,
773 3475 829 3538 καὶ
845 3473 939 3551 αυτὸς
985 3491 1058 3537 cem
1075 3474 1118 3538 ed
1133 3476 1242 3539 Deum
1258 3475 1388 3554 dirigit,
1400 3473 1618 3538 confessionis
1630 3474 1739 3538 instar

190 3573 302 3642 έαυτθν
318 3575 526 3661 στηλιτεθων·
549 3577 622 3644 coes
642 3578 704 3662 γὰρ
727 3578 788 3661 πρὸ
810 3586 871 3642 τῷν
886 3576 940 3642 λθ·
985 3581 1021 3641 et
1035 3579 1107 3661 ipse
1122 3595 1159 3643 se
1175 3580 1210 3642 in
1225 3579 1323 3660 cippo
1338 3578 1561 3659 proscribens.
1576 3580 1692 3660 Neque
1704 3595 1737 3641 e·

188 3699 255 3765 γων
276 3689 332 3745 που
349 3677 513 3766 προφήτου
535 3681 589 3745 τὸν
611 3679 739 3767 ψαλμὸν
761 3680 937 3767 συνέταξεν,
986 3681 1058 3745 nim
1070 3687 1149 3745 ente
1161 3681 1333 3764 prophetae
1348 3681 1452 3745 verbe
1470 3683 1639 3763 psalmum
1651 3699 1741 3746 com-

191 3785 256 3852 οὐδ’
266 3784 457 3872 έξωμολάγει
479 3786 515 3850 τὸ
537 3784 690 3871 πρότερον
709 3793 753 3871 τῷ
768 3783 858 3872 Θεῷ·
880 3785 940 3852 dio-
986 3786 1110 3867 posuit,
1127 3803 1238 3868 neque
1253 3787 1615 3867 priusDeopeccetum
1628 3785 1739 3850 fessus
1789 3777 1795 3792 '

189 3911 250 3976 περ
272 3890 308 3956 δέ
329 3891 389 3956 ὑπὸ
404 3890 504 3975 κάρου
526 3892 582 3955 καί
597 3888 695 3976 μίθης
717 3892 776 3977 τήν
798 3889 938 3956 διάνοιαν
985 3893 1067 3954 erat.
1099 3890 1164 3954 Sed
1193 3891 1301 3954 veluti
1331 3890 1461 3971 soporis
1492 3889 1677 3968 gravedine
1704 3897 1741 3954 et
1765 3903 1767 3906 ’

189 3992 436 4080 κεκρατημένος,
452 3995 606 4078 ἔκρυπτεν
621 3997 657 4059 τὸ
669 3992 853 4080 θμάρτημα,
865 3992 940 4060 λαν·
985 3995 1149 4058 ebrietate
1164 4011 1343 4076 oppressus
1359 3995 1394 4058 in
1411 3999 1534 4074 mente,
1557 3994 1738 4060 absconde·

189 4095 294 4166 θάνειν
307 4101 363 4164 καί
376 4100 431 4165 τὸν
441 4096 522 4165 Θεὸν
533 4098 684 4184 οίθμενος,
696 4096 738 4175 ὡς
752 4099 807 4163 καί
822 4095 940 4181 ἀνθρίι-
984 4099 1044 4162 bnt
1057 4100 1178 4180 scelus,
1194 4099 1366 4164 aestimcns
1382 4099 1486 4162 etiarn
1499 4099 1568 4162 Dec
1578 4099 1668 4161 sicut
1679 4097 1737 4160 hc-

186 4226 265 4283 πους
274 4205 386 4271 πάντα
400 4206 464 4293 γάρ
479 4204 565 4289 αὐτῷ
579 4202 736 4289 λαθραίως
750 4203 935 4288 έπράττετο,
984 4202 1135 4266 minibus
1142 4204 1395 4266 occultumesse
1405 4202 1635 4281 ;omnicenim
1647 4203 1740 4278 cienf

186 4305 209 4392 ἡ
231 4311 309 4393 πρὸς
332 4311 391 4395 τήν
412 4317 550 4394 γυναῖκα
572 4308 754 4394 παράνομος
780 4305 897 4393 ὁμιλία,
921 4307 939 4372 θ
985 4309 1103 4370 culum
1117 4311 1193 4370 ecte
1207 4306 1352 4386 tuerent,
1376 4305 1545 4369 nefarium
1568 4324 1646 4370 cum
1665 4325 1739 4369 mu-

168 4457 171 4466 .
189 4411 329 4491 θάνατος
343 4423 399 4480 τοῦ
414 4412 535 4498 ἀνδρός.
551 4410 605 4478 Διὸ
621 4409 753 4476 λέλεκτο
769 4412 870 4497 αὐτῷ·
892 4411 940 4476 ὅτι
984 4412 1067 4475 liere
1083 4411 1334 4490 commercium,
1358 4410 1480 4474 occisio
1492 4410 1576 4473 viri:
1599 4409 1674 4473 idco
1689 4409 1739 4474 di·

186 4519 226 4583 cd
242 4515 395 4602 ἐποίησας
406 4515 554 4602 κρθθδην,
566 4515 657 4601 κάγὼ
670 4513 793 4600 ποιήσω
804 4516 840 4580 ’τὸ
853 4515 940 4602 ρημα
984 4518 1078 4579 ctum
1094 4519 1146 4579 cst
1160 4516 1229 4579 illi:
1247 4515 1363 4590 «Quis
1374 4519 1414 4577 tu
1429 4513 1540 4579 fecisti
1555 4515 1654 4593 clem,
1671 4529 1737 4592 ego

186 4631 280 4687 τοῦτο
295 4621 435 4688 ὶναντίον
446 4623 562 4699 παντὸς
576 4619 708 4706 Ἰσραήλ
719 4621 774 4685 καί
789 4618 940 4687 ἀπέναντι
983 4617 1107 4709 facicm
1129 4617 1272 4682 verbnm
1291 4618 1354 4681 hoc
1376 4633 1490 4682 eorem
1513 4619 1605 4682 omni
1629 4618 1734 4682 Israel

186 4736 244 4791 τοῦ
257 4725 350 4811 ήλίου
371 4725 493 4792 τούτου.
508 4723 599 4790 Ἐπεί
620 4722 656 4788 δέ
674 4722 864 4808 κατάφωρος
885 4722 939 4808 γέ·
984 4728 1019 4785 et
1039 4738 1153 4786 coram
1175 4720 1239 4784 hoc
1261 4724 1368 4787 sole.»
1392 4722 1436 4785 Et
1450 4725 1630 4805 postquam
1653 4739 1733 4787 reus

186 4850 279 4918 γονιν
303 4829 344 4909 ὡς
366 4831 406 4895 ἀν
428 4827 639 4916 έληλεγμένος
663 4827 740 4912 πρὸς
764 4835 822 4892 τοῦ
844 4825 938 4911 Θεοῦ,
983 4825 1093 4890 iectus
1105 4832 1157 4890 est
1168 4824 1378 4905 manifestus,
1394 4827 1492 4906 qussi
1511 4826 1554 4889 cb
1569 4827 1642 4908 ipso
1665 4826 1735 4890 Deo

191 4934 342 5020 διασαφεῖ
362 4935 419 5020 μέν
440 4943 496 4999 τοῦ
518 4932 644 5016 κάρους,
667 4929 789 5016 στήλην
811 4931 941 4998 δὲκαθ’
983 4931 1168 5010 convictus,
1190 4931 1302 4994 somni
1319 4927 1480 5010 patefecit
1501 4929 1734 5010 gravedinem,

188 5037 303 5106 ἑαυτοῦ
327 5039 445 5125 μεστήν
473 5034 669 5122 κατηγορίας
697 5033 822 5121 έγείρει,
853 5035 941 5123 ίλέγ-
983 5039 1018 5100 et
1029 5034 1191 5099 adversus
1206 5037 1314 5099 semet
1328 5035 1441 5116 ipsum
1463 5034 1656 5098 columnam
1670 5035 1733 5099 eri-

188 5164 268 5231 χους
283 5143 338 5208 καί
352 5139 596 5227 ἐξομολογήσεις
611 5136 772 5224 ἱκετηρίας
790 5160 825 5204 τε
839 5138 943 5225 περιέ·
983 5141 1038 5219 git
1052 5140 1268 5204 damnatione
1291 5140 1507 5220 insculptum,
1525 5140 1560 5203 iu
1580 5157 1649 5223 quc
1671 5140 1736 5204 cri-

189 5267 321 5337 χουοαν.
344 5245 485 5334 Αθτὸθή
502 5247 558 5314 οῦν
575 5253 668 5313 τοῦτο
690 5242 941 5334 σημαίνων-ίθή·
983 5261 1062 5310 men
1081 5241 1290 5310 declaratum
1306 5245 1341 5310 et
1358 5243 1610 5312 conclamatum
1627 5249 1667 5312 et
1681 5243 1739 5312 de·
