4008 6094
800 436 814 497 Ι
1656 433 1676 496 3

158 535 322 622 triadem
343 535 401 614 τὰς
423 535 628 614 παντοδαπὰς
650 543 711 604 τῶν
733 435 1081 624 ἀνθρέπιῗῗΑξίξέἓεε
1096 540 1274 606 hominum
1298 545 1332 604 et
1353 529 1544 604 daemonum
1571 434 1702 623 ορροεῖ-
1788 550 1792 558 “

157 647 214 710 καὶ
230 639 382 728 δαηιόνων
396 639 636 724 ἐπαναστάσεις,
651 642 695 708 ὢν
708 643 817 722 ἐντοῖς
834 643 906 730 ἑξης
948 648 1221 728 tionee,querum
1233 662 1332 728 porro
1343 645 1699 726 memorieinsequen·

26 769 27 802 ;
155 746 284 836 μνήμην
294 743 906 834 πεποίηται-ἈποκαλιλπτειὸΧρισ-
947 753 1040 816 tibus
1059 752 1185 832 egitur.
1204 787 1242 796 -
1262 750 1436 842 Depromit
1450 749 1604 814 Christus
1618 766 1698 813 euos

153 855 209 930 τὸς
224 853 296 930 τοὺς
310 852 381 936 περὶ
394 848 504 928 ἐλέους
526 851 581 914 καὶ
605 849 757 935 ἀληθείας
780 850 902 938 λόγους.
947 856 989 920 de
1000 855 1231 920 misericordie
1242 862 1276 920 et
1287 856 1430 930 veritate
1444 869 1626 918 sermones.
1639 857 1699 918 Re-

155 954 312 1040 Εὑρησεις
327 956 362 1022 ἐν
375 964 414 1040 τῇ
431 952 546 1040 θεωρίᾳ
559 955 632 1032 τοὺς
643 955 700 1040 μὲν
714 958 785 1041 περὶ
796 955 904 1036 ἐλέους
946 962 1056 1042 peries
1071 962 1107 1024 in
1123 960 1255 1024 theoria
1272 976 1329 1024 eoe
1345 959 1404 1040 qui
1418 962 1573 1041 spectent
1583 959 1626 1022 ed
1639 959 1701 1023 mi-

152 1065 208 1126 καὶ
222 1057 390 1146 σωτηρίας,
406 1061 479 1136 τοὺς
494 1059 530 1124 δὲ
544 1061 615 1144 περὶ
630 1057 787 1145 σωτηρίας
807 1060 841 1128 ἐν
863 1071 903 1148 τῇ
946 1063 1164 1128 eerioordiem
1190 1068 1225 1127 et
1253 1064 1449 1144 veritatem
1480 1063 1523 1126 ed
1552 1065 1696 1128 salutem

153 1173 325 1251 πρακτικῇ.
947 1184 1027 1232 vere
1043 1185 1100 1232 eos
1117 1169 1177 1250 qui
1192 1167 1349 1248 tendunt,
1366 1167 1521 1232 invenies
1536 1168 1572 1232 in
1587 1173 1701 1234 aetuo-

949 1289 988 1336 ee
1001 1273 1083 1335 vite.

195 1394 228 1440 v.
248 1377 301 1440 13.
317 1367 389 1439 Ὀτι
407 1370 575 1460 περιέσχον
598 1393 636 1459 με
659 1374 758 1458 κακὰ,
778 1374 821 1440 ὧν
846 1373 906 1438 οὐκ
995 1377 1088 1440 ν.13.
1101 1374 1698 1467 eumenemundutemutuumta,

154 1479 241 1544 ἔστιν
257 1476 398 1565 ἀριθμὸς,
484 1479 539 1544 καὶ
564 1476 586 1564 ἡ
609 1474 725 1564 καρδία
746 1478 908 1564 ἐγκατέλι-
948 1497 1086 1564 ραοινιοι
1107 1497 1171 1544 παπ
1192 1483 1243 1545 eet
1262 1495 1419 1545 nummus
1421 1527 1473 1544 .....
1475 1483 1507 1546 et
1522 1497 1576 1546 cor
1597 1497 1702 1544 οιαιικι

151 1580 192 1648 ut
207 1603 259 1670 με
948 1583 1123 1666 dereliquit
1136 1601 1194 1649 me.

197 1687 249 1754 Te
278 1687 358 1772 μετὰ
383 1687 443 1772 την
465 1683 612 1752 ἀπιστίαν
638 1687 698 1774 τὴν
722 1688 757 1754 ἐν
778 1685 906 1774 Χριστῷ
994 1691 1083 1755 Melo
1103 1689 1234 1753 Judaeis
1257 1689 1403 1769 impacto
1425 1691 1501 1768 poet
1523 1689 1660 1752 illorum
1681 1704 1702 1750 e

152 1789 906 1879 συρὸεὸηκότααύτοῖςδιηγεῖταικακά.-Καρ
950 1794 1082 1858 Christo
1097 1793 1301 1874 apostasiam
1313 1795 1460 1856 enarret.
1475 1825 1514 1837 -
1527 1793 1625 1854 Nune
1643 1808 1701 1855 eor
1774 1796 1782 1803 '

152 1896 224 1964 διἀν
235 1905 293 1963 νῦν
310 1893 397 1981 λέγει
411 1897 470 1980 την
485 1897 579 1961 ποιὰν
593 1906 649 1962 τοῦ
662 1905 718 1962 νοῦ
733 1895 880 1962 διάθεσιν.
950 1897 1034 1962 dicit
1048 1913 1299 1979 quamcumque
1314 1897 1420 1959 enimi
1435 1896 1699 1976 dispositionem.

197 2021 231 2067 v.
252 2003 306 2066 li.
317 1998 383 2064 Καὶ
398 1997 648 2084 εὐφρανθείησαν
663 1999 714 2065 iul
729 2002 779 2066 ool
792 2000 908 2078 πάντες
995 2020 1027 2064 v.
1046 2003 1097 2066 17.
1110 2003 1157 2066 Et
1167 2002 1328 2068 laetentur
1338 2013 1435 2082 emper
1446 2004 1476 2066 te
1489 2016 1597 2066 omem
1606 2016 1701 2083 qeme-

150 2105 182 2172 οἱ
197 2103 370 2191 ζητοῦντές
386 2125 432 2188 σε,
449 2103 557 2189 Κύριε.
954 2110 1062 2172 retutee
1083 2110 1123 2186 te,
1149 2105 1295 2170 Domine.

193 2206 268 2273 Οὐκ
283 2209 350 2273 εἰπε
365 2209 411 2290 δὲ,
425 2207 457 2272 οἱ
479 2207 685 2294 ζητήσαντες,
711 2207 783 2274 ἀλλ’
804 2207 834 2273 οἱ
850 2209 906 2295 ζη-
994 2212 1067 2274 Νοιι
1085 2211 1181 2292 dixit,
1197 2211 1257 2291 qui
1272 2210 1481 2291 quaesierunt
1496 2214 1540 2289 te,
1559 2208 1618 2273 eed
1641 2210 1700 2290 qui

150 2321 290 2394 ποῠντες,
314 2314 369 2377 καὶ
390 2313 453 2398 γὰρ
467 2311 590 2390 Ἰούδας
612 2312 630 2377 ὁ
652 2313 809 2399 προδότης
832 2313 905 2399 ἔζη·
949 2318 1111 2398 quemue
1120 2317 1167 2379 te:
1183 2315 1308 2378 etenim
1323 2314 1431 2378 Judee
1442 2314 1592 2394 proditor
1607 2331 1697 2395 qum·

152 2436 234 2500 τησε
253 2414 310 2502 μέν
326 2435 413 2499 ποτε,
427 2417 466 2481 οὐ
481 2416 573 2502 ζητεῖ
585 2418 620 2484 δὲ
634 2427 699 2486 νῦν.
948 2419 1031 2482 eivit
1046 2419 1241 2501 eliquendo,
1252 2417 1325 2499 jem
1342 2435 1409 2482 non
1424 2420 1550 2498 quierit
1564 2436 1665 2482 nuno.

182 2582 211 2624 v.
226 2563 271 2634 re
285 2563 327 2620 ιτ.
339 2563 408 2620 νει
421 2563 446 2633 e
460 2563 503 2619 re

780 2710 951 2790 Peelmue
976 2709 1064 2788 Xn.

190 2923 224 2971 v.
243 2906 275 2968 4.
290 2898 394 2988 Ὅλην
413 2904 472 2989 την
494 2900 605 2988 κοίτην
625 2903 722 2968 αὐτοῦ
745 2903 902 2989 ἔστρεψτις
928 2905 938 2924 ‘
991 2923 1022 2969 v.
1041 2906 1072 2970 4.
1093 2906 1189 2971 oum
1205 2909 1346 2972 titetom
1360 2907 1587 2988 ejdeeereoeti
1599 2907 1637 2972 io
1651 2908 1701 2972 iu-

147 3007 182 3076 ἐν
197 3019 239 3095 τῇ
257 3005 533 3094 ἀρρωστῑᾳαύτοῠ.
558 3011 625 3077 tot.
642 3009 664 3072 s.
682 3009 757 3091 649,
776 3009 805 3072 1.
936 3008 1103 3093 ,Ῐῑινπίἰαλκ
1123 3010 1204 3091 ejece

191 3111 296 3197 Ἀρον
303 3114 357 3178 τὸν
365 3110 554 3198 κράὸὃατον,
564 3113 652 3198 φησὶ,
664 3113 720 3178 καὶ
727 3111 902 3197 περιπάτει
994 3115 1116 3178 «Tolle
1131 3115 1313 3193 grabatum
1329 3119 1438 3194 tuum,
1454 3116 1513 3196 eit,
1529 3120 1563 3179 et
1580 3115 1697 3178 ombu-

150 3214 228 3294 Τοῖς
243 3215 376 3301 μὲνγὰρ
391 3213 565 3302 ὑγιαίνουσι
578 3217 664 3280 κατὰ
678 3213 818 3281 διάνοιαν
827 3213 905 3278 1ἕπε·
948 3217 1023 3281 lu»
1041 3219 1105 3294 Qui
1121 3225 1233 3283 mente
1249 3236 1333 3283 eene
1347 3220 1562 3298 valentinos
1578 3237 1700 3300 eorpus

150 3335 205 3385 ται
220 3321 259 3385 τὸ
275 3329 384 3406 σῶμα·
404 3320 437 3384 οἱ
458 3321 494 3386 δὲ
516 3319 749 3406 ἀρρωστοῦντες
770 3319 905 3385 ἀκολου·
945 3324 1119 3404 eequitur3
1150 3324 1210 3405 qui
1240 3329 1355 3388 eutem
1385 3323 1514 3387 infirmi
1542 3330 1634 3403 eunt,
1666 3324 1702 3387 hi

150 3423 261 3490 θοῠσιν
272 3433 316 3510 τῷ
332 3423 463 3510 σώματι.
946 3444 1068 3510 eorpus
1086 3433 1286 3510 sequuntur.

181 3571 233 3626 Pe.
253 3587 302 3641 xo,
319 3589 348 3628 τ.
366 3570 393 3625 4.
405 3571 474 3629 Vet.
492 3571 517 3626 5.
535 3571 590 3629 Uti
604 3570 667 3644 jem
682 3587 779 3644 supro,
794 3572 902 3628 iterum
944 3577 975 3627 et
987 3571 1174 3628 Alexandrini
1186 3577 1217 3629 et
1234 3573 1338 3629 Romen
1349 3572 1442 3631 firieee
1454 3575 1597 3647 exposite,
1610 3575 1695 3630 teeti·

146 3658 274 3716 reonrrit
282 3659 463 3732 paralyticus
475 3657 507 3714 in
518 3658 566 3716 hie
577 3659 796 3715 commentariis
805 3659 844 3716 ed
853 3677 900 3714 ee·
942 3653 998 3714 bue
1009 3657 1100 3714 etiem
1110 3657 1234 3731 picturis
1247 3675 1312 3730 quoe
1325 3659 1480 3730 utrobique
1499 3660 1694 3730 innotescunt,

144 3746 337 3802 theenmenoe
344 3743 454 3816 effusis,
464 3744 570 3817 quibus
577 3744 793 3816 argumentatio
801 3743 897 3818 bapti·
940 3743 1109 3800 verosimile
1121 3749 1174 3800 eet.
1188 3743 1273 3800 Unde
1292 3744 1448 3801 dolendum
1465 3745 1551 3801 nobie
1568 3745 1691 3818 periisse

145 3849 210 3888 emo
222 3837 255 3888 et
265 3831 441 3905 poenitentia
453 3831 556 3889 eodem
567 3831 655 3887 mode
667 3837 739 3886 tuno
756 3831 899 3905 temporie
920 3829 926 3844 '
942 3831 1005 3889 fere
1017 3836 1113 3888 totum
1125 3830 1209 3887 illum
1220 3831 1470 3890 commentarium.

763 3994 934 4073 Peolmue
961 3991 1075 4073 XLI.

196 4191 230 4236 v.
255 4171 285 4236 i.
312 4170 398 4257 Πρὸς
423 4172 559 4258 ἐμαυτὸν
581 4170 603 4258 η
626 4169 715 4258 ψυχή
744 4191 804 4257 μου
831 4170 902 4238 ἐτα-
989 4191 1021 4238 v.
1045 4174 1076 4238 7.
1103 4171 1268 4240 ddvmm
1293 4175 1460 4258 κιαζοεπιιι,
1491 4174 1602 4240 auimo
1628 4189 1699 4238 uero

147 4269 264 4363 ράχθη
290 4280 357 4345 Vot.
376 4277 399 4342 l.
417 4278 492 4358 649,
509 4279 540 4342 2.
945 4275 1133 4342 monetata
1149 4282 1206 4344 est.

194 4380 322 4467 Φυσικὴ
339 4379 461 4466 κίνησις
476 4389 532 4446 τοῦ
546 4379 655 4468 θοροῦ.
990 4382 1105 4445 Animi
1121 4383 1281 4446 eoneiteti
1297 4382 1465 4446 naturalis
1480 4387 1594 4446 metue
1608 4385 1668 4445 eet.

193 4505 227 4550 v.
244 4487 275 4550 8.
289 4483 452 4573 Ἂόυσοσς
467 4484 604 4551 ἄὸυσσον
618 4485 824 4551 ἐπικαλεῖται
989 4505 1022 4551 ν.
1038 4489 1069 4551 8.
1085 4484 1230 4568 dieseon
1252 4485 1402 4570 elyseum
1424 4487 1560 4551 invocet.

194 4587 377 4674 Ἀναγκατα
398 4600 500 4656 ταῦτα
521 4589 556 4657 ἐν
578 4598 678 4677 καιρῷ
699 4588 803 4674 λύπης
825 4587 901 4654 ἐπα-
989 4593 1029 4656 ln
1054 4595 1205 4674 tempore
1231 4591 1345 4656 luetue
1371 4608 1508 4656 neeesse
1536 4594 1588 4654 eet
1613 4591 1697 4654 tolie

149 4692 385 4780 γόμεναψυχῷ,
944 4695 1067 4759 enimae
1082 4699 1328 4775 suggerentur.

193 4819 226 4864 v.
245 4801 296 4864 10.
320 4801 370 4864 11.
386 4797 470 4884 Ἐρῶ
490 4797 580 4885 Θεῷ·
602 4796 821 4884 Ἀντιληπτωρ
844 4819 904 4885 μου
992 4817 1023 4862 v.
1039 4801 1089 4878 10,
1109 4800 1159 4862 11.
1175 4799 1291 4864 Diuum
1305 4801 1389 4864 Deo:
1404 4797 1595 4864 demittatur
1609 4816 1699 4864 umus

148 4904 196 4970 εἰ·
212 4903 264 4969 διὰ
278 4901 309 4969 τί
325 4924 385 4988 μου
401 4901 574 4987 ἐπελάθους
590 4904 645 4969 καὶ
661 4905 712 4969 ἵνα
723 4902 754 4969 τί
765 4901 903 4989 σκυθρω-
946 4919 990 4968 σε.
1013 4903 1056 4967 Ut
1067 4901 1148 4984 quid
1159 4903 1224 4967 mei
1244 4901 1362 4968 obiitus
1377 4907 1434 4968 ee?
1455 4905 1503 4968 ut
1514 4919 1615 4985 quere
1638 4905 1698 4968 tri·

185 5050 509 5122 Pe.xn1,v.i.Vut.5.
944 5050 1005 5107 neti
1013 5047 1226 5121 qniGellendio
1236 5047 1339 5106 eedem
1347 5047 1455 5106 leviter
1464 5048 1699 5124 mntetepreesti·

186 5153 215 5196 v.
225 5137 266 5209 10,
277 5138 320 5195 11.
331 5138 397 5196 Vet
410 5139 453 5211 le,
463 5155 521 5212 quo
531 5139 741 5200 confirmentur
753 5137 900 5200 metue
945 5143 1053 5211 terunt,
1066 5142 1097 5196 et
1108 5135 1249 5196 nonnulle
1258 5136 1461 5196 Meurinorum
1477 5137 1511 5194 in
1525 5136 1591 5195 fine.
1608 5137 1699 5194 Plura
