3966 6108
764 457 808 524 IN
832 457 1076 528 Psorunsss

791 720 835 788 Is
856 723 1032 790 θενεαιιὶνικ

183 987 294 1052 Csrur
310 1003 333 1068 1,
348 1005 380 1051 v.
399 986 449 1052 10.
465 983 549 1052 Ἰδοὺ
571 983 757 1072 κατέστησά
779 1004 816 1050 os
831 983 888 1070 σθ-
977 991 1053 1052 css.
1069 1006 1092 1070 1,
1107 1006 1138 1052 v.
1162 987 1212 1053 10.
1223 987 1303 1057 Eros
1317 989 1472 1058 comtibus·
1482 997 1513 1059 te
1532 989 1624 1060 sose
1635 1011 1692 1060 ιιι·

141 1107 235 1174 μεμον
249 1084 300 1153 ἐπὶ
314 1087 389 1173 ἔθνη
406 1089 461 1154 καὶ
476 1090 528 1154 ἐπὶ
544 1087 715 1175 βασιλείας,
732 1087 886 1174 ἐκμέζουν,
927 1107 991 1173 μοι·
1002 1097 1112 1174 aemes
1126 1098 1158 1158 ct
1170 1110 1280 1176 νομαα,
1299 1091 1473 1178 cradicare,
1493 1098 1682 1180 εθαοοίῖσιε,

138 1195 194 1259 καὶ
209 1192 456 1275 κατασκάπτειν,
472 1194 529 1258 παι
552 1193 712 1276 ἀπολύειν,
731 1194 787 1258 καὶ
809 1193 891 1260 ἀνοι-
934 1199 966 1260 st
978 1191 1170 1278 disperdere,
1190 1202 1221 1262 st
1235 1195 1402 1282 edificare,
1425 1205 1458 1266 et
1470 1201 1636 1283 pleniore.
1698 1193 1721 1260 ἰ

138 1296 294 1382 κοδομιεῖν,
310 1296 365 1360 καὶ
379 1297 616 1382 καταφυτεύειν.

182 1401 291 1466 Ταῦτα
305 1403 367 1485 γὰρ
380 1403 440 1486 οθχ
454 1401 600 1486 ἱστόρητο
612 1401 683 1486 περὶ
694 1410 751 1466 τοῦ
762 1398 884 1487 πμοφή-
975 1401 1054 1474 Hoec
1073 1420 1153 1467 sene
1168 1421 1235 1468 non
1251 1406 1370 1470 retulit
1384 1407 1527 1472 historie
1541 1409 1582 1474 de
1593 1399 1683 1492 ‘pro-

137 1524 203 1590 του,
219 1503 267 1571 δτι
281 1503 343 1592 [οὐ]
358 1501 540 1591 egessisse
553 1501 724 1592 βασιλείαν,
737 1505 822 1570 ἀλλά
833 1525 887 1570 πε-
930 1505 1043 1587 pheta,
1059 1508 1220 1588 quoniam
1239 1526 1386 1588 regnum
1404 1529 1472 1576 non
1487 1513 1682 1595 eradicavit,

141 1612 172 1694 μὶ
196 1620 252 1676 τοῦ
275 1610 425 1695 Χριστοῦ,
448 1609 674 1695 ἐρριζώσαντος
697 1609 760 1674 ἀπὸ
781 1609 887 1693 πάσης
931 1610 990 1674 sed
998 1610 1039 1674 de
1047 1611 1190 1692 Christo,
1202 1614 1263 1693 qui
1274 1614 1317 1678 sb
1333 1617 1424 1678 omni
1436 1617 1551 1679 enims
1560 1617 1595 1680 in
1605 1637 1685 1682 eum

140 1715 247 1801 ψυχῆς
257 1713 465 1798 πιστευούσης
481 1713 566 1800 αὐτῷ
580 1716 639 1800 τὴν
655 1710 817 1800 βασιλείαν
830 1724 887 1779 τοῦ
931 1713 1088 1777 credente
1115 1716 1300 1780 eradicavit
1318 1735 1466 1797 regnum
1488 1721 1684 1803 adversarie

140 1815 372 1904 ἀντικειμένου·
386 1820 428 1883 τὰ
442 1817 477 1882 δέ
491 1818 561 1882 ἐκεῖ
576 1815 770 1903 κατέσκαψε,
787 1818 827 1882 τοὶ
843 1818 887 1883 oi·
932 1818 980 1882 ibi
1003 1835 1138 1900 quoque
1153 1815 1321 1885 destruxit
1336 1819 1478 1888 aedifioie
1495 1822 1638 1889 melitiae
1653 1830 1687 1889 et

140 1919 351 2008 κοδομήματα
364 1930 422 2006 τῆς
437 1919 553 1998 κακίας
568 1923 623 1986 καὶ
642 1930 702 1988 τῶν
719 1921 887 2007 μοχθηρῶν
931 1921 1162 2003 improborum
1183 1922 1383 2002 dogmatum
1401 1962 1440 1972 —
1456 1928 1533 1992 Vel:
1549 1933 1598 2009 tu,
1616 1930 1686 1993 Sel-

139 2025 316 2113 δογμάτων.
339 2064 381 2074 -
403 2019 467 2091 Ἢ·
492 2021 531 2091 Ὁ
554 2028 660 2111 σωτὴρ
683 2028 737 2090 καὶ
758 2026 886 2112 Κύριος,
930 2030 1027 2089 vetor
1040 2031 1074 2089 et
1085 2026 1286 2106 Domine,ee
1298 2027 1463 2112 disperde,
1477 2032 1564 2095 utin
1577 2034 1683 2098 nostri

140 2129 299 2195 ἀπόλυσον
322 2127 414 2212 αὐτὰ,
429 2129 512 2195 ἵν’ἐν
534 2139 578 2216 τῷ
600 2128 790 2216 τόπῳ-ἡμῶν
806 2132 887 2217 ἐκρι-
930 2129 1013 2208 Ιοοο,
1029 2129 1090 2211 qui
1113 2132 1324 2196 eradicemur
1346 2138 1381 2197 ei
1400 2136 1598 2216 evellemur,
1615 2155 1682 2202 me-

138 2232 297 2319 ζουμένων
312 2235 367 2297 καὶ
381 2231 702 2319 κατασκαπτομένων,
721 2231 887 2322 οἰκοδομή·
931 2234 1017 2298 liora
1028 2233 1173 2298 edifices
1184 2239 1219 2297 et
1230 2237 1374 2317 plantes.
1385 2271 1423 2282 -
1436 2238 1494 2301 Ait
1505 2255 1588 2318 ergo
1599 2242 1685 2305 Pau-

141 2359 182 2423 σῃ
195 2340 250 2404 καὶ
265 2336 487 2423 καταφυτεθσμ
503 2338 544 2401 τὰ
558 2332 731 2422 κρείττονα.
746 2372 784 2384 -
798 2337 887 2422 Φησὶ
930 2337 1002 2400 lus:
1021 2336 1098 2401 «Ut
1107 2339 1243 2419 sepiens
1258 2339 1473 2421 architectus,
1485 2339 1684 2408 fundamen·
1816 2381 1818 2390 =

138 2453 216 2530 γοῦν
230 2444 247 2509 δ
270 2442 415 2518 Παῦλος·
438 2441 480 2520 ὡς
495 2443 592 2527 σοφὸς
615 2440 808 2528 ἀρχιτέκτων
830 2441 886 2508 θε-
929 2442 1141 2523 tempusue,
1157 2441 1247 2524 quod
1262 2449 1314 2508 est
1324 2444 1478 2508 christus
1493 2448 1625 2512 Jesus...
1638 2452 1681 2514 A·

138 2549 246 2636 μέλιον
261 2547 381 2614 τέθεικε
397 2547 443 2631 [eg
457 2548 542 2612 ἐστιν
561 2546 698 2632 Χριστὸς
712 2543 884 2632 Ἰησοῦςλ..
929 2547 998 2610 lius
1020 2562 1100 2609 vero
1130 2548 1413 2629 superaedificat.»
1440 2551 1681 2635 Unusquisque

138 2653 236 2730 ἄλλος
250 2652 285 2716 δὲ
300 2651 509 2737 ἐποικοδομεῖ.
524 2645 685 2727 Ἕκαστος
696 2650 731 2714 δὲ
743 2649 884 2737 βλεπέτω
929 2649 1044 2714 videet
1067 2655 1184 2715 utrum
1200 2653 1344 2717 aediiioet
1358 2673 1460 2736 super
1474 2657 1542 2721 hoc*
1564 2650 1683 2721 fundo·

136 2767 203 2835 πῶς
222 2757 424 2842 ἐποικοδομεῖ
443 2755 508 2839 [ἐπὶ
529 2757 583 2820 τδν
604 2754 754 2842 θεμέλιον
776 2764 887 2822 τοῦτον
930 2759 1085 2819 mentum
1099 2761 1596 2842 «aurum,argentum‚1apides
1607 2780 1682 2844 pre-

136 2863 263 2947 χρυσδν,
280 2859 438 2946 ἀργύριον,
453 2854 558 2935 λίθους
569 2853 712 2945 τιμίους],
727 2860 782 2924 καὶ
799 2861 841 2924 τά
855 2859 886 2924 ἒ·
929 2859 1066 2940 tiosos»
1084 2865 1119 2924 et
1132 2878 1208 2942 quae
1220 2866 1416 2943 sequentur.
1429 2865 1583 2930 Christus
1600 2884 1683 2946 ergo

135 2965 264 3049 σόμενα.
283 2963 419 3049 Χριστὸς
440 2965 503 3049 γὰρ
518 2961 535 3026 ὁ
555 2961 704 3048 θεμέλιος
720 2962 775 3027 καὶ
789 2963 887 3049 ἀδμα-
929 2962 1188 3029 fundamentum
1207 2971 1304 3049 petre
1318 2972 1370 3031 est
1384 2973 1418 3032 et
1432 2969 1540 3033 solide
1555 2975 1590 3033 et
1603 2988 1682 3035 con-

135 3071 197 3156 γὴς
208 3071 264 3132 καὶ
278 3069 422 3144 ἀσειστος
435 3065 544 3149 πέτρα·
560 3065 762 3152 ἐποικοδομεῖ
779 3065 815 3132 δέ
838 3088 883 3145 τις
929 3069 1000 3132 cuti
1020 3071 1150 3133 nescis:
1168 3071 1323 3152 quisquis
1337 3085 1418 3136 vero
1433 3072 1543 3140 fidelis
1559 3093 1678 3158 super-

135 3170 268 3258 εθσεδὴς
290 3167 449 3236 πολιτείαν
465 3170 519 3234 καὶ
538 3168 694 3254 δόγματα,
710 3169 752 3246 ὡς
773 3168 884 3255 λέγεσ-
928 3171 1074 3236 edificet
1087 3173 1225 3237 vivendi
1237 3177 1271 3237 et
1285 3175 1442 3240 credendi
1458 3179 1625 3261 institute,
1642 3185 1681 3245 ut

134 3278 204 3344 θαι·
219 3274 303 3343 Θεοῦ
318 3275 469 3361 οἰκοδομὴ
485 3272 568 3339 έστὲ.
583 3274 633 3340 Τά
648 3272 773 3340 ἐναντία
784 3275 819 3340 δὲ
830 3276 883 3341 διὰ
928 3274 1077 3338 dicetur:
1101 3277 1193 3340 «Dei
1207 3277 1386 3344 aedificetio
1402 3283 1493 3345 estis.
1508 3303 1525 3342 s
1544 3286 1681 3348 contre-

133 3389 196 3447 τῶν
210 3379 301 3462 ἱερῶν
315 3379 576 3443 κατασκάπτεται
588 3376 699 3463 λόγων,
712 3379 730 3442 δ
741 3379 791 3443 δεῖ
798 3385 882 3463 πρῶ·
926 3377 978 3440 ris
992 3382 1107 3441 autem
1123 3381 1319 3447 evelluntur
1340 3402 1401 3466 per
1416 3403 1513 3449 soors
1533 3387 1679 3468 eloquis,

133 3505 189 3550 τον
209 3482 364 3570 γενέσθαι,
387 3482 442 3546 καὶ
463 3484 561 3559 οὕτως
585 3478 816 3568 οἰκοδομεῖσθαι
840 3484 882 3548 τὰ
926 3480 1017 3561 quod
1031 3483 1180 3563 primum
1203 3485 1278 3548 fieri
1293 3486 1405 3568 debet,
1419 3493 1453 3551 et
1467 3490 1517 3552 sic
1539 3491 1681 3554 meliors

133 3588 317 3674 κρείττονα·
340 3585 403 3675 ἐγὼ
418 3587 490 3671 γάρ,
514 3586 620 3671 φησιν,
640 3585 805 3652 ἀποκτενῶ
827 3587 882 3652 καὶ
926 3588 1174 3651 construentur.
1190 3589 1404 3673 «Egoenim,
1417 3594 1474 3674 sit,
1487 3595 1680 3661 occidsmet

135 3692 196 3776 ζῆν
211 3691 343 3776 ποιήσω.
926 3690 1043 3754 vivere
1062 3689 1226 3755 faciam.»
1654 3727 1655 3732 κ

180 3801 291 3862 Ossun
305 3811 391 3877 xvn,
406 3814 437 3860 ν.
453 3795 563 3860 21-26.
588 3794 637 3859 Te
652 3793 688 3859 δὲ
709 3791 796 3880 λέγει
817 3791 882 3860 Κύ-
971 3795 1048 3857 θεν.
1062 3783 1189 3875 xr11,v.
1203 3795 1313 3862 21-26.
1326 3797 1495 3866 Hecdicit
1509 3802 1680 3868 Dominus:

136 3920 220 3985 ριος·
243 3898 449 3965 Φυλάσοεσθε
464 3899 521 3975 τὰς
536 3897 641 3984 ψυχὰς
656 3897 751 3983 ὑμῶν,
767 3899 822 3962 καὶ
837 3898 881 3983 μὴ
930 3895 1092 3964 Oesstodite
1105 3900 1379 3984 ooimcsoestrcs,
1394 3904 1534 3972 sinclita
1541 3913 1677 3989 ,τισαίατο

136 4004 242 4088 αἴρετε
253 4002 464 4089 βαστάγματα
475 4003 508 4068 ἒν
524 4010 563 4087 τῇ
575 3999 680 4088 ἡμέρᾳ
691 4009 753 4066 τῶν
768 3999 886 4066 σαδδά·
921 4001 1067 4092 pondero
1090 4003 1129 4068 irs
1152 4004 1204 4069 dic
1224 4003 1357 4087 sabbati,
1375 4026 1476 4092 neque
1496 4012 1619 4079 essetis
1640 4031 1680 4079 se

136 4130 208 4192 των,
220 4108 274 4174 καὶ
287 4110 330 4195 μὴ
347 4105 555 4193 ἐκπορεύεσθε
567 4115 635 4184 ταῖς
647 4105 759 4185 πύλαις
771 4103 886 4191 Ἱερου-
921 4106 1031 4189 portis
1045 4109 1309 4176 Hierusalem...
1324 4113 1370 4178 st
1382 4115 1605 4198 ιἰιμιοάἱσαθιιν
1611 4134 1677 4200 per

171 4311 240 4386 Cep.
254 4328 274 4382 1,
286 4328 316 4370 ν.
329 4312 371 4367 10.
384 4309 452 4368 vas.
466 4310 537 4367 1154
554 4309 574 4366 f.
594 4309 884 4383 748.0f.1.00r.111‚
927 4323 968 4379 ιν,
982 4308 1024 4366 18.
1036 4307 1149 4368 Heberi
1160 4311 1210 4367 hio
1221 4311 1341 4370 videtur
1352 4314 1472 4388 elegans
1485 4317 1524 4375 sd
1537 4319 1680 4378 Ostechn-

135 4400 209 4456 9-12.
228 4400 387 4456 Deuteron.
409 4411 505 4469 xxm,
525 4396 569 4454 Βθ.
588 4398 732 4470 Origenes
750 4397 885 4455 eumdem
927 4411 1030 4450 menos
1047 4396 1216 4470 persenesie,
1248 4416 1313 4472 quse
1335 4401 1464 4460 incidere
1484 4411 1585 4478 potest
1602 4408 1681 4466 inter

135 4485 313 4542 versiculum
329 4483 436 4541 leviter
454 4489 484 4540 et
501 4483 589 4540 sliter
607 4483 717 4556 attigit,
734 4483 812 4541 horn.
825 4486 841 4541 l
854 4501 883 4539 n.
927 4481 1066 4538 homilias
1083 4499 1152 4542 xm
1169 4489 1199 4540 et
1217 4501 1314 4558 xvim
1332 4505 1390 4561 quo
1407 4489 1526 4562 quidem
1547 4493 1612 4550 loco
1630 4493 1680 4551 de·

135 4573 245 4642 1431100
255 4571 370 4642 mirum,
388 4571 527 4643 quonism
544 4576 592 4627 ter
604 4571 766 4628 Jeremism
777 4569 885 4626 fortes-
928 4567 1076 4625 sidentur
1085 4571 1233 4644 expositio
1243 4573 1414 4633 ultimorum
1423 4579 1529 4651 ospitis
1536 4596 1605 4640 xm
1614 4599 1679 4639 ver·

135 4675 176 4729 se,
194 4658 298 4714 utitor
309 4656 442 4732 profecto
451 4657 569 4727 Iseiom,
579 4656 750 4730 exposuisse
758 4655 884 4727 videtur,
929 4655 1095 4712 siculorum.
1108 4657 1219 4714 Notere
1231 4660 1324 4717 lector
1336 4663 1455 4720 studeat
1466 4681 1569 4724 vocem
1580 4673 1633 4723 τῶν
1647 4670 1680 4724 0'

134 4743 317 4803 videlicetin
332 4743 430 4813 tomis,
442 4743 474 4798 in
486 4742 606 4798 scholiis
619 4747 650 4799 et
661 4742 799 4798 homiliis.
813 4740 884 4798 eos
927 4742 1065 4814 Vulgeiae
1082 4743 1216 4816 ignotum
1239 4752 1325 4816 μάννα
1349 4749 1435 4823 (elias
1455 4755 1565 4826 μαναὰ),
1590 4771 1679 4827 quem

134 4833 238 4890 hebet:
263 4833 384 4901 Χρηῦτὸς
400 4833 453 4901 γὰρ
471 4834 487 4886 ὂ
504 4833 639 4900 &ulisse
658 4848 712 4887 neo
729 4829 806 4889 mels
823 4829 883 4886 for·
926 4827 1125 4904 Hieronymus
1135 4833 1268 4890 censoris
1281 4835 1367 4907 virge
1379 4837 1496 4909 attigit:
1515 4843 1530 4874 θ
1540 4841 1579 4896 Et
1589 4844 1677 4898 soori-

135 4925 224 4976 mffl,
927 4916 1029 4989 fioium,
1042 4933 1096 4990 pro
1107 4934 1166 4989 quo
1183 4935 1246 4979 nxx
1263 4919 1360 4994 ipsum
1371 4924 1494 4981 verbum
1508 4925 1678 4985 hebraseum

170 5006 240 5082 (μη),
258 5003 673 5074 1v11‚v,21.26.Vstic.1154
690 5003 712 5060 i.
723 5005 767 5061 80.
784 5005 885 5062 ottob.
930 5002 1272 5078 monoa‚quodpessime
1281 5010 1499 5080 consuetudine,
1507 5012 1677 5073 immoseri-

135 5093 188 5150 452
200 5091 221 5148 ι’.
240 5091 290 5148 161
303 5089 348 5147 cf.
367 5107 411 5163 ps.
430 5107 551 5160 xxxvu,
570 5089 602 5160 ὃς
619 5107 672 5158 xx,
683 5091 709 5147 4.
729 5108 762 5150 11.
774 5091 840 5148 (lor.
852 5110 882 5166 x,
926 5094 1045 5163 ptornm
1055 5089 1247 5164 negligentis,
1259 5095 1405 5155 mouscin
1416 5099 1527 5158 nostris
1539 5101 1675 5177 legitur„

135 5181 161 5236 5.
174 5177 224 5235 Ps.
239 5194 307 5249 oxu,
318 5178 345 5234 2.
363 5175 447 5234 Osnt.
461 5191 524 5249 vus,
536 5177 562 5232 5.
579 5176 687 5251 Ephss.
702 5193 730 5250 ν,
747 5179 792 5236 st.
804 5179 882 5238 Phil
927 5175 974 5234 Of.
986 5175 1078 5235 Field.
1093 5193 1125 5249 11,
1138 5178 1199 5235 619.
