4020 6098
820 425 862 486 IN
886 423 1073 488 PSALMOS

814 615 983 692 Psalmus
1010 615 1090 692 01⁷.

225 874 257 918 ν.
273 856 300 921 1.
310 853 568 943 Ἐξομολογεῐσθε
580 867 624 944 τῷ
635 857 752 943 Κυρίῳ,
764 859 811 923 δτι
826 879 925 944 χρησ-
1011 878 1043 923 ν.
1067 861 1095 922 1.
1123 857 1324 942 Ουιρΐίσιιιίιιί
1338 857 1484 936 Domino,
1503 855 1654 938 quonium
1670 855 1718 920 bo·

177 955 239 1036 τύς.
265 963 333 1028 Vut.
351 963 426 1045 693,
443 963 473 1027 2.
638 975 640 980 ’
973 979 1047 1026 αυτ.

218 1061 309 1130 Ἐπεί
324 1067 360 1129 τὸ
379 1064 492 1151 κυρίως
514 1065 768 1154 ἐξομολογεῖσθαι
786 1075 842 1131 τοῦ
866 1087 923 1151 μη·
1012 1066 1176 1141 Quoniam
1193 1083 1273 1128 vera
1289 1064 1452 1129 confessio
1478 1065 1571 1128 illius
1588 1069 1639 1127 est
1661 1065 1721 1146 qui

172 1165 242 1232 κέτι
255 1168 488 1255 ἁμαρτάνοντάς
504 1171 580 1254 ἔστι,
593 1171 645 1236 διὰ
659 1180 751 1236 τοῦτο
768 1168 809 1248 ὡς
827 1171 869 1254 μὴ
887 1169 921 1233 ά·
968 1171 1109 1233 minime
1125 1175 1251 1251 peooat,
1268 1170 1392 1234 ideireo
1408 1169 1472 1233 hoo
1487 1169 1629 1232 verbum
1645 1169 1720 1234 Coa-

173 1269 319 1336 κούουσιν
333 1268 408 1356 ἡμίν
430 1274 466 1336 τδ
487 1272 759 1359 ἐξομολογεῖσθαι·
782 1272 923 1358 ἁμαρτά·
957 1275 1105 1357 fitemini
1119 1274 1218 1338 nobis
1234 1279 1285 1338 est
1300 1274 1440 1356 perinde
1455 1291 1494 1336 ae
1506 1273 1629 1352 surdis,
1644 1291 1719 1354 peo-

173 1395 268 1460 νομεν
281 1376 343 1459 γὰρ
360 1375 594 1462 συνεχέστερον.
610 1373 747 1461 Λέγεται
762 1377 797 1441 τὸ
813 1375 920 1460 ἐξομο-
966 1397 1084 1444 τουτου
1099 1381 1189 1443 enim
1202 1380 1335 1460 saepius.
1345 1381 1477 1443 Dicitur
1488 1378 1718 1442 confitendum

174 1479 334 1566 inpetatur
355 1489 400 1567 τῷ
413 1481 521 1566 Κυρίῳ
540 1483 561 1569 η
584 1491 649 1560 τοϊς
672 1480 922 1568 άπογινύσκουσι
970 1499 1042 1546 esse
1065 1483 1218 1563 Domino,
1242 1487 1281 1546 ut
1311 1484 1366 1546 vel
1392 1482 1650 1564 desperantibus
1677 1482 1720 1545 ob

174 1583 227 1648 διὰ
240 1587 282 1650 τὰ
295 1585 400 1650 πολλὰ
420 1584 649 1672 ἡμαρτηκέναι,
672 1587 743 1671 περὶ
766 1584 921 1671 σωτηρίας
966 1590 1136 1668 permulta
1150 1591 1298 1669 peecata,
1314 1588 1386 1652 haeo
1401 1604 1462 1668 pro
1477 1588 1587 1650 salute
1603 1585 1717 1649 diosn-

174 1698 276 1755 ταῦτα
290 1689 426 1788 λέγεραι.
443 1689 524 1754 Eira
538 1690 667 1775 ἐπάγει·
967 1697 1033 1756 tur.
1053 1693 1181 1756 Deinde
1198 1693 1334 1774 pergit:

217 1813 249 1857 ν.
266 1795 296 1858 2.
309 1785 371 1902 T&
379 1787 513 1879 λαλήσει
524 1796 580 1871 τδις
591 1792 776 1872 δυναστείας
787 1802 843 1858 τοῦ
855 1791 919 1858 Κυ-
1011 1815 1042 1858 v.
1059 1798 1090 1860 2.
1117 1797 1196 1872 qais
1218 1797 1366 1878 loquetur
1380 1793 1545 1876 μοίαιιίίαυ
1566 1793 1721 1858 Domini?

174 1894 258 1981 ρίου;
273 1895 431 1974 άκουστδις
447 1895 570 1982 ποιήσει
592 1896 697 1974 πάσας
711 1898 769 1976 τάς
790 1895 923 1975 αἰνέοεις
969 1899 1218 1982 orrditmsactet
1232 1917 1339 1964 omnes
1353 1898 1465 1964 laudes
1480 1898 1575 1979 ejvs?

174 2001 288 2086 αὐτούς
1014 2005 1126 2086 HuJus
1139 2006 1203 2068 iooi
1216 2005 1439 2082 interrogatio
1451 2003 1539 2080 ίλιιίτ,
1555 1999 1721 2082 nonquod

219 2106 264 2173 Τὸ
280 2104 335 2184 Τίς
350 2105 495 2188 ἐνταῦθα,
512 2107 549 2171 ού
563 2111 599 2173 τὸ
614 2106 778 2188 άδύνατον,
790 2106 875 2172 άλλδι
886 2109 922 2172 τὸ
968 2109 1043 2172 fieri
1059 2111 1189 2190 nequit,
1205 2107 1263 2172 sed
1279 2109 1369 2189 quod
1383 2125 1499 2171 rarum
1516 2111 1576 2185 est,
1592 2121 1719 2183 sugge-

173 2209 304 2276 σπάνιον
319 2210 428 2296 δηλοῖ·
450 2213 516 2276 ἔστι
531 2211 558 2276 δ’
570 2212 622 2276 δτε
638 2214 691 2276 καὶ
714 2214 750 2275 τδ
765 2210 920 2276 ἀδύνατον
972 2215 1027 2278 rit.
1036 2214 1146 2276 Possit
1157 2214 1260 2276 etiam
1272 2210 1454 2293 aliquando
1465 2211 1636 2274 declarare
1649 2227 1720 2272 rem

173 2314 268 2400 δηλοῖ
287 2313 460 2401 σημαίνειν,
476 2314 519 2394 ὡς
533 2314 587 2381 τύ·
611 2314 679 2401 Τὴν
699 2318 812 2401 γενεὰν
827 2317 923 2381 αὐτοῦ
968 2316 1222 2397 impossibilem,
1240 2320 1280 2379 ut
1294 2316 1359 2379 ibi:
1386 2317 1672 2380 «Generationem
1688 2333 1721 2377 e·

172 2416 219 2496 τίς
231 2417 589 2504 διηγησεται;-Ὥοε1
601 2419 710 2506 έλεγε·
726 2418 781 2497 Τίς
792 2419 923 2486 δύναται
964 2418 1021 2501 jus
1045 2419 1122 2502 quis
1146 2419 1365 2483 enarrabitt»
1388 2453 1427 2464 —
1451 2421 1499 2482 Ao
1523 2419 1552 2482 si
1574 2418 1717 2483 dixerit:

174 2520 268 2600 ἀξίως
289 2524 347 2608 την
369 2522 528 2608 τοσαύτην
551 2521 735 2608 άγαθύιητα
749 2522 924 2609 διηγησαο-
968 2525 1049 2601 Quis
1065 2525 1168 2602 digne
1185 2541 1342 2588 enarrare
1357 2527 1467 2605 potest
1478 2525 1609 2585 tantam
1624 2521 1717 2584 beni·

174 2624 241 2710 θαί;
256 2624 399 2712 Ἑκάστη
422 2615 483 2712 γ’διρ
499 2626 608 2711 πρᾶξις
630 2637 686 2692 του
704 2626 824 2712 Κυρίου
841 2627 923 2695 αἰνέ-
967 2630 1160 2707 quitatem?
1183 2631 1401 2709 Unaquaeque
1417 2628 1508 2690 enim
1532 2625 1667 2689 Domini
1682 2643 1716 2687 a·

175 2751 254 2809 σεως
265 2725 470 2817 γέμει-Ἠ
485 2733 572 2818 τάχα
584 2731 681 2816 μὲναί
692 2732 872 2798 δυναστεῖαι
883 2735 924 2798 τὰ
967 2735 1034 2798 otio
1049 2734 1149 2797 laude
1171 2733 1347 2797 redundat.
1365 2732 1483 2796 -Vel
1503 2729 1588 2794 forte
1605 2734 1716 2810 potet-

171 2833 339 2920 δαυμάσια
350 2833 548 2920 περιέχουσι·
564 2837 604 2898 τά
616 2835 651 2900 δέ
662 2834 846 2920 χαρίσματα
860 2838 922 2900 τῶν
967 2838 1020 2903 tio
1034 2839 1210 2903 continent
1224 2837 1390 2918 prodigia,
1404 2837 1525 2913 gratie
1540 2839 1656 2896 autem
1669 2850 1721 2896 sa-

176 2937 317 3024 ίαμάτων
332 2939 388 3016 τύις
403 2938 536 3017 αἰνέοεις
555 2939 669 3004 αὐτοῦ·
692 2940 753 3004 δσα
767 2943 829 3025 γὰρ
845 2941 923 3026 ύπέρ
967 2944 1113 3007 nitatum
1135 2941 1251 3006 laudes
1268 2943 1361 3004 illius
1376 2943 1471 3004 sunt:
1496 2955 1720 3021 quaeoumque

173 3041 264 3128 φύσιν
280 3052 362 3108 ποιεῖ
381 3043 516 3130 δνητην,
532 3043 710 3109 δυναστεῖαι
725 3053 781 3110 τού
804 3041 923 3129 Κυρίου
968 3047 1060 3109 enim
1083 3063 1187 3126 supra
1208 3047 1385 3108 mortalem
1414 3048 1571 3107 naturam
1598 3041 1715 3120 efficit,

173 3143 259 3210 εἰσίν.
275 3143 366 3211 Ἀλλ’
379 3147 456 3228 έπεί,
480 3148 568 3232 φησί,
591 3149 627 3211 τὸ
650 3147 756 3233 ὑμνεῖν
778 3148 873 3214 αὐτὸν
889 3149 924 3213 ἀ·
968 3151 1105 3214 Domini
1121 3153 1203 3214 sunt
1218 3150 1388 3231 potentie.
1405 3150 1579 3225 Caeterum,
1593 3147 1715 3226 inquit,

172 3247 243 3328 ξίως
259 3252 318 3314 ούκ
333 3251 409 3334 έστι,
425 3251 540 3316 ἐκεῖνοι
556 3251 715 3336 μακάριοι,
732 3251 801 3318 ὅσοι
816 3252 855 3317 δι’
867 3254 922 3317 αύ-
971 3273 1078 3336 quum
1094 3257 1192 3319 ilium
1206 3255 1310 3333 digne
1322 3253 1490 3318 celebrare
1500 3270 1719 3334 nequeamus,

172 3355 226 3419 τὸν
239 3355 282 3418 τὰ
302 3363 360 3440 της
386 3353 585 3440 δικαιοσύνης
608 3357 688 3440 ἔργα
702 3356 920 3422 ἐπιτάττουσι·
970 3361 1061 3425 beati
1077 3362 1129 3424 illi
1142 3363 1232 3441 sunt,
1246 3363 1413 3440 quotquot
1423 3376 1482 3438 per
1499 3359 1610 3439 ipsum
1622 3356 1722 3435 justi-

172 3455 292 3543 γίνεται
311 3460 374 3544 γάρ
394 3458 512 3524 τούτων
535 3458 552 3523 ὁ
569 3457 634 3544 βίος
652 3461 747 3546 ύμνος
770 3470 814 3546 τῷ
830 3459 922 3547 Θεῷ·
967 3465 1024 3526 tiae
1040 3481 1145 3544 opera
1160 3462 1298 3526 iaciunt.
1315 3463 1470 3544 Hymnus
1484 3461 1574 3524 enim
1587 3455 1656 3522 Deo
1672 3465 1719 3522 ta-

172 3563 259 3626 ούτοι
272 3564 333 3647 γὰρ
350 3562 437 3650 μόνοι
453 3563 532 3642 άξιοι
542 3565 599 3639 τὰς
614 3563 797 3641 δυναστείας
813 3563 922 3631 λαλεῖν
971 3569 1055 3632 lium
1069 3569 1141 3630 vita
1153 3572 1214 3646 est,
1226 3565 1394 3648 siquidem
1406 3565 1441 3628 hi
1454 3566 1516 3628 soii
1530 3565 1628 3642 digni
1640 3570 1721 3628 sunt

172 3674 228 3731 τοῦ
243 3664 372 3750 Κυρίου,
395 3666 424 3731 οἱ
438 3665 538 3752 κρίσει
564 3667 668 3732 πάντα
683 3679 843 3747 ποιοῦντες
866 3673 921 3735 καὶ
966 3672 1133 3753 potentias
1155 3670 1290 3734 Domini
1306 3685 1474 3747 enarrare,
1490 3669 1549 3748 qui
1566 3684 1644 3730 eum
1663 3667 1719 3746 ju·

172 3769 417 3855 λελογισμένως·
439 3773 526 3837 ούτοι
539 3774 594 3836 καὶ
615 3774 743 3857 ποιηταί
766 3772 922 3838 δικαιοού-
966 3775 1053 3838 dioio
1070 3778 1104 3837 et
1114 3775 1244 3836 ratione
1260 3776 1385 3835 ounota
1399 3777 1593 3851 operantur.
1607 3771 1713 3833 Iidem

173 3894 231 3958 νης
247 3872 333 3940 εἰσίν.
966 3879 1069 3963 etiam
1085 3881 1166 3942 sunt
1176 3876 1321 3957 justitiae
1336 3874 1482 3957 opifices.

216 3998 248 4043 v.
263 3981 292 4043 3.
306 3975 465 4063 Μακάριοι
477 3979 505 4043 οἰ
516 3978 732 4063 φυλάσσοντες
743 3979 856 4066 κρίσιν,
868 3983 923 4045 καὶ
985 4019 990 4026 ·
1010 4001 1042 4045 ν.
1059 3984 1089 4044 3.
1105 3981 1201 4044 Beati
1223 3981 1281 4062 poi
1296 3978 1481 4046 cusiodiunt
1494 3977 1667 4060 jttdioium,
1686 3985 1717 4044 et
1748 4025 1754 4040 .

172 4089 333 4158 ποιοῦντες
348 4081 546 4165 δικαιοσύνην
562 4085 595 4148 ἐν
610 4086 702 4150 παντὶ
717 4094 825 4171 καιρῷ.
957 4087 1096 4170 sationi
1110 4086 1282 4166 sustitiam
1297 4085 1435 4149 inomni
1450 4088 1596 4164 tompore.

216 4183 287 4271 Ἐφ’
302 4183 441 4270 ἑκάστης
457 4186 572 4272 ἀρετῆς
587 4186 640 4251 τύ·
655 4187 689 4253 έν
704 4191 796 4253 παντί
811 4197 921 4274 καιρῷ,
1011 4193 1074 4255 Pro
1087 4207 1303 4271 quacumque
1318 4190 1444 4252 virtute
1456 4190 1519 4251 hoe
1535 4188 1715 4252 dicendum

173 4287 313 4369 λεκτέον,
328 4300 488 4367 ποιοῦντες
503 4293 561 4375 την
573 4291 788 4377 σωφροσύνην,
801 4304 924 4359 ποιοῦν·
966 4300 1018 4358 est
1031 4294 1069 4358 ιἰι
1083 4293 1170 4356 omni
1192 4297 1337 4373 tempore,
1361 4297 1537 4372 operantes
1560 4295 1717 4356 castimo-

174 4415 226 4472 τες
242 4390 397 4477 ἀνδρείαν,
420 4405 580 4472 ποιοῦντες
603 4394 741 4480 ἀγάπην,
767 4396 921 4482 μακροθυ-
966 4400 1069 4478 niam,
1085 4401 1262 4478 operantes
1278 4395 1520 4475 fortitudinem,
1537 4402 1715 4477 operantes

178 4495 252 4584 μίαν
263 4497 296 4562 έν
308 4500 399 4563 παντί
414 4507 523 4584 καιρῷ,
536 4500 590 4564 καί
602 4499 654 4564 έπί
665 4508 727 4566 τῶν
743 4499 848 4566 ἄλλων
864 4499 923 4567 tin·
966 4502 1178 4578 charitatem,
1191 4499 1487 4577 longanimitatem
1495 4499 1531 4562 ιἰι
1542 4499 1629 4562 omni
1639 4504 1715 4564 ίοιιι·

174 4600 286 4677 αύτως.
668 4669 670 4678 ,
959 4621 1050 4689 pore,
1069 4608 1102 4667 et
1117 4603 1157 4666 de
1172 4603 1302 4666 oaeteris
1318 4603 1486 4666 similiter.

216 4727 248 4771 v.
265 4709 295 4772 5.
313 4704 378 4772 Τοῦ
393 4705 585 4772 ἐπαινεῖσθαι
601 4709 681 4792 μετά
696 4716 753 4794 της
768 4709 921 4795 κληρονο-
1009 4727 1041 4770 ν.
1070 4708 1099 4769 5.
1125 4704 1178 4769 Ad
1203 4704 1401 4771 ἰαιαάιιιύααι
1430 4722 1502 4771 mom
1530 4704 1716 4772 hereditate

175 4806 250 4897 μίας
264 4831 331 4875 σου.
970 4817 1037 4876 too.

208 4924 258 5012 Ps.
272 4973 318 5028 ον,
330 4974 359 5012 ν.
373 4957 397 5013 1.
412 4957 478 5013 Vat.
490 4957 516 5012 4.
1000 4974 1028 5028 ν,
1041 4955 1066 5012 5.
1080 4956 1148 5014 Vat.
1163 4956 1187 5011 ύ.
1201 4955 1249 5011 Ριι.
1264 4955 1460 5025 xxx111,3.1n
1472 4955 1530 5012 fine
1543 4956 1605 5014 eod.
1618 4961 1678 5014 κατ’
1688 4960 1714 5011 1-

207 5059 235 5098 ν.
248 5042 275 5098 2.
288 5042 355 5099 Vat.
368 5043 394 5111 4,
408 5043 433 5098 5.
447 5043 486 5098 Is.
500 5045 604 5113 n111,8.
966 5050 1076 5100 πίνοιαν.

208 5149 236 5186 v.
249 5129 274 5184 3.
289 5129 355 5187 Κατ.
370 5130 395 5184 5.
