4008 6094
292 442 333 502 38
914 443 1125 506 ORIGENES

285 579 396 659 πάζων
415 582 589 669 πορεύομαι
611 583 645 648 ἐν
668 591 711 668 τῷ
734 581 888 668 ἐκθλίβειν
910 584 964 647 τόν
986 581 1038 666 ἐχ·
1081 585 1144 647 ctis
1166 585 1274 649 incedo
1295 585 1399 662 culco,
1425 584 1501 647 dum
1523 583 1642 666 offlipit
1667 583 1831 647 introiens.

287 683 370 769 θρόν;
388 725 428 734 -
446 686 501 751 Ἐν
516 695 561 772 τῷ
584 686 802 752 καταθλᾶσθαι
817 688 859 751 τά
872 687 951 749 όστᾶ
967 706 1036 770 μου,
1085 723 1123 732 -
1152 689 1231 752 Cum
1253 687 1541 772 consriupeboutur
1569 703 1642 751 osso
1667 695 1747 766 croc,
1773 687 1833 750 int

286 788 444 869 ὠνείδιζόν
460 812 498 876 με
509 792 541 856 οἱ
555 789 662 877 ἐχθροί
673 812 743 876 μου,
759 791 792 855 ἐν
807 799 852 876 τῷ
865 787 969 874 λέγειν
984 789 1037 853 uo
1073 791 1291 873 properabant
1318 792 1401 856 midi
1428 792 1557 856 inimici
1585 793 1667 854 mci:
1690 809 1762 856 υκαι
1783 791 1832 855 di·

285 894 357 971 τούς
374 916 425 980 μοι
440 895 514 962 καθ’
529 895 669 980 ἑκάστην
680 892 820 981 ἡμέραν·
835 893 904 960 Ποῦ
919 893 1036 960 ἐστινὸ
1080 901 1186 962 errent
1206 897 1272 978 τ’ρντ·
1292 896 1376 960 midi
1397 896 1556 978 quotidie:
1585 891 1646 960 Ubi
1667 902 1716 960 ert
1740 898 1829 961 Doro

289 995 368 1076 Θεός
385 1020 452 1064 σου.
1081 1004 1185 1064 teos?

330 1099 400 1187 Οὐχ
417 1103 538 1188 ὁρῶμεν
554 1103 589 1168 δὲ
605 1103 720 1181 πάντες
736 1111 801 1180 πῶς
817 1102 930 1168 ἐλεεῖύ
946 1100 1036 1179 Θεός.
1125 1106 1198 1167 Non
1213 1105 1368 1168 videmus
1384 1122 1500 1168 omnes
1512 1122 1572 1168 nos
1585 1103 1751 1186 quomodo
1768 1106 1829 1167 mi-

290 1203 365 1269 Καὶ·
383 1206 537 1289 πολλάκις
560 1211 638 1293 πρὸς
660 1209 701 1271 τόι
725 1207 799 1271 κατ’
823 1205 1039 1292 ἐλεημοσύνην
1082 1213 1234 1271 serentur
1248 1209 1348 1272 Deus.
1366 1210 1453 1284 Quin
1473 1211 1576 1272 etism
1599 1224 1829 1288 sepenumero

288 1310 385 1374 αὐτοῦ
397 1310 556 1396 γινόμενα,
569 1320 612 1396 τῷ
625 1310 853 1393 ἐπίποναείνοιι,
866 1312 926 1395 οὐχ
936 1308 1038 1394 ἡδέως
1082 1313 1117 1375 in
1140 1313 1182 1375 iis
1205 1331 1281 1394 quae
1303 1329 1346 1404 ex
1368 1312 1599 1376 misericordia
1621 1311 1695 1392 ejus
1715 1329 1832 1393 prove-

289 1413 427 1497 ἔχοντες,
444 1415 517 1479 οὐδὲ
532 1415 621 1480 ἐλεον
637 1416 716 1480 εἶναι
731 1414 907 1504 νομίζομεν.
921 1413 973 1481 Διό
988 1414 1039 1479 λέ-
1083 1416 1193 1495 niunt,
1210 1435 1252 1478 ex
1267 1433 1308 1479 eo
1322 1417 1413 1498 quod
1427 1417 1570 1480 moleste
1580 1421 1671 1495 sunt,
1688 1433 1728 1478 ea
1739 1433 1830 1494 aegre

285 1539 394 1603 γορεν·
406 1517 464 1584 Δια
474 1518 504 1583 τί
520 1541 579 1605 μου
591 1519 763 1604 ἐπελάθου;
776 1519 813 1584 Ὁ
826 1519 861 1584 δὲ
872 1517 1039 1604 διειληφὼς
1082 1519 1238 1599 ferentes,
1254 1538 1296 1583 ne
1313 1521 1450 1602 quidem
1474 1537 1546 1583 esse
1566 1513 1832 1583 misericordiam

284 1621 332 1686 ὅτι
347 1631 410 1688 πᾶν
425 1625 442 1687 ό
458 1623 570 1709 ἐπάγει
585 1625 602 1688 ό
617 1622 698 1700 Θεὸς
721 1623 940 1709 συμφερόντως
959 1623 1036 1689 ἐπά·
1081 1626 1326 1712 existimamus.
1340 1624 1682 1704 Proptereodicimus:
1701 1623 1834 1705 thuid

283 1746 343 1810 γει,
360 1727 450 1792 οὐδὲν
470 1727 536 1812 ἐρεῖ
555 1739 705 1810 τοιοῦτον,
723 1729 821 1810 εἰδὼς,
839 1729 886 1792 ότι
900 1730 959 1814 τὴν
983 1751 1035 1814 με·
1078 1729 1334 1795 unicorpores?
1345 1731 1389 1791 At
1400 1729 1458 1809 qui
1470 1729 1622 1808 percipit,
1635 1728 1717 1809 quia
1729 1745 1827 1790 omne

284 1829 412 1896 τάνοιαν
439 1835 535 1896 αύτοῦ
551 1835 676 1897 καὶτὸν
702 1832 792 1898 ἔλεον
818 1825 1036 1918 πραγματευό-
1081 1834 1171 1916 quod
1186 1833 1317 1897 inducit
1338 1833 1513 1911 Dominus,
1530 1832 1660 1895 utiliter
1686 1831 1827 1910 inducit,

283 1929 377 2018 ’μενος
394 1935 411 1998 ό
427 1935 518 2018 Θεὸς,
542 1945 635 2001 τοῦτο
655 1947 747 2002 ποιεῖ.
762 1936 855 2003 Ἀλλ’
869 1939 946 2022 ὅπερ
969 1938 1037 2004 ἐλέ-
1079 1940 1166 2003 nihil
1189 1941 1256 2002 tole
1272 1939 1371 2017 dicet,
1386 1940 1496 2002 sciens
1518 1939 1625 2000 Deum
1645 1936 1694 1999 ita
1717 1952 1829 2014 agere,

283 2061 391 2125 γορεν,
408 2040 680 2126 όμεταγινὼσκων
693 2041 770 2119 λαός
782 2041 969 2107 πυνθάνεται
981 2052 1035 2107 τοῦ
1080 2044 1161 2122 quia
1179 2043 1389 2124 poenitentiae
1410 2041 1514 2105 simul
1535 2045 1569 2103 et
1590 2039 1829 2104 misericordior

287 2141 370 2209 Θεοῦ
382 2143 434 2208 διά
445 2142 474 2208 τί
485 2147 580 2209 αυτόν
592 2145 859 2230 ἐγκαταλέλοιπεν
874 2149 973 2224 οὕτως
985 2149 1036 2213 ἐκ·
1079 2149 1182 2228 probe
1194 2148 1350 2211 consulit.
1362 2145 1426 2209 Sed
1438 2144 1528 2226 quod
1539 2144 1744 2224 dicebamus,
1756 2145 1830 2206 vul·

283 2241 465 2333 θλίύόμενον
480 2249 534 2313 καὶ
550 2248 827 2333 σκυθρωπάζοντα.
842 2250 984 2316 -Πάνυ
1000 2251 1036 2314 δέ
1079 2271 1146 2331 gus
1161 2271 1259 2318 secus
1274 2253 1482 2330 intelligens,
1498 2250 1725 2314 sciscitatore
1746 2252 1827 2327 Deo,

282 2349 378 2415 λυπεῖ
390 2353 443 2415 τόν
459 2352 579 2417 δίκαιον
595 2355 630 2417 τό
647 2353 724 2436 Ποῦ,
742 2353 793 2418 ἐπί
808 2353 892 2420 Θεοῦ
906 2354 1035 2441 λεγόμε-
1078 2376 1139 2422 cur
1162 2359 1273 2438 ipsum
1297 2355 1474 2437 reliquerit
1495 2354 1577 2417 adeo
1600 2353 1764 2417 afflictum
1786 2367 1825 2418 oc

284 2475 348 2538 νον,
365 2456 442 2540 ὅπερ
458 2457 524 2522 ἐστὶ
547 2461 739 2542 σημαντικόν
754 2458 862 2523 τόπου.
884 2459 952 2543 Της
973 2463 1036 2545 γάρ
1079 2462 1218 2526 tristitie
1230 2461 1399 2524 obrutum.
1411 2457 1649 2522 -Admodum
1659 2475 1740 2520 vcro
1751 2475 1828 2522 con·

288 2557 429 2644 ἐσχάτης
452 2559 561 2638 ἀνοίας
579 2565 616 2627 τό
639 2563 672 2627 ἐν
690 2561 776 2646 τόπῳ
799 2563 934 2649 νομίζειν
957 2567 1036 2630 εἶναι
1079 2568 1195 2630 tristet
1208 2568 1347 2629 rustum
1371 2563 1466 2642 illud,
1482 2561 1538 2625 obi
1551 2565 1624 2626 est?
1646 2560 1775 2624 dictum
1789 2562 1830 2625 de

280 2655 457 2730 τόνΘεόν·
481 2665 567 2750 ὄγκῳ
589 2667 651 2750 γὰρ
668 2665 892 2752 συνυφίσταται
914 2667 1027 2747 τόπος·
1079 2673 1159 2750 Deo,
1175 2670 1266 2751 quod
1281 2670 1394 2732 locum
1406 2667 1529 2730 innuit.
1546 2667 1606 2728 Est
1617 2666 1708 2728 enim
1721 2670 1828 2728 extre-

286 2768 384 2853 όγκου
400 2768 485 2835 δὲτὸ
501 2766 594 2836 Θεῖον
609 2769 782 2854 ἐλεύθερον.
1080 2795 1144 2840 mue
1156 2775 1335 2838 dementior
1351 2772 1509 2836 arbitrari
1525 2772 1633 2834 Deum
1645 2787 1717 2833 esse
1733 2771 1769 2832 in
1780 2771 1826 2833 lo-

1077 2897 1126 2944 co.
1143 2876 1374 2959 Amplitudine
1390 2877 1481 2939 enim
1505 2877 1599 2939 locus
1618 2878 1760 2938 constat.
1785 2877 1828 2938 At

1076 2986 1167 3048 Deus
1183 2983 1418 3064 amplitudinis
1433 2999 1553 3062 expers
1569 2987 1629 3045 est.
1669 2991 1671 2996 ’

285 3121 370 3177 addit
382 3122 564 3194 Gallandius‚
577 3141 642 3196 quse
655 3141 744 3196 quum
756 3126 821 3198 ipse
833 3128 987 3197 agnoverit
1000 3146 1035 3184 ea
1077 3128 1185 3183 iterum
1197 3144 1303 3182 nomen
1313 3126 1450 3198 Origcnis
1459 3143 1519 3198 prae
1529 3143 1561 3181 se
1571 3125 1678 3196 ferunt,
1689 3133 1720 3183 ot
1732 3127 1828 3182 dicen-

284 3208 395 3280 Cyrillo
408 3209 507 3280 tribui,
521 3211 638 3281 retinet,
650 3216 685 3266 ut
697 3229 762 3282 queo
772 3212 867 3283 magis
877 3213 1035 3284 Origenem
1078 3215 1109 3270 di
1123 3215 1187 3287 ejus
1205 3215 1350 3270 rationem
1359 3231 1394 3268 so
1404 3213 1574 3286 disputandi
1586 3213 1739 3271 verissimo
1749 3215 1831 3270 exhi·

280 3296 407 3367 sapiunt.
422 3295 579 3369 Superiora
597 3304 713 3355 tentum
731 3300 809 3372 apud
827 3318 881 3354 nos
895 3301 986 3356 semol
1003 3308 1034 3356 et
1077 3301 1156 3358 bont.

888 3498 1057 3573 Fecimus
1083 3495 1222 3573 XLII.

330 3726 362 3770 v.
379 3708 410 3771 2.
426 3703 499 3772 Ὀτι
513 3709 552 3771 σὺ
569 3707 605 3790 εί,
622 3707 639 3772 ὁ
656 3708 747 3791 Θεός,
763 3707 950 3794 κραταίωμά
967 3729 1037 3794 μου,
1126 3729 1157 3773 v.
1174 3711 1204 3775 2.
1233 3692 1314 3788 ocia
1330 3715 1367 3774 tu
1387 3728 1430 3790 er,
1451 3713 1548 3792 Deus,
1558 3711 1725 3794 fortitudo
1742 3727 1832 3789 uteo,-

224 3851 228 3860 ·
287 3812 339 3875 ἵνα
355 3810 385 3874 τί
397 3809 515 3876 ἀπύσω
537 3833 592 3897 με;
609 3814 663 3876 καί
678 3814 730 3877 ἵνα
752 3811 782 3876 τί
805 3811 1038 3896 σκυθρωπάζων
1082 3831 1182 3896 quare
1204 3833 1253 3879 me
1270 3816 1448 3896 repulisti?
1466 3817 1828 3893 (trucemtrucem,

287 3915 461 3999 πορεύομαι
476 3915 509 3981 ἐν
524 3925 567 4000 τῷ
584 3914 737 4020 ἐκύλίύειν
751 3919 806 3982 τόν
821 3915 935 4002 ἐχθρόν
958 3937 1036 4002 ρους
1081 3919 1157 3982 dum
1171 3919 1291 4002 rfflipit
1304 3938 1353 3983 mc
1367 3921 1544 3985 inimicus?

293 4020 482 4084 Vaenooo
512 4023 540 4083 1.

322 4068 565 4207 Σκυθρωπάζων
590 4125 757 4209 πορεύεται
782 4125 800 4188 ό
827 4125 951 4210 Σωτὴρ,
976 4127 1029 4190 ότε
1124 4128 1244 4192 Tristis
1271 4130 1397 4192 incedit
1423 4131 1585 4207 Salvator,
1609 4129 1754 4210 quando,
1778 4146 1828 4191 es-

281 4225 475 4310 παραλαῦὼν
506 4226 626 4312 Πέτρον
651 4231 706 4293 καὶ
733 4231 806 4307 τούς
834 4229 919 4307 υἱοὺς
942 4229 1034 4296 Zeis·
1078 4239 1213 4313 sumpto
1222 4235 1321 4297 Petro
1329 4253 1406 4296 cum
1420 4233 1500 4298 filiis
1513 4233 1674 4313 Zebedaei,
1687 4232 1829 4298 dicebat:

281 4327 381 4412 δαίου,
400 4328 510 4416 ἔλεγε·
534 4330 710 4416 Περίλυπός
725 4332 808 4398 ἐστιν
824 4333 844 4418 ἡ
870 4333 957 4420 ψυχή
975 4356 1034 4420 μου
1081 4337 1233 4400 «Tristis
1248 4343 1299 4400 est
1314 4340 1427 4400 anima
1450 4357 1526 4402 men
1544 4356 1652 4419 usque
1675 4339 1717 4401 ud
1741 4356 1827 4402 mor·

281 4431 342 4510 ἐως
357 4433 503 4500 θανάτου.
1080 4447 1159 4504 tem.
1175 4463 1191 4499 υ

290 4569 293 4574 ¹
314 4610 363 4666 Ps.
386 4629 461 4683 xurr,
483 4632 511 4671 v.
529 4615 555 4670 2.
574 4615 609 4670 ln
627 4615 1034 4688 penurincodd.nostrorun1
1078 4619 1159 4676 derio
1181 4618 1319 4693 recipere,
1337 4619 1415 4692 quod
1438 4621 1566 4688 omisere
1579 4621 1638 4676 BB.
1657 4572 1700 4677 Θί.
1724 4621 1830 4678 Mettis.

280 4697 358 4752 circe
370 4697 425 4754 hos
437 4701 566 4772 psalmos
584 4701 672 4758 licent
690 4701 746 4757 hoo
765 4701 909 4762 scholium
927 4722 944 4759 ιι
963 4704 1032 4760 Cor·
1078 4723 1164 4776 xxvi,
1177 4707 1220 4775 38,
1233 4706 1323 4761 Marc.
1338 4708 1481 4814 “¹334
