4008 6094
305 413 347 478 20
965 417 1175 484 ORIGENES

305 553 426 639 θρωπος
442 551 486 631 τις
502 575 540 640 με
556 552 682 638 ῥύσεται
703 543 810 618 turco
834 552 977 640 σώματος
996 567 1050 622 τοῦ
1097 559 1178 623 felix
1212 577 1275 639 ego
1305 561 1413 641 homo,
1445 563 1521 642 quis
1552 577 1605 623 me
1635 559 1791 625 liberabit
1819 578 1840 623 a

305 657 440 724 θανάτου
462 657 590 741 τούτου;
612 652 756 742 Ἥμαρτε
774 657 846 742 γὰρ,
870 659 922 722 ὅτε
943 658 1053 725 ἐδίωκε
1095 678 1231 744 corpore
1253 665 1371 727 mortis
1389 663 1544 744 nujust»
1566 666 1721 728 Peccavit
1735 667 1839 743 enim,

304 763 362 847 την
387 759 561 846 ἐκκλησίαν
586 768 641 825 τοῦ
668 759 760 828 Θεοῦ.
785 760 1052 847 Ἐτοιλαιπώρησα
1096 784 1202 846 quum
1235 773 1431 849 persecutus
1467 771 1518 831 est
1549 768 1734 832 Ecclesiam
1767 769 1839 831 Dei.

242 860 245 868 ’
305 867 369 946 οὖν,
386 867 440 930 καὶ
454 866 525 950 οὐχὶ
539 866 585 929 ἔτι
598 863 796 950 ταλαιπωρῶ,
820 863 862 942 ὡς
879 866 991 951 μηκέτι
1006 867 1049 932 ὢν
1099 871 1375 958 «Calamitotibus
1394 872 1535 956 afflictus
1559 889 1652 950 stom,
1677 888 1739 934 nec
1765 870 1838 951 jam

304 969 338 1034 ἐν
364 980 431 1046 ταῖς
453 964 638 1056 ἁμαρτίαις·
661 969 689 1033 τι
712 969 739 1033 δ’
762 970 892 1055 ἔπειμι
920 970 954 1035 ἐν
983 981 1050 1048 ταῖς
1096 974 1242 1055 amplius
1263 974 1438 1055 affligens
1463 981 1503 1038 ut
1525 977 1585 1056 qui
1602 991 1669 1038 non
1681 974 1752 1054 Jam
1768 979 1841 1037 crat

304 1073 478 1160 ἁμαρτίαις,
495 1075 540 1138 ἔτι
553 1073 751 1157 ταλαιπωρω.
767 1073 845 1138 Ἐὰν
860 1074 895 1138 δὲ
909 1075 977 1158 apg
998 1077 1051 1141 τὸν
1097 1079 1132 1140 ιιι
1155 1079 1309 1158 peccatis.
1333 1081 1367 1144 Si
1389 1081 1499 1143 adhuc
1526 1098 1602 1143 sum
1626 1080 1661 1141 in
1684 1079 1840 1160 peccatis,

304 1176 512 1263 ἡμαρτηκότα
539 1180 581 1265 μη
608 1177 777 1262 δυνάμενον
803 1175 978 1263 ἀναὸλέψαι
1008 1180 1051 1256 εἰς
1096 1181 1206 1245 adhuc
1229 1183 1330 1246 miser
1351 1201 1438 1246 sum.
1465 1183 1528 1248 Sed
1550 1185 1580 1246 si
1606 1183 1731 1245 videris
1759 1197 1837 1244 cum

305 1283 445 1366 οὐρανὸν,
470 1283 550 1368 μηδὲ
569 1284 684 1367 έχοντα
706 1279 884 1368 παρρησίαν
906 1282 1052 1362 εὔξασθαι
1096 1285 1155 1365 qui
1181 1287 1342 1366 peccavit,
1370 1303 1437 1349 non
1467 1287 1690 1350 sustinentem
1719 1286 1836 1348 tollere

306 1394 349 1471 τῷ
376 1385 456 1472 Θεῷ,
480 1384 564 1451 ἀλλὰ
585 1383 802 1471 σογκιιπτοντα
823 1388 859 1450 τι
884 1385 1052 1471 πρόσωπον
1096 1390 1210 1451 oculos
1238 1388 1281 1452 ad
1310 1390 1443 1469 coelum,
1473 1406 1583 1471 neque
1616 1387 1839 1452 confidentem

305 1489 356 1554 ἐπι
371 1491 429 1576 την
444 1498 514 1575 γῆν,
538 1490 575 1553 οὐ
597 1487 691 1575 μόνον
712 1498 767 1554 τοῦ
791 1487 944 1575 σώματος,
968 1488 1052 1555 ἀλλὰ
1097 1507 1234 1555 exorare
1249 1493 1367 1573 Deum,
1384 1494 1442 1556 sed
1458 1494 1690 1557 demittentem
1705 1494 1840 1556 vultum

304 1596 408 1659 καὶτὸ
425 1602 482 1679 της
498 1594 613 1679 ψυχῆς,
632 1594 687 1656 και
709 1591 751 1669 ὡς
773 1591 881 1676 ιιρίιιον
902 1595 956 1657 τὸν
978 1593 1051 1677 τρὰ-
1096 1596 1132 1658 in
1155 1600 1289 1674 terram,
1314 1613 1380 1658 non
1408 1598 1543 1660 vultum
1569 1596 1746 1659 dumtaxat
1771 1613 1841 1660 cor·

304 1697 406 1784 χηλον
432 1698 527 1763 αὑτοῦ
554 1706 712 1778 ποιοῦντα,
743 1696 815 1780 ὄψει
839 1699 908 1762 τινὰ
937 1695 1051 1780 τρόπον
1069 1781 1073 1788 Ι
1094 1700 1195 1781 poris,
1216 1700 1276 1763 sed
1298 1703 1332 1762 et
1357 1701 1488 1779 anima,
1516 1705 1550 1762 et
1575 1700 1683 1762 veluti
1709 1700 1838 1763 circulo

304 1801 398 1888 λέγει,
429 1800 696 1888 κατακαμρθηναι
717 1803 776 1877 ἕως
805 1798 920 1878 τέλους.
950 1799 990 1866 m
1015 1800 1050 1865 δέ
1095 1806 1273 1865 curvatum
1295 1804 1421 1866 collum
1443 1821 1544 1867 suum
1559 1802 1771 1883 adigendam,
1790 1805 1840 1866 in·

302 1905 408 1983 θέλεις
420 1906 619 1991 παράδειγμα
631 1914 686 1968 τοῦ
703 1901 984 1989 κατακεκαμμὲνου
999 1903 1051 1970 διὰ
1095 1906 1229 1984 telliges
1244 1909 1284 1969 ιιι
1299 1922 1446 1986 ηιιοιιιιιιι
1461 1905 1558 1969 modo
1573 1906 1664 1970 dicat
1677 1925 1713 1970 se
1727 1923 1840 1974 σαντα

302 2012 359 2087 τὰς
382 2010 459 2088 ιδίας
482 2004 647 2094 ἁμαρτιας,
670 2010 725 2072 και
747 2009 805 2094 την
827 2006 1050 2093 ἐξομολόγησιν
1095 2012 1252 2074 tamesae
1276 2025 1377 2090 aeque
1404 2009 1566 2091 infidam.
1595 2011 1628 2074 Si
1651 2010 1734 2091 quid
1759 2026 1839 2073 vero

302 2115 361 2199 τὴν
376 2115 446 2197 περι
460 2114 518 2198 την
534 2111 699 2197 ἁμαρτίαν,
710 2113 757 2176 ἴδε
770 2133 822 2195 μοι
835 2113 889 2175 τὸν
900 2110 1048 2195 τελώνην,
1095 2113 1147 2176 vis
1174 2115 1347 2194 exemplar
1375 2112 1477 2193 hujus
1504 2115 1580 2193 viri,
1607 2131 1712 2194 prono
1740 2115 1840 2176 vultu

303 2221 357 2282 τὸν
371 2218 405 2282 ἐν
420 2225 463 2303 τῷ
479 2213 673 2301 Εὐαγγελιῳ,
695 2213 736 2292 ὡς
752 2214 814 2278 ἀπὸ
837 2214 961 2299 μακρὰν
977 2235 1049 2277 στα-
1094 2217 1216 2280 stantis
1238 2218 1280 2281 ob
1307 2218 1445 2298 propria
1476 2223 1623 2298 peecata,
1646 2221 1680 2280 et
1705 2222 1841 2300 propter

305 2321 384 2405 θεὶς,
401 2323 459 2386 οὐκ
474 2318 579 2385 ἔθελεν
595 2320 667 2395 τοὺς
685 2316 864 2402 ὀφθαλμοὺς
878 2317 992 2401 ἐπᾶραι
1007 2317 1049 2394 εἰς
1094 2319 1336 2383 contessionem
1360 2337 1437 2400 quae
1460 2321 1501 2384 de
1524 2325 1659 2402 peccato
1675 2320 1724 2402 fit,
1740 2339 1839 2384 cerne

307 2426 447 2510 οὐρανὸν,
464 2425 519 2487 και
533 2423 654 2488 τύπτων
669 2421 782 2487 ἑαυτοῦ
793 2423 828 2485 τὸ
844 2420 967 2505 στηθος,
982 2419 1049 2486 έλε-
1095 2422 1179 2485 ιιιιιιι
1212 2423 1432 2506 μιιιιιιοιιιιιιιιι
1472 2425 1507 2486 ιιι
1534 2426 1732 2505 Evangelio,
1759 2441 1840 2505 quo-

306 2549 361 2614 γεν
375 2550 383 2566 ·
397 2525 558 2611 Ἱλὰσθητί
580 2547 632 2612 μοι
654 2534 697 2612 τῷ
719 2523 903 2611 ἁμαρτωλῷ.
921 2524 1050 2609 Ἐκείνηι
1093 2526 1191 2590 modo
1216 2526 1378 2605 «alonge
1400 2533 1503 2608 stans,
1526 2531 1631 2592 nollet
1657 2532 1771 2592 oculos
1798 2530 1833 2591 in

305 2633 366 2716 γὰρ
395 2627 507 2714 πρέπει
528 2630 642 2694 εἰπεῖν·
664 2627 901 2715 Κατεκάμιρθην
923 2631 981 2705 ἕως
1001 2628 1049 2693 τέ·
1094 2633 1217 2696 coelum
1246 2633 1409 2712 attollere,
1437 2637 1470 2696 et
1497 2635 1691 2713 percutiens
1720 2637 1837 2715 pectus

306 2735 389 2818 λους,
410 2734 487 2819 ὅλην
502 2736 560 2819 την
581 2732 702 2819 ἡμέραν
724 2732 956 2818 σκυθρωπάζων
977 2732 1049 2797 ἐπο-
1093 2753 1204 2816 suum,
1216 2735 1354 2801 dixerit:
1370 2739 1564 2818 «Propitius
1578 2743 1649 2802 esto
1664 2739 1748 2800 mihi
1764 2754 1838 2818 peo-

308 2841 454 2927 ρεοόμην.
467 2877 507 2888 -
520 2837 651 2923 Μήποτε
663 2838 698 2902 δέ
712 2840 809 2915 οὕτως
823 2836 1048 2923 ἀναγνωστέον,
1093 2841 1238 2904 catari.»
1262 2843 1361 2904 Hunc
1383 2859 1463 2904 sane
1486 2841 1581 2905 decet
1603 2841 1730 2904 dicere:
1758 2839 1837 2904 Olor-

304 2943 443 3010 τουτέστι
460 2944 521 3009 Ιδιὰ
544 2941 610 3029 βίον
632 2940 870 3028 κατεκὰμφθην,
897 2944 937 3008 τὰ
962 2942 1048 3008 κάτω
1092 2947 1187 3008 octus
1207 2961 1280 3008 sata
1301 2961 1401 3026 aesque
1422 2946 1460 3009 ia
1471 2946 1587 3029 finem,
1614 2948 1679 3008 toto
1700 2943 1752 3008 dic
1768 2960 1838 3008 τοπ-

303 3058 425 3134 φρονῶν
449 3049 504 3111 και
519 3046 571 3110 ἐπι
584 3055 645 3133 γῆν
667 3044 808 3132 βλέπων·
830 3046 939 3110 τούτου
956 3035 1049 3133 χάριν
1093 3048 1245 3112 traaas
1266 3048 1476 3131 tuprcdiedar.
1494 3067 1531 3094 -·-
1549 3051 1675 3113 Verum
1698 3049 1838 3110 minime

305 3151 560 3237 ἐταλαιπωρησα,
583 3149 715 3228 ἐλεεινὸς
731 3150 769 3215 ἐκ
790 3150 899 3215 τούτου
921 3151 1048 3237 γενόμε-
1096 3168 1135 3215 eo
1150 3170 1251 3216 sensu
1268 3152 1453 3231 legendum
1469 3157 1529 3232 est,
1545 3157 1586 3215 ut
1599 3157 1734 3234 propter
1750 3152 1838 3216 hanc

303 3348 586 3415 enimsecundum
598 3348 705 3411 Deum
719 3348 928 3428 esttrlstitia,
940 3352 1046 3430 poeni·
1095 3345 1212 3408 oculos
1235 3361 1324 3422 saca,
1347 3345 1479 3408 intuere
1496 3345 1592 3408 illum
1608 3345 1838 3427 publicanum,

302 3440 443 3503 tentiam
466 3439 501 3500 in
524 3440 668 3502 salutern
696 3436 851 3499 stabilem
879 3443 1047 3518 operatur.
1094 3433 1153 3513 qui
1182 3432 1217 3495 in
1245 3434 1433 3512 Evangelio
1461 3436 1636 3512 ingressus
1662 3437 1837 3516 templum,

303 3531 369 3592 Iste
385 3545 463 3589 vero
479 3526 561 3587 dicit
574 3525 734 3605 quoniam
749 3524 893 3588 micatis
907 3525 1048 3608 afflictus
1093 3527 1127 3582 et
1154 3522 1195 3583 de
1222 3523 1324 3599 longe
1351 3526 1454 3602 stans
1483 3541 1545 3585 neo
1571 3524 1700 3586 audens
1725 3525 1838 3587 levare

301 3635 383 3694 sum,
400 3617 789 3692 etcotcvotussumusqoc
804 3612 1043 3694 tafiaemPro-
1094 3611 1210 3672 oculos
1233 3627 1312 3673 suos
1335 3610 1370 3672 in
1398 3612 1531 3690 ooelum,
1559 3612 1618 3674 sed
1645 3613 1841 3692 percutiens

301 3710 416 3785 pterea
430 3693 580 3767 fortassis
607 3702 677 3780 ipse
704 3705 841 3772 sanctus
868 3704 1047 3782 Apostolus
1094 3703 1213 3778 pectus
1234 3715 1345 3776 suum,
1370 3704 1404 3762 et
1425 3699 1589 3762 confitens
1611 3705 1747 3780 peccata
1764 3719 1836 3779 sua,

302 3794 393 3870 dicit,
409 3793 517 3854 sciens
532 3808 567 3852 sc
583 3788 764 3869 aliquando
775 3805 944 3868 peccasse:
960 3814 975 3850 «
986 3795 1047 3855 ml·
1094 3786 1241 3849 dicebat:
1260 3787 1379 3850 «Deus
1394 3789 1560 3868 propitius
1576 3791 1647 3850 esto
1663 3788 1747 3850 mibi
1762 3806 1837 3869 pec·

301 3899 355 3945 ser
378 3897 442 3958 ego
457 3881 556 3942 bomo
571 3882 664 3940 etc.»
682 3878 837 3939 Peccavit
851 3879 941 3940 enim
958 3880 1040 3961 ipse,
1092 3875 1238 3937 catori.»
1264 3875 1351 3936 Huic
1367 3876 1529 3938 nimirum
1543 3878 1701 3938 convenit
1716 3876 1836 3954 dicere,

302 3988 408 4050 quum
421 3971 616 4050 persecutus
628 3971 679 4028 est
690 3965 874 4028 Ecclesiam
887 3967 958 4046 Dei,
971 3986 1045 4048 pro·
1092 3964 1173 4041 quia
1196 3967 1357 4024 curvatus
1384 3969 1445 4026 etc.
1474 3966 1544 4026 Hoc
1571 3969 1684 4026 autem
1712 3963 1836 4043 dicens,

301 4065 376 4139 pter
398 4057 486 4138 quod
508 4055 605 4119 dicit:
621 4075 637 4112 «
653 4056 725 4115 Νοιι
748 4071 824 4115 sum
841 4054 967 4131 dignus
990 4075 1045 4119 vo-
1092 4053 1186 4114 velut
1209 4050 1366 4113 affectum
1386 4053 1496 4133 ipsum
1513 4057 1546 4114 ct
1567 4053 1715 4114 animam
1730 4054 1834 4138 posui-¹

301 4149 370 4210 cari
393 4145 604 4226 apostolus.»
634 4142 782 4205 Miseritr
807 4159 880 4224 erpo
906 4142 1047 4226 afflictas
1092 4141 1195 4202 tentis
1206 4141 1352 4221 exponit,
1369 4140 1528 4202 dicentis:
1545 4141 1594 4202 Ex
1606 4156 1673 4218 quo
1685 4141 1831 4219 peccavi,

300 4253 382 4312 sum,
408 4235 466 4312 ait,
490 4249 557 4294 non
580 4231 663 4293 dicit
684 4230 818 4309 affligor
841 4229 982 4296 adhuc...
1011 4236 1045 4297 Si
1092 4246 1266 4308 nunquam
1290 4230 1359 4306 risi,
1382 4244 1557 4307 nunquam
1572 4229 1706 4290 laetatns
1723 4245 1831 4290 sum...

301 4323 416 4386 videas
440 4338 517 4384 eum
541 4320 601 4398 qui
624 4321 785 4400 peccavit,
803 4337 869 4383 non
886 4337 981 4401 posse
996 4341 1045 4384 rc·
1091 4317 1171 4378 Tale
1186 4323 1237 4379 est
1259 4316 1344 4379 illud
1359 4317 1447 4396 quod
1463 4318 1498 4378 in
1514 4317 1701 4393 Evangelio
1719 4319 1833 4396 pract-

183 4432 186 4442 ·
301 4413 429 4492 spicere
453 4411 487 4472 iu
504 4409 638 4484 coelum,
661 4408 719 4470 sed
734 4412 874 4471 curvato
897 4426 1043 4490 corpore,
1091 4406 1193 4484 pltur‚
1216 4405 1347 4466 dicente
1369 4405 1526 4468 Domino:
1554 4428 1569 4464 ιι
1583 4406 1677 4466 Beati
1699 4405 1758 4485 qni
1781 4406 1831 4469 lu-

301 4495 825 4578 demersoque(legumentum
836 4500 961 4560 terram
974 4500 1045 4561 vul·
1090 4497 1235 4571 gent...»
1260 4494 1287 4554 ll
1310 4495 1475 4556 contrario
1491 4499 1603 4556 autem
1620 4494 1648 4557 si
1665 4495 1742 4573 quis
1756 4512 1831 4575 pec-

301 4592 350 4665 tu,
364 4605 430 4650 non
442 4588 551 4649 solum
568 4584 725 4664 corporis,
742 4583 800 4646 sed
816 4589 850 4646 et
865 4585 996 4664 anima,
1012 4591 1046 4649 et
1090 4587 1183 4644 cator
1204 4581 1258 4658 sit,
1282 4584 1315 4641 et
1337 4582 1454 4644 multis
1481 4583 1579 4645 malis
1595 4582 1770 4661 obnoxius,
1798 4587 1833 4644 et

302 4679 577 4755 contorquentem
607 4675 696 4736 sicut
724 4673 888 4735 circulum
919 4675 1044 4736 collum
1089 4671 1145 4734 hic
1172 4671 1266 4732 nullo
1294 4668 1503 4746 flagitiorum
1530 4688 1669 4735 suorum
1691 4672 1830 4734 stimulo

303 4782 413 4842 suum,
430 4764 595 4840 intelligis
611 4759 776 4842 quomodo
792 4762 868 4841 quis
883 4767 1045 4824 curvatur
1089 4762 1254 4842 pulsatus,
1263 4759 1401 4836 insuper
1411 4758 1514 4820 ctiam
1522 4764 1556 4822 et
1564 4759 1680 4836 rideat,
1689 4766 1722 4822 et
1733 4761 1830 4823 latus

304 4870 410 4932 nsque
435 4853 470 4913 in
493 4849 605 4913 finem.
630 4851 664 4913 Si
685 4867 766 4913 vero
789 4851 840 4913 vis
864 4852 965 4913 etiam
985 4869 1045 4932 per
1088 4851 1133 4912 sit
1155 4851 1257 4926 atque
1277 4845 1460 4926 jucundus,
1484 4865 1544 4911 nec
1567 4849 1602 4910 in
1625 4849 1740 4928 aliquo
1755 4863 1832 4910 oon-

301 4942 454 5022 exempla
476 4954 677 5016 cognoscere
703 4939 869 5018 quomodo
896 4941 1042 5020 pcccatis
1088 4937 1237 5001 scientiae
1258 4935 1406 4998 stimulis
1428 4936 1589 5016 agitatur,
1612 4936 1689 4999 vide
1710 4937 1740 4999 si
1763 4952 1830 4997 non

301 5029 372 5092 suis
385 5029 619 5108 unusquisque
634 5033 804 5107 curvetur,
821 5029 868 5090 ita
884 5033 923 5092 ut
937 5030 1045 5110 suspi·
1088 5025 1169 5090 huic
1185 5025 1244 5088 illa
1256 5025 1416 5087 convenit
1431 5026 1496 5088 dici
1509 5043 1583 5106 quaa
1599 5025 1723 5104 scripta
1734 5027 1830 5086 sunt:

302 5136 375 5180 cere
399 5135 464 5181 non
488 5117 603 5197 possit,
628 5133 688 5178 neo
712 5117 746 5179 iu
770 5116 892 5180 ooelum
912 5117 1043 5180 elevare
1091 5117 1177 5178 «Vm
1201 5113 1389 5178 ridentibus
1413 5119 1503 5178 etc.»
1529 5117 1590 5176 BB.
1616 5113 1688 5177 684.
