4020 6098
733 444 777 507 m
799 424 999 506 Psillion
1020 427 1155 505 cxvlu
1644 433 1705 505 οτι

216 581 315 660 Τέλος
329 590 386 670 της
399 590 462 648 τῶν
476 581 611 648 ἐντολῶν
621 580 705 648 Θεοῦ
721 578 856 668 μελίττης
867 578 918 645 to·
967 583 971 592 ’
1006 581 1100 648 Finis
1127 577 1355 646 meditationis
1380 577 1616 648 mandatorum
1641 571 1704 650 Dei

174 686 257 772 τίνὴ
273 688 358 754 κατά
379 688 435 764 τὰς
450 685 580 763 ἐντολάς
603 683 745 771 ἐνάργεια
763 687 819 748 καί
840 691 919 768 πρά-
963 688 1015 748 est
1043 686 1193 767 operatio
1216 689 1250 748 et
1278 686 1366 748 actio
1393 684 1494 764 juxta
1522 692 1704 770 praeoepta:

168 785 233 874 {25³
253 793 301 858 διὸ
323 793 378 858 καί
392 791 498 868 καλῶς
520 789 754 876 προστετάχθαι
776 786 919 874 φαίνεται
961 792 1139 870 propterea
1156 789 1296 869 pulchre
1311 785 1470 853 videntur
1485 807 1636 854 connexa
1657 809 1708 855 se-

170 896 226 963 τά·
239 895 418 981 Ἐμελίτων
432 894 466 960 ἐν
480 903 549 972 ταῖς
571 893 713 970 ἐντολαῖς
734 912 801 974 σου,
818 892 867 969 αίς
882 891 920 976 ἠ·
962 893 1112 973 quentia:
1148 891 1330 958 Meditabar
1358 892 1396 956 ιἰι
1424 893 1587 958 ememtes
1627 896 1704 975 tcto,

170 999 316 1086 γάπηοα,
332 997 404 1082 ἐξης
427 990 471 1065 δέ
483 996 604 1075 τούτοις
619 994 673 1061 τά·
694 995 761 1062 Καί
778 997 844 1081 ἠρα
861 996 918 1072 τὰς
963 1011 1032 1077 qua
1046 995 1158 1074 dileat,
1177 997 1302 1076 quibus
1317 997 1381 1059 hoc
1404 1001 1636 1079 consequitur:
1666 1001 1712 1064 Et

171 1103 282 1188 χεῖράς
298 1123 357 1188 μου
371 1105 449 1186 πρὸς
464 1103 522 1179 τάς
533 1099 663 1178 ἐντολάς
675 1119 742 1164 σου.
755 1098 846 1164 Μετὰ
857 1100 918 1184 γάρ
964 1099 1070 1163 tenent
1085 1116 1201 1164 ιιιιιιιιιε
1215 1117 1305 1165 eecce
1318 1099 1361 1164 ed
1373 1101 1526 1166 maulam
1540 1105 1606 1166 tea.
1633 1104 1712 1166 Post

171 1208 230 1291 τὴν
246 1204 380 1291 μελέτην
395 1207 449 1269 καί
464 1203 622 1288 ἀνάληψιν
636 1213 691 1268 του
708 1211 768 1268 τῶν
784 1201 918 1268 ἐντολῶν
964 1204 1055 1266 enim
1085 1201 1388 1267 considerationem
1420 1210 1453 1267 et
1483 1207 1710 1286 receptionem

169 1308 279 1395 λόγου,
295 1309 395 1376 καλὸν
409 1312 446 1376 τὸ
461 1309 576 1392 ἐπᾶραι
590 1308 647 1384 τάς
666 1315 777 1393 χεῖρας
791 1306 843 1370 ἐπί
863 1306 919 1382 τάς
962 1306 1057 1370 verbi
1071 1306 1318 1387 mandatorum,
1334 1310 1533 1389 preclarum
1550 1314 1602 1374 est
1612 1311 1710 1373 sttol-
1746 1305 1748 1310 ’

170 1414 258 1478 κατά
270 1414 327 1490 τάς
348 1411 477 1490 ἐντολάς
495 1410 631 1496 πράξεις,
648 1413 692 1496 μὴ
715 1411 754 1475 ἐκ
768 1408 879 1493 λύπης,
895 1409 917 1494 ἢ
963 1410 1033 1474 lere
1047 1412 1168 1476 manus
1183 1411 1226 1474 ad
1241 1414 1337 1476 nctus
1349 1430 1427 1476 cum
1443 1415 1714 1495 praceptieoon·.

172 1516 206 1597 ἐξ
221 1516 373 1603 ἀνάγκης,
390 1515 474 1580 ἀλλὰ
486 1514 519 1595 ἐξ
534 1513 662 1599 ἀγάπης
673 1514 728 1578 καὶ
740 1511 918 1594 διαθέσεως,
963 1518 1150 1593 sentaneos,
1174 1531 1284 1597 neque
1311 1533 1389 1579 eum
1415 1533 1557 1580 moerore
1583 1519 1639 1582 vel
1668 1535 1710 1582 ex

170 1623 227 1688 καί
241 1623 320 1708 μετά
333 1630 434 1686 ταῦτα
455 1627 594 1704 συνεχῶς
609 1617 790 1684 ἀποδιδόναι
812 1619 848 1682 τὸ
863 1617 913 1701 ἐρ·
963 1619 1174 1696 necessitate,
1187 1618 1249 1682 sed
1263 1637 1306 1682 ex
1321 1636 1444 1701 amore,
1471 1624 1506 1682 et
1533 1615 1709 1685 'voluntate

171 1745 232 1810 γον
246 1733 307 1792 τῶν
322 1722 464 1788 ἐντολῶν.
480 1721 546 1788 Καί
560 1720 680 1806 ἐπειδὴ,
697 1722 777 1807 μετά
790 1722 849 1807 τὴν
865 1739 919 1805 με·
964 1725 1158 1802 spontanea,
1167 1726 1201 1786 et
1207 1723 1319 1786 studio
1331 1727 1447 1804 postea
1454 1723 1614 1788 continuo
1625 1742 1708 1806 prae·

170 1826 267 1913 λάιην
288 1830 344 1892 καί
367 1829 426 1914 τὴν
447 1825 573 1912 ποίησιν
595 1832 658 1890 τῶν
676 1824 821 1907 ἐντολῶν,
845 1825 919 1908 περί
964 1829 1061 1906 cepta
1075 1827 1168 1906 operi
1183 1827 1353 1891 mandare.
1380 1827 1425 1889 Et
1450 1828 1611 1910 quoniam
1633 1833 1709 1910 post

170 1931 289 1999 τούτων
304 1929 502 2016 διαλέγεσθαι
524 1929 581 2012 δεῖ,
598 1930 650 1995 διὰ
664 1938 758 1994 τοῦτο
780 1926 920 2014 ἐπιφέρει
964 1927 1218 1993 meditationem
1234 1935 1268 1994 et
1282 1931 1511 2012 operationem
1537 1933 1710 1996 mandato·

171 2034 228 2101 τά·
254 2033 468 2120 Ἤδολάσχουν
489 2033 524 2098 ἐν
550 2040 615 2109 τοῖς
640 2028 829 2116 δικαιῶμασί
850 2050 919 2112 σου,
964 2050 1051 2112 rum,
1067 2037 1198 2114 oportet
1211 2035 1253 2098 de
1272 2035 1342 2098 illis
1358 2035 1462 2098 verba
1475 2034 1594 2116 iacere,
1611 2036 1710 2100 idcir·

170 2139 260 2223 είπερ
282 2137 421 2204 τοιοῦτόν
444 2137 527 2204 ἐστιν
550 2137 613 2202 ἀπὸ
634 2144 693 2220 της
712 2137 790 2220 πρὸς
812 2136 854 2199 τὰ
876 2134 920 2199 δι·
963 2153 1003 2200 co
1017 2135 1621 2216 subjungitzlieereeteriomeodetis
1632 2134 1710 2222 ieie,

171 2241 339 2329 ααιιίιματά
353 2263 410 2308 σου
432 2239 537 2326 φιλίας
560 2261 628 2327 μου,
651 2247 791 2325 συνεχῶς
814 2239 920 2315 αὐτοῖς
963 2239 993 2304 si
1020 2239 1157 2320 quidem
1186 2241 1222 2305 id
1248 2242 1360 2323 ipsum
1374 2245 1484 2308 oritur
1507 2261 1548 2306 ex
1571 2261 1647 2308 meo
1664 2245 1705 2308 in

172 2344 370 2431 ἐνδιατρίδων
384 2355 428 2431 τῶ
442 2345 536 2431 λόγῳ,
560 2345 654 2410 οίονεί
668 2341 874 2430 ἠδολέσχουν,
890 2341 921 2406 ἐ-
964 2345 1125 2408 mandato
1148 2349 1210 2408 tua
1229 2363 1353 2428 amore,
1382 2349 1545 2412 continuo
1576 2349 1617 2413 de
1640 2349 1709 2414 illis

172 2449 306 2515 πίπλεον
328 2449 442 2535 ὁμιλῶν
464 2451 504 2514 τά
526 2449 596 2532 περί
617 2456 679 2514 τῶν
701 2445 921 2531 δικαιωμάτων
964 2449 1159 2513 concionem
1174 2449 1268 2514 verbi
1288 2450 1709 2533 habens,videlicetexer·

174 2577 242 2620 σου.
258 2591 299 2604 -
323 2552 389 2631 Τάς
410 2561 520 2638 χεῖρας
542 2549 711 2636 ἐπαίρομεν
732 2557 790 2632 τῆς
813 2549 919 2635 tuitii
963 2553 1073 2632 eebor,
1084 2551 1313 2617 abuudantius
1327 2553 1495 2620 disserens
1510 2555 1551 2620 de
1560 2555 1706 2637 'jndicio

174 2658 227 2724 διὰ
248 2665 309 2723 τῶν
334 2656 469 2722 ἐντολῶν
490 2665 545 2721 τοῦ
569 2654 662 2737 Θεοῶ,
686 2653 937 2740 καττργαζάμε-’
964 2674 1041 2722 rum
1055 2661 1193 2722 tuorum
1210 2659 1462 2740 questionibus.
1476 2662 1648 2725 *Manus
1661 2666 1712 2724 at-

175 2782 224 2828 νσι
248 2763 307 2846 τὴν
331 2758 519 2844 πρακτικήν.
551 2759 670 2842 Χεῖρας
699 2757 834 2825 ἐνταῦθα
863 2759 920 2837 τάς
964 2759 1116 2823 tollimus
1137 2761 1259 2824 enimse
1277 2779 1336 2842 per
1354 2762 1513 2826 mandata
1528 2765 1599 2844 Dei,
1623 2763 1706 2830 dum

173 2866 348 2950 πρακτικάς
364 2861 522 2949 ἐνεργείας
533 2860 612 2929 είναί
622 2881 718 2947 φησι·
733 2858 755 2945 ἡ
769 2863 831 2948 γάρ
841 2871 921 2948 πρά·
965 2879 1005 2926 ea
1019 2864 1117 2944 praxi
1130 2865 1340 2945 exequimur.
1357 2867 1420 2930 Hic
1435 2883 1555 2931 manus
1570 2867 1619 2931 ait
1633 2885 1707 2933 esse

174 2967 220 3048 ξις
233 2967 324 3046 τέλος
340 2965 474 3054 μελέτης
489 2967 573 3034 ἐστίν
588 2965 732 3032 ἐντολῶν.
964 2967 1056 3030 vitae
1070 2968 1191 3032 activa
1204 2985 1321 3050 opera3
1344 2971 1432 3034 actio
1455 2972 1546 3036 enim
1558 2975 1610 3036 est
1627 2973 1707 3038 finis

633 3105 635 3110 ·
966 3069 1152 3136 meditandi
1168 3077 1343 3155 precepta.

223 3197 256 3242 v.
273 3178 325 3241 49.
341 3172 506 3260 Μνησθητι
518 3182 581 3241 τῶν
603 3173 705 3259 λόγων
721 3195 778 3240 σου
793 3182 837 3260 τῷ
851 3173 923 3242 δού-
1010 3193 1043 3240 ν.
1060 3175 1112 3240 49.
1129 3179 1252 3240 Memor
1265 3178 1716 3246 eremmanos-umm-

176 3280 222 3364 λιμ
237 3300 304 3360 σου,
316 3281 359 3343 ῶν
374 3277 551 3364 ἐπήλπισας
567 3298 615 3364 με.
965 3297 1003 3346 ου
1020 3283 1083 3359 itte,
1102 3281 1140 3344 ιἰι
1154 3279 1269 3362 poue
1283 3280 1367 3346 milti
1381 3299 1468 3364 spem
1482 3282 1611 3351 deditii.

220 3382 286 3449 Καὶ
308 3382 429 3460 ποῖοςδ
451 3381 545 3467 λάγος
567 3383 604 3446 οὔ
628 3382 803 3468 μνησθῆναι
824 3384 920 3448 αὐτὸν
1011 3387 1055 3448 lt
1070 3385 1171 3465 quale
1184 3391 1236 3448 est
1247 3385 1399 3465 verbum,
1411 3386 1510 3467 cuius
1521 3389 1608 3472 petit
1617 3389 1715 3453 illum

177 3484 267 3570 ἀξιοῖ,
284 3487 305 3571 ἦ
320 3488 357 3552 τὸ
379 3487 457 3550 είναι
477 3486 572 3552 αὐτὸν
594 3484 659 3570 μετ’
671 3488 782 3568 αὐτῶν,
798 3485 871 3552 καθ’
881 3486 922 3572 ἣν
967 3504 1041 3552 esse
1055 3505 1249 3568 memorem,
1262 3489 1328 3551 nisi
1341 3493 1380 3552 ut
1390 3489 1463 3571 ipse
1475 3509 1554 3554 cum
1574 3493 1643 3558 illis
1658 3495 1714 3573 sit,

178 3589 315 3656 δέδωκεν
330 3591 435 3667 αὐτοῖς
449 3588 651 3675 ἐπαγγελίαν,
667 3592 735 3676 ἣτις
749 3592 805 3656 καί
820 3591 921 3676 παρά·
964 3591 1064 3673 juxta
1074 3593 1342 3673 'promissionem
1365 3611 1468 3674 quem
1491 3596 1541 3658 eis
1566 3594 1714 3676 dederat,

178 3696 291 3782 κλησις
307 3695 412 3773 αὐτοῖς
423 3695 458 3762 ἐν
469 3704 533 3773 τοῖς
548 3695 694 3780 διωγμοῖς
709 3695 844 3782 ἐγένετο;
861 3695 923 3762 Ao·
968 3711 1045 3777 quoe
1060 3701 1094 3758 et
1109 3696 1177 3759 illis
1191 3696 1351 3761 solatium
1366 3697 1490 3760 eratin
1510 3701 1713 3778 persecutio·

181 3821 238 3886 γον
264 3798 461 3886 χρηματίσας
483 3798 682 3886 ἐπαγγελίας,
706 3799 925 3884 ἀνεπτέρωσας
969 3800 1092 3863 nibus?
1119 3801 1169 3862 Tu
1193 3816 1300 3880 quum
1322 3802 1549 3881 pronuntiasti
1575 3804 1717 3867 verbum

179 3901 264 3988 ἡμας
278 3903 329 3968 ἐπί
344 3911 388 3988 τῷ
402 3901 538 3981 ἐλπίζειν
558 3903 609 3968 ἐπί
624 3906 682 3986 σοί,
698 3904 753 3970 καί
767 3925 926 3990 καταρρο·
968 3903 1211 3985 promissionis,
1227 3903 1299 3966 alas
1314 3903 1411 3968 nobis
1426 3906 1549 3987 aptasti
1570 3906 1613 3969 ad
1640 3923 1715 3970 evo

180 4015 244 4072 νεῖν
256 4015 317 4072 τῶν
328 4003 556 4090 ἀνεστηκθτων.
566 4005 655 4072 Ἐπεί
666 4008 701 4072 δέ
712 4016 756 4094 τῷ
766 4005 873 4074 ποθεῖν
884 4010 927 4074 τά
968 4005 1109 4070 landum
1125 4006 1160 4069 in
1175 4021 1235 4088 spe
1246 4025 1354 4090 usque
1366 4007 1409 4070 ad
1421 4013 1465 4088 te,
1484 4012 1518 4072 et
1529 4009 1715 4092 despicien-

180 4109 361 4194 ἐπουράνια,
376 4112 432 4174 καῖ
454 4109 560 4194 ζητεῖν
574 4111 614 4176 τά
629 4109 748 4194 αἰώνια,
769 4111 926 4198 ηγωνισά-
969 4111 1051 4175 dum
1066 4127 1107 4174 ea
1121 4127 1197 4192 quoe
1211 4111 1344 4176 obstare
1364 4112 1484 4176 solent.
1500 4114 1610 4188 Quum
1633 4132 1714 4178 vero

186 4233 257 4298 μην,
289 4212 413 4278 ἀπαιτῶ
441 4212 558 4279 τούτων
587 4216 640 4279 τὸν
669 4214 774 4300 λόγον,
803 4215 926 4281 ἀπαιτῶ
970 4213 1129 4278 anhelare
1162 4217 1313 4279 coelestia
1342 4221 1377 4279 et
1403 4233 1552 4298 quarere
1579 4224 1716 4300 aetsrna,

181 4316 298 4382 τούτων
309 4319 367 4402 την
379 4315 596 4381 ἀνταπόδοσιν.
608 4314 794 4402 Νομοθετῶν
805 4319 822 4384 δ
834 4317 924 4402 Θεὸς,
970 4318 1123 4383 enitebar
1136 4319 1306 4399 luctando,
1322 4323 1499 4402 expostulo
1522 4321 1716 4387 eorumdem

181 4421 236 4486 καί
256 4427 321 4497 τοῖς
353 4419 543 4505 ιρυλάττουσι
564 4422 619 4486 τδν
640 4420 735 4507 νόμον
759 4423 818 4508 τὴν
846 4423 927 4488 σίκι-
970 4426 1137 4488 rationem
1160 4427 1194 4486 et
1216 4424 1483 4488 retributionem.
1499 4427 1589 4489 Deus
1604 4428 1717 4505 legem

181 4522 232 4590 ίαν
258 4522 420 4610 εὐμένειαν
442 4521 663 4608 ἐπηγγείλατο,
694 4526 748 4590 καί
776 4533 841 4604 τοῖς
868 4547 927 4590 πα
970 4525 1091 4605 terens,
1101 4527 1203 4589 etiem
1216 4525 1304 4590 hanc
1316 4526 1584 4592 custodientibus
1593 4531 1716 4612 legem,

183 4626 335 4713 ραδάταις
356 4626 514 4712 τιμωρίας.
538 4625 724 4712 Μνηοθηναι
745 4627 847 4694 τοίνυν
873 4631 927 4696 τὸν
971 4629 1176 4710 peculiarem
1214 4629 1370 4709 promisit
1405 4631 1654 4710 benignitatem
1684 4638 1718 4698 et

181 4729 263 4797 Θεὸν
277 4737 338 4795 τῶν
353 4727 476 4795 οἰκείων
490 4728 692 4816 ὑποσχέσεων
706 4730 847 4797 ἱκετεύει.
871 4732 926 4811 Εἰς
972 4749 1046 4795 eam
1068 4731 1275 4794 violantibus
1297 4733 1474 4815 supplicia.
1498 4736 1606 4799 Deum
1632 4738 1718 4801 inte·

213 4999 242 5038 v.
254 4979 298 5037 ἐθ.
310 4981 378 5038 Vnt.
389 4979 416 5050 4,
428 4980 454 5036 9.
464 4980 506 5050 11,
516 4977 660 5035 Meurinis
670 4979 863 5051 questionem
874 5001 926 5057 po·
970 4999 1019 5039 ma
1029 4983 1093 5036 eret
1104 4977 1183 5052 apud
1191 4977 1371 5050 Oorderium,
1381 4979 1433 5035 sed
1443 4979 1552 5053 purtim
1560 4982 1615 5039 sub
1625 4983 1720 5042 'Pheo-

180 5064 326 5135 nentibus,
344 5063 441 5120 defuit
462 5064 582 5136 egregia
595 5069 625 5121 et
647 5065 746 5137 ampla
765 5069 926 5140 responsio,
972 5065 1036 5126 dori
1047 5063 1166 5121 nomine
1177 5063 1282 5135 Ιεθεοε,
1294 5064 1343 5122 vel
1355 5065 1433 5139 apud
1445 5065 1668 5127 Monteialeonii
1679 5073 1719 5130 Δ·

186 5169 256 5211 vere
268 5149 416 5220 athletice,
428 5165 494 5222 quse
510 5154 609 5206 temen
627 5168 665 5208 ex
682 5156 767 5225 perte
786 5153 920 5213 τίοὶιιίεοί
971 5150 1147 5211 emendum.
