3966 6104
277 323 341 386 584
936 329 1148 394 ORIGENES

274 463 359 520 eritis
382 463 460 520 sicut
483 463 545 535 dii,
570 471 601 522 ct
628 465 797 540 aperientur
821 463 898 522 oculi
921 467 1023 537 vestri,
1065 472 1113 522 rat
1122 465 1213 537 utqui
1221 465 1316 522 filium
1323 463 1449 538 virginis
1459 463 1674 536 domatafilio
1681 463 1828 536 Virginis

275 550 401 607 edentes
417 550 527 608 bonum
544 557 574 608 et
589 553 706 609 malum.
718 592 733 623 „
752 552 809 623 Qui
820 569 910 625 quum
926 554 1023 609 audis·
1066 551 1240 621 vinceretur,
1251 557 1282 608 et
1292 557 1493 608 consummata
1500 552 1579 608 omni
1590 551 1769 616 tentatione,
1777 566 1829 606 re-

276 642 332 702 set,
350 637 483 695 elevatus
507 638 615 709 animo,
636 637 788 696 sublimari
805 639 925 713 cupiens
947 641 968 710 ¹)
989 645 1024 696 ut
1066 637 1156 696 cessit
1167 638 1205 695 ab
1217 655 1252 695 ec
1264 656 1356 711 usque
1369 639 1407 696 ed
1419 645 1541 713 tempus,
1550 645 1574 711 ι)
1586 645 1702 713 tempus
1714 643 1828 695 autem

273 724 355 780 Deus
367 730 453 796 esset,
466 725 568 781 statim
579 726 679 799 rapuit
690 731 721 783 et
732 726 866 783 comedit.
1066 724 1193 782 diximus
1205 725 1366 798 passionis;
1384 732 1454 781 tunc
1466 729 1567 799 aparte
1581 742 1778 796 consurgens,
1792 729 1832 778 ut

309 812 366 866 Pro
382 811 440 868 hac
457 828 546 868 causa
564 814 711 870 sententia
728 813 924 871 damnationis
941 831 1021 870 acce·
1064 827 1118 883 per
1129 829 1183 867 sua
1194 811 1332 882 membra,
1344 829 1409 883 quae
1422 817 1492 867 suut
1505 810 1607 883 iniqui,
1620 810 1829 882 crucifigeret.

273 903 333 970 pta,
351 896 463 969 ejectus
481 904 526 954 est
545 897 581 954 de
602 899 759 971 Paradiso;
781 900 815 956 in
835 899 894 956 isto
912 899 1020 956 mundo
1064 899 1105 955 Et
1120 899 1156 955 de
1174 898 1308 972 sepulcro
1327 898 1415 954 tertia
1428 898 1654 970 diamani-gens,
1671 898 1830 972 apostolis
1947 923 1948 956 l

272 984 418 1056 exiliatus,
430 985 533 1056 genuit
543 1003 627 1043 omne
638 986 790 1044 homiuum
798 1003 900 1058 genus,
910 992 941 1042 et
950 986 1020 1058 quia
1063 983 1238 1056 loqueretur,
1245 984 1353 1040 dicens:
1365 985 1426 1040 “lte
1433 984 1537 1041 docete
1544 1001 1644 1041 omnes
1652 989 1763 1057 gentes
1771 983 1830 1039 ba·

271 1069 415 1142 seriptum
430 1076 488 1126 est:
509 1071 658 1143 “Longae
674 1072 876 1145 peccatoribus
894 1072 975 1128 salus
986 1069 1018 1142 ³),
1062 1071 1208 1144 ptisantes
1215 1071 1425 1128 ecsinnomine
1431 1071 1528 1127 Patris
1535 1076 1566 1127 et
1572 1071 1641 1127 Filii
1649 1076 1679 1127 et
1686 1070 1828 1144 Spiritus

272 1159 304 1210 et
315 1155 431 1228 longius
443 1155 506 1211 ibat
522 1157 693 1213 recedendo.
705 1156 779 1213 Inde
797 1158 941 1231 propheta
952 1175 1019 1213 oan-
1064 1158 1166 1226 uncti,
1178 1155 1315 1213 docentes
1326 1173 1376 1214 eos
1389 1174 1507 1214 servare
1517 1157 1614 1213 omnia
1625 1172 1829 1228 quaecumque

272 1241 350 1299 tavit
367 1259 404 1298 ex
420 1260 547 1317 persona
558 1243 718 1301 Crantoris:
738 1243 1022 1302 “Circumdederunt
1063 1241 1201 1300 mandavi
1209 1242 1294 1301 vobis
1302 1243 1351 1313 ¹),
1361 1243 1401 1298 lllt
1410 1243 1453 1299 sic
1461 1242 1512 1315 qui
1521 1243 1617 1300 victor
1626 1243 1737 1313 existit,
1747 1243 1828 1299 mit-

271 1343 319 1383 ms
330 1328 458 1400 gemitus
467 1330 570 1386 mortis
581 1337 611 1386 et
620 1335 767 1388 torrentes
779 1330 944 1402 iniquitatis
953 1347 1020 1386 oon·
1064 1327 1102 1382 tit
1112 1327 1235 1384 comites
1247 1345 1316 1383 suos
1324 1328 1356 1383 in
1366 1328 1500 1385 omnibus
1512 1328 1592 1400 locis,
1603 1330 1709 1402 quibus
1721 1329 1827 1388 vieto-

270 1413 464 1471 turbaverunt
475 1433 530 1472 me.
547 1416 671 1472 Dolores
688 1415 796 1474 infami
813 1421 1020 1490 prevenerunt
1063 1413 1116 1469 riae
1127 1413 1254 1487 palmam
1266 1413 1507 1488 triumphaverat,
1518 1410 1540 1485 ⁸)
1557 1416 1608 1486 qni
1620 1416 1723 1472 titulos
1735 1417 1827 1488 regis

270 1519 326 1571 me,
338 1507 613 1577 praeoccupaverant
624 1520 672 1560 me
683 1503 782 1576 laquei
792 1503 897 1559 mortis
907 1505 965 1573 ⁸)..„
1062 1499 1184 1557 victoris
1202 1500 1249 1556 sui
1266 1501 1431 1574 imponant;
1449 1501 1493 1557 ita
1510 1508 1541 1557 et
1555 1501 1605 1558 hic
1623 1502 1711 1560 homo
1723 1502 1826 1560 Jesus

306 1591 362 1644 Pro
374 1588 430 1644 hac
442 1606 531 1646 eausa
547 1589 727 1663 praeparavit
744 1591 825 1646 Deus
842 1589 936 1645 illium
954 1588 1018 1645 Vir·
1061 1585 1205 1656 Christus,
1217 1586 1267 1658 qui
1279 1585 1352 1644 vicit
1363 1587 1528 1658 Diabolum,
1538 1587 1620 1643 misit
1628 1589 1737 1646 electos
1746 1605 1827 1644 suos

270 1675 358 1746 ginis,
371 1675 408 1732 de
420 1691 478 1748 qna
494 1677 640 1750 propheta
652 1675 745 1736 dixit:
764 1681 779 1712 ‘¹
788 1676 948 1750 Aperiatur
959 1681 1018 1732 tor·
1060 1675 1092 1730 in
1104 1690 1204 1730 omnes
1220 1674 1396 1747 provincias,
1414 1679 1450 1729 ut
1462 1675 1643 1748 expellerent
1659 1675 1824 1732 ministros

271 1779 313 1832 ra,
335 1769 366 1818 et
386 1763 534 1833 germinet
551 1763 728 1821 salvatorem
740 1767 764 1834 ⁴)
776 1804 791 1835 „
810 1768 845 1820 ut
856 1763 907 1834 qui
924 1761 1019 1820 filium
1060 1761 1188 1831 Diaboli,
1218 1761 1269 1834 qui
1298 1778 1351 1834 per
1375 1762 1484 1834 templa
1506 1761 1538 1818 in
1563 1761 1671 1818 statuis
1697 1761 1824 1818 habita·

270 1847 397 1920 virginis
420 1849 540 1920 moeret,
565 1867 584 1905 a
607 1849 669 1905 lilio
691 1848 824 1921 Virginis
843 1849 1018 1907 maceretur.
1061 1847 1134 1904 bant
1142 1847 1174 1918 ⁸),
1192 1855 1224 1904 et
1239 1846 1374 1904 homines
1392 1847 1443 1919 qui
1461 1865 1512 1904 eos
1524 1846 1668 1918 colebant,
1681 1848 1719 1905 de
1730 1855 1822 1921 pote·

270 1934 329 1992 Hic
340 1953 411 2008 ergo
423 1954 513 2008 quum
523 1943 611 1993 natus
623 1943 710 2008 esset,
720 1937 854 2010 permisit
865 1955 898 1994 se
909 1937 1020 1994 tentari
1062 1941 1140 1992 stete
1148 1934 1213 2007 ejus
1222 1933 1275 2006 qui
1281 1934 1378 1992 victiis
1388 1940 1459 2004 erat,
1467 1932 1626 2001 auferrent,
1634 1940 1665 1990 et
1674 1934 1733 1991 sibi
1741 1939 1822 1991 tem·

270 2041 289 2080 a
300 2023 426 2080 Diabolo
443 2024 505 2094 illo,
522 2024 573 2096 qui
590 2025 717 2097 primum
734 2024 882 2082 hominem
899 2023 1019 2094 vicerat,
1061 2024 1143 2097 plum
1154 2022 1368 2079 constituerent
1378 2025 1411 2092 ¹⁰)
1433 2021 1469 2078 de
1481 2037 1539 2093 qno
1551 2022 1703 2096 apostolus
1719 2022 1821 2094 loqui-

270 2110 419 2166 suadendo
437 2116 471 2166 ut
488 2110 527 2166 de
543 2110 647 2167 arbore
670 2112 764 2168 vetita
780 2110 980 2168 manducaret
991 2110 1020 2166 1·
1062 2114 1120 2178 tur,
1133 2107 1247 2164 dicens:
1267 2109 1283 2141 “
1294 2107 1355 2163 Vos
1364 2107 1437 2163 estis
1449 2108 1591 2181 templum
1602 2108 1660 2165 Dei
1668 2108 1773 2175 vestri,
1787 2113 1823 2164 et

270 2211 357 2268 psum
369 2212 439 2266 ergo
451 2193 585 2267 permisit
596 2195 635 2251 ad
648 2213 680 2252 se
692 2196 838 2268 accedere,
849 2202 880 2253 et
892 2196 969 2252 sicut
977 2196 1021 2251 di·
1063 2194 1191 2269 Spiritus
1203 2198 1322 2250 sanctus
1334 2193 1493 2250 habitatin
1508 2193 1593 2252 vobis
1603 2234 1619 2265 „
1629 2195 1672 2264 ¹¹).
1690 2193 1754 2268 Ipsi
1764 2211 1819 2251 ve-

270 2287 356 2336 xerat
366 2281 454 2338 Adae:
471 2281 624 2354 Mandata,
643 2290 674 2340 et
690 2283 886 2355 manducavit,
906 2289 936 2341 et
952 2283 1020 2341 ideo
1063 2299 1097 2338 rc
1110 2281 1244 2354 apostoli,
1264 2283 1279 2314 ‘⁸
1289 2297 1356 2336 cum
1367 2285 1467 2336 essent
1483 2281 1654 2352 congregati
1671 2280 1704 2336 in
1714 2297 1820 2350 mum,

270 2365 308 2422 de
331 2366 471 2423 Paradiso
496 2366 607 2440 ejectus
632 2375 686 2436 est,
705 2369 749 2425 ita
770 2375 801 2426 et
824 2369 869 2426 illi
893 2369 1020 2428 diceret:
1063 2374 1184 2442 propter
1194 2371 1305 2424 metum
1312 2366 1483 2423 Judaeorum
1494 2367 1552 2438 ,¹¹)
1569 2372 1727 2440 antequam
1739 2367 1820 2424 divi·

270 2459 286 2490 “
296 2453 351 2510 Dio
363 2453 455 2529 lapidi
472 2455 524 2511 isti
535 2460 570 2509 ut
587 2455 672 2529 panis
683 2454 744 2528 fiat,
753 2457 800 2527 η’)
819 2460 850 2512 et
866 2457 1018 2528 manduca,
1063 2455 1201 2512 derantur
1212 2455 1244 2510 in
1256 2454 1352 2524 terris,
1365 2459 1400 2509 ut
1411 2454 1454 2510 eis
1464 2453 1617 2510 aDomino
1626 2455 1743 2526 jussum
1751 2453 1818 2510 fue-

268 2545 375 2596 utnon
386 2541 528 2611 esurias„
548 2539 603 2597 Oui
614 2541 781 2616 respondit:
802 2543 895 2598 “Non
910 2543 942 2598 in
954 2543 1018 2598 solo
1061 2547 1116 2612 rat,
1135 2540 1297 2614 inspirante
1314 2539 1426 2614 Spiritu
1443 2545 1553 2609 sancto,
1575 2539 1692 2612 singula
1713 2541 1817 2614 capita

269 2644 345 2700 pane
355 2627 432 2685 vivit
442 2627 538 2698 homo,
552 2628 605 2683 sed
616 2627 648 2684 in
661 2629 741 2684 omni
756 2628 848 2687 verbo
860 2627 924 2685 Dei.
935 2667 950 2698 „
963 2628 1016 2684 Er·
1059 2626 1253 2702 protulerunt,
1270 2643 1336 2698 quae
1353 2631 1457 2699 postea
1474 2626 1583 2684 lutura
1599 2626 1740 2684 Ecclesiae
1758 2645 1814 2701 per

268 2731 307 2786 go
327 2713 460 2770 diabolus
478 2714 529 2787 qui
545 2715 770 2772 manducantem
790 2715 909 2785 vicerat,
926 2715 1018 2771 victo-
1060 2712 1214 2771 universas
1225 2711 1392 2785 provincias
1403 2712 1595 2781 tradiderunt.
1612 2712 1759 2771 daenes:

268 2799 342 2856 riom
354 2817 437 2858 suam
449 2819 501 2874 per
508 2801 693 2873 jejunantem
704 2801 812 2858 amisit.
829 2802 887 2857 Par
898 2801 976 2858 enim
989 2819 1017 2858 a·

619 3019 734 3098 Credo
758 3021 798 3096 in
821 3020 940 3097 Deum
965 3019 1116 3098 Patrem
1142 3022 1403 3124 manipotcatem
1417 3019 1459 3096 ¹².

314 3261 404 3323 Beue
430 3259 550 3343 incipit
574 3278 594 3324 a
620 3260 819 3326 credulitate
842 3261 1016 3343 confessio,
1060 3277 1162 3342 quem
1177 3265 1294 3327 nullus
1310 3265 1429 3328 oculus
1450 3266 1597 3330 carnalis
1615 3265 1730 3330 videre
1752 3285 1813 3349 po·

271 3365 352 3445 quia
381 3365 430 3428 sic
461 3369 495 3428 et
523 3365 643 3430 beatus
672 3368 799 3430 Paulus
830 3367 1015 3447 expressit:
1059 3370 1141 3445 test,
1155 3357 1194 3448 ⁴⁴)
1220 3367 1329 3430 Deum
1346 3367 1732 3450 incomprehensibilem,
1748 3372 1811 3452 qui

272 3469 418 3549 «Corde,
434 3470 557 3551 inquit,
572 3470 722 3535 creditur
736 3470 970 3552 adjustitiam,
982 3488 1016 3534 0·
1060 3472 1175 3534 omnia
1196 3470 1466 3553 comprehendit3
1487 3474 1598 3536 Deum
1618 3474 1814 3538 immutabi-

271 3591 306 3636 re
329 3579 443 3639 autem
465 3576 629 3640 confessio
651 3575 691 3639 fit
712 3576 755 3640 ad
776 3569 1013 3659 salutem.¹³)»
1059 3575 1137 3654 lem,
1160 3576 1306 3655 quinon
1329 3579 1481 3638 mutatur
1502 3577 1719 3658 temporibus,
1743 3595 1810 3641 nec

269 3679 372 3741 crede
388 3696 470 3758 ergo
485 3681 522 3743 in
536 3681 645 3745 Deum
660 3681 793 3744 Patrem
809 3681 1016 3761 omnipoteu-
1059 3679 1205 3742 senescit
1220 3683 1328 3758 aetate,
1343 3679 1402 3743 sed
1417 3697 1550 3763 sempor
1562 3680 1651 3744 idem
1667 3686 1728 3762 est;
1746 3684 1810 3764 qui

268 3787 347 3862 tem,
362 3784 472 3847 Deum
484 3783 688 3862 ingenitum,
702 3785 761 3865 qui
777 3789 871 3847 ortus
886 3801 907 3844 a
920 3783 1016 3848 nullo
1060 3800 1128 3846 uon
1143 3783 1180 3847 in
1191 3785 1341 3864 tempore
1357 3784 1459 3864 ooepit
1471 3785 1595 3868 vivere,
1608 3786 1665 3850 sed
1677 3804 1813 3869 semper

266 3893 327 3968 est,
354 3889 496 3952 anullo
522 3889 627 3970 cepit;
657 3888 767 3952 Deum
796 3887 1015 3967 invisibilem,
1060 3887 1189 3966 vivens,
1227 3888 1362 3950 nullum
1399 3891 1457 3968 pat
1466 3888 1535 3951 itur
1563 3907 1812 3975 successorem

301 4095 329 4168 1)
350 4096 388 4150 lit
404 4097 528 4152 cucata
546 4095 652 4164 animo,
665 4095 810 4152 adlimari
828 4100 948 4167 cuperet.
961 4092 1015 4149 (la-
1094 4093 1138 4165 10)
1161 4092 1271 4149 Gottw.
1293 4093 1446 4165 casanat..
1468 4096 1671 4154 emundarent
1695 4114 1720 4155 11
1739 4098 1808 4156 (lor.

265 4199 342 4256 spor.
1059 4195 1100 4250 ιι,
1113 4180 1156 4233 16.

299 4270 329 4342 2)
342 4271 389 4324 Pe.
404 4285 510 4335 cxvm,
523 4270 589 4324 155:
598 4271 634 4324 st
647 4270 704 4343 ipre
718 4270 823 4340 bunius
835 4267 921 4342 casp.
1093 4265 1139 4338 ll)
1151 4264 1173 4321 J
1174 4281 1237 4319 can.
1248 4280 1299 4336 xx,
1311 4267 1353 4321 18.
1366 4268 1414 4323 An
1423 4267 1471 4324 hic
1483 4273 1616 4324 tenemus
1624 4269 1752 4344 primum
1763 4278 1811 4329 te-

300 4355 552 4428 3)Ps.xv11,5,6.
1059 4349 1229 4406 stimonium
1252 4351 1288 4406 de
1312 4353 1430 4409 condito
1454 4355 1485 4408 in
1507 4359 1586 4410 coetu
1607 4355 1810 4429 apostolorum

298 4443 327 4514 4)
341 4443 388 4497 Pe.
401 4457 452 4508 xv,
466 4441 509 4496 18.
1058 4436 1199 4510 symbolo,
1222 4437 1300 4509 quod
1324 4438 1449 4494 Rufinus
1470 4439 1631 4497 clarissime
1655 4440 1809 4514 professus

297 4528 326 4600 5)
340 4527 410 4583 Luc.
424 4545 463 4599 ιι,
476 4529 540 4599 3,4.
1057 4530 1110 4595 est,
1128 4530 1163 4581 ut
1186 4525 1238 4581 alii
1260 4525 1334 4582 scite
1352 4527 1507 4583 memorati
1530 4528 1609 4602 apud
1632 4527 1674 4584 ct
1699 4529 1809 4605 Caspa-

297 4615 326 4686 6)
340 4616 600 4686 sternumenta,
614 4615 653 4671 ad
664 4622 769 4689 tempus
782 4632 837 4672 om.
850 4615 988 4672 Gottvvio.
1056 4611 1140 4681 rium,
1152 4629 1181 4685 p.
1194 4611 1247 4668 314
1258 4619 1317 4668 not.
1330 4614 1373 4682 28,
1387 4618 1417 4669 ct
1430 4631 1503 4686 quos
1515 4613 1611 4670 fusim
1622 4615 1727 4672 recolit
1737 4617 1808 4674 Val-

300 4701 328 4774 7)
342 4701 571 4772 Mutth.xxv111,
585 4704 628 4758 19.
1056 4698 1324 4756 luciusadRufin.
1337 4719 1365 4774 p.
1378 4700 1530 4756 teinnot.

294 4789 323 4864 8)
338 4788 502 4844 Graeoizare
519 4789 609 4845 verba
626 4787 779 4860 videntur,
803 4789 862 4845 nisi
884 4790 963 4861 quod
980 4806 1013 4844 ιι-
1092 4787 1138 4856 12)
1150 4784 1224 4842 Inde
1235 4786 1340 4859 incipit
1351 4803 1421 4860 pars
1432 4786 1463 4842 in
1479 4789 1701 4858 reputationem
1719 4789 1806 4848 Nice·

261 4893 317 4933 uus
328 4874 392 4931 cod.
405 4892 479 4932 corr.
498 4893 534 4932 aa
552 4876 661 4947 quitus,
680 4882 711 4932 et
729 4876 805 4932 alter
822 4875 889 4932 hab.
906 4892 960 4949 per
971 4876 1012 4934 oi-
1056 4877 1096 4930 ta
1108 4872 1227 4930 inserta
1241 4873 1355 4929 Oaetera
1365 4872 1476 4948 caspar
1488 4891 1545 4932 om.

261 4965 356 5019 cloria
367 4964 501 5033 palmam,
514 4980 585 5023 mox
597 4962 746 5020 Gottivvio.
760 4963 926 5036 inponatur.
1091 4959 1138 5033 13)
1150 4960 1236 5015 Rom.
1247 4974 1279 5029 x,
1291 4960 1334 5014 10.

295 5049 324 5122 9)
336 5048 373 5106 ld
385 5066 501 5124 quoquo
511 5049 696 5124 mutuum
707 5050 856 5112 ethnicam
867 5049 955 5126 sapit.
1093 5047 1138 5120 14)
1151 5045 1369 5118 NicetSufficit
