4006 6090
308 389 372 452 288
973 394 1184 458 ORIGENES

352 534 416 601 Ταν
438 537 547 619 παιρρν
562 542 623 600 πῶν
645 541 828 619 ππρααρῶν
846 534 956 616 παιραν
979 531 1054 597 ovo·
1147 550 1361 614 Occasionem
1373 551 1611 632 probationum
1627 553 1760 616 vocavit
1772 556 1854 616 tem-

309 637 391 724 ραὶι
412 636 638 719 ταπεινώσεως,
659 638 731 703 ααθ’
742 639 777 704 ὃν
793 636 930 723 ραλιαπα
950 635 1056 701 imi·
1102 671 1166 735 pus
1181 653 1395 734 humilitatis,
1411 658 1446 719 in
1462 674 1529 737 quo
1546 657 1715 738 praecipue
1737 658 1852 720 anima

308 763 360 808 ται
375 741 396 826 ἡ
414 744 512 828 ψυχὴ,
530 740 1056 827 asaeareseteepovpoerabgt
1101 763 1255 837 vexatur,
1283 763 1317 821 et
1345 777 1366 822 a
1391 777 1459 840 quo
1487 760 1575 823 nihil
1602 760 1696 824 aliud
1723 763 1852 842 eximit,

310 842 429 931 θεωρία
450 855 511 910 τῶν
534 845 636 931 λόγων
652 857 707 911 τοῦ
727 845 820 913 Θεοῦ.
836 844 946 932 'Exuit
961 845 1056 932 γαρό
1102 865 1224 942 praeter
1244 855 1573 943 comtemplationem
1589 882 1782 928 sermonum
1804 866 1852 929 di·

307 949 401 1037 νόμος
417 952 613 1034 πνευματικὰ
627 948 823 1035 θεωρήματα
838 953 915 1034 πρὸς
930 947 1052 1034 ἑαυτὸν,
1102 966 1270 1028 vinorum.
1307 968 1376 1031 Lex
1403 968 1494 1030 enim
1527 985 1634 1048 quum
1664 970 1854 1051 spiritualia

308 1065 446 1140 περισπᾷ
468 1057 526 1141 τὴν
546 1053 694 1134 διαναιαν,
715 1057 770 1119 ιιαῑ
792 1053 962 1119 αιιυιθιιιαι
984 1057 1057 1132 τοὺς
1103 1069 1226 1133 habeat
1240 1087 1300 1151 per
1321 1072 1482 1153 seipsam
1506 1072 1749 1136 consideranda
1763 1091 1855 1155 spec·

306 1155 753 1244 λογισμούς.11ακάριονγὰρ
776 1159 871 1234 ὄντας
894 1160 930 1222 τὸ
954 1160 996 1243 μὴ
1021 1157 1056 1224 α·
1103 1175 1228 1253 tacula,
1252 1174 1288 1236 in
1311 1175 1483 1238 diversum
1505 1180 1654 1239 mentem
1680 1178 1796 1258 trehit,
1819 1183 1854 1241 et

307 1265 479 1331 πολύεσθαι
500 1266 535 1330 ἐν
557 1263 757 1348 περιστάσεσι
781 1263 961 1350 γεγονότας,
991 1266 1056 1330 οἶον
1102 1275 1243 1357 dissipat
1267 1279 1481 1342 tentationes.
1515 1280 1642 1344 Fausta
1666 1283 1757 1346 enim
1779 1299 1851 1347 sors

307 1369 358 1434 ἐπὶ
373 1366 559 1455 μαρτυρίου·
579 1367 606 1433 αἶ
622 1366 665 1453 μή
687 1389 733 1446 τις
754 1367 983 1454 ιιραριλιιήυιι
999 1378 1055 1433 tob
1102 1398 1181 1445 vere
1197 1387 1256 1462 est,
1272 1400 1340 1446 non
1355 1381 1494 1447 dissolvi
1510 1401 1566 1448 eos
1586 1386 1645 1467 qui
1661 1386 1696 1448 in
1720 1388 1851 1468 perieu-

307 1472 392 1541 Θεοῦ
407 1475 461 1539 τὸν
475 1471 580 1558 νόμον,
596 1469 780 1538 ἀπόλλυται·
1102 1486 1145 1550 lis
1164 1492 1352 1568 versantur,
1369 1459 1470 1569 duale
1494 1495 1546 1553 est
1560 1492 1715 1573 martyrii
1738 1492 1854 1556 discri-

1103 1607 1193 1682 men3
1207 1592 1274 1654 nisi
1289 1593 1366 1672 quis
1384 1593 1497 1672 legem
1512 1593 1573 1656 Dei
1587 1593 1770 1658 meditatus
1784 1594 1855 1658 fue-

1102 1695 1157 1774 rit,
1175 1695 1309 1777 peribit.

351 1807 383 1851 v.
401 1788 453 1852 95.
468 1784 547 1872 Ἐμὲ
561 1782 731 1870 ὑπέμειναν
752 1782 937 1869 ἁμαρτωλοὶ
952 1794 1007 1850 τοῦ
1021 1782 1057 1849 ἀ·
1147 1815 1179 1862 v,
1206 1801 1257 1862 95,
1281 1803 1335 1864 Me
1356 1805 1599 1882 etpecmemmt
1615 1805 1798 1882 peccatam
1819 1807 1856 1867 nt

307 1889 441 1958 πολέσαι
456 1911 513 1977 με·
528 1891 570 1955 τὰ
585 1888 739 1975 μαρτύριά
755 1909 811 1953 σου
827 1897 960 1974 συνῆκα.
1099 1903 1271 1987 perderent
1281 1921 1345 1970 me:
1362 1905 1545 1970 testimonib
1559 1911 1617 1970 tua
1630 1906 1789 1971 intellecti.

350 1995 435 2073 Νοῦς
449 1994 557 2059 ιιαθιῖιν
579 1990 749 2078 Υυρνιυθινς
764 1994 819 2056 ιιαν
841 1992 988 2078 Υνιῖνααυιί
1005 1989 1057 2078 pt-
1146 2009 1240 2072 Mens
1264 2009 1478 2090 passionibus
1506 2027 1615 2073 vacua
1641 2013 1675 2073 et
1700 2011 1853 2074 scientim

307 2121 403 2186 τυκυς
424 2097 561 2184 Υαρανῖνς
584 2095 833 2180 πανρνρῖαπῑρρι
852 2096 970 2180 lilim
993 2105 1055 2161 ιιῖιν
1102 2128 1237 2193 compos
1251 2112 1292 2175 fit
1306 2112 1515 2177 damonibus
1528 2114 1683 2194 astutior,
1698 2132 1798 2196 saepe
1814 2116 1854 2179 il-

308 2203 471 2290 tarpeiae,
495 2201 596 2286 ittae
611 2200 764 2278 πολλάκις
779 2203 815 2265 ια
830 2207 885 2266 ιυῦ
908 2200 1056 2266 Παΰλυυ·
1103 2217 1162 2280 lud
1178 2217 1292 2282 dicens
1308 2218 1398 2300 apud
1414 2219 1573 2282 Paulum:
1601 2240 1618 2279 r
1636 2220 1679 2283 Ut
1701 2235 1769 2282 non
1791 2219 1856 2282 cir-

306 2306 377 2375 Ἶνα
393 2310 436 2394 μὴ
460 2304 739 2390 πλεονεκτηθῶμεν
759 2305 819 2370 ὑπὸ
841 2314 897 2368 παν
912 2303 1053 2386 Σαππνα,
1102 2323 1360 2386 cumveniamur
1374 2342 1394 2386 a
1410 2326 1550 2403 Satana;
1568 2323 1743 2386 nonenim
1759 2324 1857 2402 igno-

307 2413 344 2478 οὺ
359 2415 421 2500 γὰρ
437 2413 532 2477 αὐτοῦ
547 2410 587 2474 τὰ
600 2407 746 2495 νοήματα
761 2407 945 2493 ἀγνοοῦμεν.
1102 2445 1218 2490 ramus
1233 2429 1457 2505 00gttat10nes
1470 2426 1553 2507 ejus,
1570 2447 1588 2486 ›>

352 2537 383 2581 V·
411 2517 464 2581 96·
492 2513 604 2598 [limis
631 2511 811 2589 υυυιιλιῖας
837 2512 919 2578 εἶδαν
945 2511 1054 2599 παρας,
1145 2551 1177 2596 v.
1187 2537 1239 2597 96.
1250 2534 1361 2599 Omnis
1371 2533 1653 2598 renumerationis
1662 2531 1849 2616 oidifincm

308 2617 479 2703 πλατειυὴ
496 2616 608 2702 ἐντολή
625 2637 682 2682 σου
697 2616 829 2701 σφόδρα·
1102 2636 1206 2700 inem
1221 2637 1636 2704 montemtremitum

351 2723 389 2790 Ὁ
406 2721 590 2798 πλυιυυθιις
605 2722 659 2786 ιιαν
676 2718 790 2805 iiiiii
806 2721 857 2785 δια
868 2724 926 2808 fil
937 2720 1053 2791 παιιῖπν
1146 2743 1210 2817 Qui
1225 2741 1386 2804 dilatatus
1402 2745 1463 2820 est,
1483 2757 1595 2821 neque
1608 2741 1742 2804 malitia
1764 2757 1858 2804 coar-

313 2826 613 2913 αππνρχινρραρπναὶ,
629 2824 782 2890 πλατεῖαν
801 2822 988 2911 apotomes
999 2835 1057 2890 πα·
1101 2852 1221 2923 ctatus,
1233 2844 1465 2908 confessusest
1479 2845 1586 2908 latum
1599 2863 1673 2909 esse
1684 2860 1782 2907 omne
1794 2845 1859 2908 Dei

308 2955 368 3000 σαν
383 2932 535 3015 εἶναιτὴν
550 2927 680 3013 ἐντολὴν
695 2937 750 2991 τοῦ
766 2926 859 2995 Θεοῦ.
1101 2950 1310 3012 mandatum,

352 3059 383 3102 v·
402 3039 453 3102 97·
469 3032 525 3112 Ὧς
546 3032 703 3118 treenta
716 3035 770 3096 παν
793 3031 887 3119 adpro
908 3052 975 3117 αρν,
991 3033 1056 3100 Kb
1145 3071 1176 3116 v.
1194 3054 1245 3117 97.
1265 3051 1419 3128 Quomodo
1433 3050 1536 3117 dilexi
1552 3051 1652 3134 leuem
1674 3056 1773 3132 tuom,
1792 3055 1856 3116 Do-

307 3162 363 3226 ρα,
381 3140 459 3225 ὅλην
475 3141 533 3224 iil
547 3135 670 3222 ἡμέραν
687 3133 804 3221 ρανὲπη
822 3136 881 3222 ραν
897 3136 972 3203 ἐαπι·
1100 3157 1196 3236 mitte,
1214 3161 1280 3222 tote
1293 3155 1345 3220 die
1358 3155 1522 3221 predicatio
1536 3173 1607 3220 ntea
1621 3161 1679 3221 est.

349 3243 386 3310 Ὁ
408 3243 540 3329 αΥαπῶν
562 3242 618 3318 παι
641 3240 770 3318 ἐνπαλας
793 3239 917 3305 παιαῖπιν
946 3242 1054 3323 ανπας,
1145 3263 1208 3337 Qui
1223 3262 1339 3340 diligit
1353 3261 1521 3341 mandata,
1534 3279 1574 3324 ea
1585 3260 1697 3341 iaciat,
1709 3267 1743 3326 et
1757 3264 1852 3326 vivet

304 3351 359 3414 ιιιιι
381 3346 511 3434 ζῆααπαι
530 3346 564 3412 ἔν
587 3347 707 3427 attere,
723 3347 744 3430 i
761 3344 813 3410 δια
828 3345 941 3410 ανπῶν·
964 3345 1052 3431 Καρ·
1100 3365 1136 3428 in
1152 3366 1202 3428 eis
1214 3370 1274 3428 aut
1288 3383 1348 3446 per
1364 3383 1413 3428 ea.
1434 3367 1485 3428 Tu
1508 3366 1661 3428 omnium
1684 3371 1852 3431 scrutator

305 3451 484 3538 διαρνῶαπα
505 3449 649 3534 πανπανν,
677 3447 756 3525 Εἶδες
785 3447 833 3514 ὄπι
859 3446 962 3533 estat
990 3451 1055 3537 lxo
1099 3470 1263 3550 cordium,
1289 3469 1384 3533 vides
1418 3486 1522 3550 quam
1551 3468 1744 3549 jucundum
1767 3471 1853 3535 mihi

348 3697 512 3758 Hrassrus
526 3694 563 3758 in
577 3710 607 3756 ο.
624 3693 681 3756 97.·
699 3695 901 3773 Promptum
929 3695 1049 3776 utique
1099 3694 1224 3759 idcirco
1236 3694 1298 3756 ait:
1326 3693 1368 3756 Ut
1384 3691 1487 3756 didaci
1505 3689 1614 3772 lepore.
1627 3690 1747 3755 Differt
1759 3693 1851 3756 enim

303 3783 417 3847 fuerat
427 3783 567 3848 dixisse:
588 3781 740 3858 &eomodo
745 3782 820 3864 seri
838 3783 939 3864 opem
953 3787 1051 3847 trum!
1099 3785 1201 3861 longe
1215 3782 1421 3862 obsequium
1445 3780 1568 3843 amoris
1595 3798 1615 3842 a
1641 3781 1772 3844 timoris
1802 3782 1851 3844 of-

303 3873 362 3937 sed
378 3873 460 3953 qnia
475 3871 585 3951 majus
613 3873 773 3935 meritum
803 3875 854 3934 est
882 3877 1052 3936 amantem
1098 3871 1185 3950 ficio,
1200 3889 1263 3934 nec
1278 3869 1381 3933 habet
1408 3870 1558 3947 gratiam
1584 3870 1770 3933 voluntatis
1793 3889 1852 3934 ne-

301 3961 432 4042 aliquid
447 3961 560 4043 potius
587 3977 700 4040 agere,
733 3977 836 4040 quam
863 3961 1051 4040 timentem,
1097 3961 1263 4025 cessitatis
1278 3959 1437 4040 operatio.

301 4178 407 4250 tinent,
420 4195 486 4251 quse
495 4176 600 4234 mutila
609 4175 748 4232 nimirum
757 4175 1053 4249 vidantunintegrio-
1097 4178 1165 4251 gnis
1189 4176 1418 4250 cogitationibus
1440 4182 1471 4234 et
1489 4177 1667 4235 adversariis
1687 4177 1849 4236 rimntibus

300 4281 335 4320 ra
347 4264 474 4321 fortasse
489 4263 566 4337 apud
579 4263 747 4333 Eusebium,
761 4263 819 4334 qui,
832 4280 921 4334 quum
931 4263 967 4319 de
976 4283 1052 4320 mer·
1095 4283 1143 4322 me
1155 4263 1403 4337 impugnantibus,
1416 4264 1598 4337 pereundum
1609 4264 1683 4321 mihi
1700 4270 1772 4335 erat,
1790 4264 1850 4321 nisi

300 4351 381 4425 tyrio
402 4350 511 4423 frigide
533 4349 664 4419 sentiret,
685 4349 822 4420 magistri
842 4350 933 4406 verbs
952 4351 1052 4423 potius
1095 4349 1537 4422 lextuafuleromihifuisset.„
1551 4351 1755 4423 Fort.lsg.tob
1767 4369 1848 4420 πονη-

300 4454 388 4508 qnam
400 4455 454 4493 sus
464 4435 553 4506 dedit,
571 4435 629 4492 huc
651 4436 756 4491 saltem
765 4436 856 4491 latine
868 4437 1050 4494 revocando:
1094 4445 1142 4508 poi
1153 4437 1415 4508 ropopetmmbat
1426 4439 1628 4493 tentationibus.
1636 4437 1742 4492 Metth.
1751 4453 1792 4508 rr,
1801 4439 1843 4492 lu

300 4528 316 4560 ν
327 4523 392 4581 Viri
403 4524 497 4596 igitur
505 4521 586 4578 besti
600 4527 645 4578 est
656 4521 748 4578 fuisse
761 4522 793 4577 in
805 4521 1007 4578 humiliatione
1021 4530 1051 4580 et
1129 4543 1158 4582 v.
1171 4526 1213 4580 95.
1227 4525 1295 4580 Vat.
1305 4525 1330 4594 ὅ,
1344 4539 1378 4580 11.
1391 4521 1456 4577 Cor.
1470 4538 1503 4579 11.
1517 4524 1559 4579 11.
1573 4522 1611 4580 cf.
1624 4523 1675 4577 BB
1688 4521 1726 4577 ad
1738 4541 1766 4580 v.
1786 4523 1829 4578 98.

298 4605 358 4665 non
370 4608 493 4681 periisse
506 4607 586 4682 (inde
606 4607 628 4662 t'.
642 4607 798 4679 legendum
810 4624 900 4681 supro
917 4613 948 4664 τὸ
961 4613 997 4679 μὴ
1019 4615 1050 4666 ot·
1129 4629 1157 4670 r.
1168 4613 1211 4668 96.
1224 4613 1292 4669 Vnt
1306 4611 1333 4666 5.

298 4695 445 4768 πολέσθαι),
467 4699 500 4750 ut
512 4693 539 4749 si
559 4712 587 4750 v.
609 4710 637 4765 g.
659 4694 790 4752 venerim
801 4695 833 4749 in
854 4696 1050 4754 tentationem
1127 4717 1155 4755 v.
1169 4698 1211 4753 97.
1224 4698 1291 4754 Vnt.
1305 4698 1330 4768 5,
1343 4698 1368 4765 6,
1388 4695 1541 4766 11161),
1567 4711 1599 4766 11,
1622 4696 1664 4750 10.
1685 4695 1775 4751 Haud
1796 4695 1846 4751 ob·

298 4779 443 4854 martyrii,
462 4779 619 4852 siquidem
637 4786 794 4852 antequam
811 4782 843 4836 in
855 4799 920 4838 sem
941 4783 1050 4841 incide·
1094 4789 1191 4841 stante
1200 4782 1583 4858 vinculorerumpsriodioo
1594 4785 1847 4855 sclpn'ollltoml·

299 4885 369 4938 rem,
382 4868 431 4924 lex
452 4873 504 4924 tus
516 4867 668 4924 meditatio
680 4869 754 4924 mihi
771 4887 887 4943 semper
898 4869 996 4940 fuerit,
1018 4877 1050 4927 st
1093 4872 1166 4928 time
1178 4871 1335 4928 Corderius
1357 4871 1485 4945 Didymo
1507 4871 1695 4944 adjudicavit.
1715 4873 1844 4941 Quaestio

299 4971 364 5010 eam
376 4962 532 5011 exsecutus
545 4955 612 5009 sim:
627 4973 692 5010 cum
704 4955 735 5010 in
746 4956 982 5014 humiliationem
996 4975 1049 5032 per
1093 4959 1134 5015 sit
1146 4965 1244 5014 utrum
1255 4958 1380 5032 publices
1392 4965 1526 5016 veterum
1535 4958 1769 5016 Christianorum
1777 4958 1845 5024 sint,

299 5039 492 5096 tentationem
509 5040 644 5114 martyrii
664 5059 781 5110 venero,
793 5060 853 5098 non
869 5043 979 5116 peribo.
1000 5045 1049 5101 Sic
1092 5063 1131 5102 sn
1142 5045 1266 5118 privates
1279 5045 1449 5118 interpretis
1461 5063 1562 5119 preces
1577 5043 1845 5119 pientissimtequae

299 5122 422 5181 inomni
445 5125 609 5182 tentatione
621 5126 703 5200 loqui
723 5145 777 5200 per
794 5127 899 5186 fuerit:
913 5135 945 5188 st
964 5131 1047 5190 mcli-
1093 5133 1172 5208 apud
1185 5131 1344 5205 Origenem
1356 5131 1589 5207 frequentantur.
1899 5120 1902 5135 '
