3966 6108
274 441 338 506 482
940 448 1151 514 ORIGENES

319 603 351 647 v.
368 583 398 647 6.
421 581 621 665 Ἀλαλάξατε
643 583 775 652 ἐνῶπιον
799 595 854 652 τοῦ
869 587 1023 674 βασιλέως
1067 583 1315 674 ἀναπεμπομένη
1339 593 1383 671 τῷ
1405 583 1477 671 Θεῷ
1499 581 1676 671 δοξολογία,
1699 583 1740 670 ἢν
1760 585 1820 649 οῦκ

274 685 390 773 Κυρίῳ.
1068 693 1134 758 ἔστι
1155 691 1286 758 δυνατόν
1307 688 1393 776 λόγῳ
1416 688 1615 774 ἑρμηνεῦσαι,
1637 689 1693 752 καί
1716 688 1817 772 ταύτῃ

317 789 402 876 Πρός
417 802 481 872 τοῖς
497 791 672 880 εἰρημένοις
687 794 705 860 ό
720 795 814 881 λόγος
836 797 1025 880 προστάττει
1067 795 1205 882 χρῆσθαι
1228 795 1246 859 ό
1268 792 1362 879 λόγος
1385 795 1457 870 τοὺς
1473 789 1665 878 δυναμένους
1688 788 1818 876 προτρέ-

275 893 447 975 ἀλαλάζειν
461 895 593 962 ἐνώπιον
606 907 664 963 τοῦ
680 897 833 984 βασιλέως
848 899 978 986 Κυρίου,
995 902 1023 967 εί
1066 921 1146 966 πειν.
1172 902 1270 968 Vatic.
1290 902 1340 964 16.

274 997 358 1062 ἔστιν
372 1019 417 1077 τις
430 998 657 1086 ἀνεκλάλητος,
674 1003 759 1068 κατὰ
774 1002 872 1089 μόνην
884 1004 1023 1071 διάνοιαν

852 1199 1024 1278 Ροαίιιικε
1048 1193 1249 1276 ΧΟΠΙΙ.

316 1426 348 1471 v.
368 1409 399 1472 1.
413 1399 453 1472 ‘0
467 1404 584 1494 Κόριος
605 1409 818 1495 ἐόασίλευοεν,
835 1408 1020 1496 όργιζέσθιι-
1106 1405 1208 1496 Ὀπερ
1223 1412 1295 1497 όρος
1307 1409 1458 1497 ἡγίασται
1471 1409 1530 1474 ὑπό
1544 1419 1601 1476 τοῦ
1618 1405 1750 1496 Κυρίου,
1760 1419 1820 1476 τοῦ

274 1531 333 1576 σαν
348 1509 430 1576 λαοί.
1063 1515 1097 1580 ἐν
1112 1514 1197 1601 αὐτῷ
1216 1525 1457 1592 κατοικοῦντος·
1481 1515 1569 1600 είχεν
1586 1514 1614 1578 δ’
1624 1515 1663 1580 ἐν
1679 1525 1773 1582 τοῦτο
1796 1513 1819 1598 ἡ

315 1611 362 1679 Oc
379 1613 472 1700 μόνον
494 1618 571 1702 πρός
585 1620 659 1696 τοὺς
679 1620 723 1698 είς
738 1621 833 1686 αὐτόν
854 1637 1020 1686 πεπιστευ-
1062 1627 1119 1682 τοῦ
1134 1617 1218 1686 Θεοῦ
1231 1616 1398 1704 ἐκκλησία,
1413 1621 1486 1703 περί
1497 1621 1533 1683 οὗ
1549 1619 1681 1703 εἴρηται·
1694 1617 1815 1704 Προσε-

271 1716 379 1799 κότας,
395 1721 451 1784 καί
465 1719 599 1799 οἰκείους
614 1722 711 1789 αίποῦ
725 1721 923 1810 γενομένους,
937 1722 1021 1788 ἀλλὰ
1065 1721 1223 1808 ληλόθατε
1239 1723 1321 1790 Σιόιν
1335 1726 1402 1810 όρει
1414 1725 1470 1789 καὶ
1484 1723 1576 1790 πόλει
1587 1722 1672 1791 Θέοῦ
1687 1723 1816 1804 ζῶντος,

271 1823 326 1887 καί
340 1823 393 1887 ἐπί
407 1825 480 1900 τοὺς
491 1824 714 1913 ὀργιζομένους
729 1825 833 1914 ἐπὶτῳ
846 1825 1022 1914 βασιλεύειν
1065 1826 1277 1916 Ἰερουσαλὴμ
1298 1827 1495 1916 ἐπουρανίου.
1523 1829 1628 1894 Καλεῐ
1650 1841 1820 1917 τοιγαροῦν

273 1926 378 1993 αὐτόν.
1065 1935 1120 1999 καὶ
1136 1941 1190 1998 νῦν
1210 1933 1297 2019 ἡμᾶς
1319 1934 1337 1997 ό
1358 1931 1452 2020 λόγος
1474 1933 1580 2018 πηδᾶν
1602 1933 1653 1999 έπί
1676 1935 1735 2020 τὴν
1757 1943 1821 2001 τῶν

315 2051 347 2095 ν
364 2034 394 2096 9.
411 2029 476 2097 Καί
491 2043 696 2117 προσκυνεῖτε
715 2035 759 2112 εἰς
775 1986 847 2120 όρος
862 2025 952 2121 δ’γιον
969 2036 1024 2099 ci»
1066 2041 1208 2124 οὐρανῶν
1230 2035 1393 2124 βασιλείαν
1415 2039 1471 2101 καί
1492 2037 1546 2103 ἐπί
1563 2040 1600 2102 τό
1623 2039 1697 2123 όρος
1720 2037 1820 2105 αὐτοῦ

278 2144 343 2200 τοῦ.
1068 2141 1104 2205 τό
1120 2141 1274 2226 οὐράνιον.

306 2356 356 2412 Ρε.
369 2373 476 2428 ιστιιι,
494 2375 522 2415 ν.
535 2360 560 2428 1,
582 2360 600 2413 9
613 2337 650 2414 ox
664 2359 757 2416 vatic
770 2360 814 2415 11.
832 2360 868 2417 In
879 2361 939 2419 tino
959 2361 1023 2418 cod.
1068 2363 1181 2420 Ultimo
1193 2362 1335 2435 nllogoiia
1346 2361 1385 2420 ab
1395 2363 1561 2420 Athanasio
1574 2362 1613 2419 od
1628 2363 1823 2438 Euthymium

272 2441 363 2501 habet
371 2448 473 2500 παθεῖν.
485 2443 583 2501 Etiam
592 2461 691 2500 rorum
702 2449 747 2501 ost
756 2449 851 2502 παδασι
859 2464 913 2521 pro
921 2451 1024 2517 ιεηόαιιι.
1068 2447 1253 2520 Zigobonum
1264 2448 1402 2506 traducta
1414 2455 1469 2506 ost

870 2659 1042 2738 Pcalmuo
1069 2657 1221 2738 XCIX.

317 2893 349 2938 v.
368 2876 397 2938 l.
413 2871 549 2958 Ψαλμός
564 2871 609 2950 είς
623 2869 859 2957 ἐξομολόγησιν.
1066 2879 1214 2956 παρορμᾷ
1235 2868 1321 2956 ἡμᾶς
1343 2869 1394 2936 ἐπί
1416 2873 1474 2958 τὴν
1501 2871 1623 2958 ἄφιξιν,
1660 2873 1707 2940 διό
1730 2895 1821 2961 φησι·

316 2977 391 3042 Ἐπὶ
405 2985 444 3063 τῇ
459 2978 545 3042 κατὰ
565 2977 627 3042 τῶν
649 2976 770 3063 ἐχθρῶν
793 2977 849 3041 καί
865 2972 1022 3061 πολεμίων
1065 2972 1177 3040 Πάντα
1198 2975 1233 3040 ἐν
1253 2975 1449 3062 ἀγαλλιάσει,
1474 2979 1517 3064 μὴ
1542 2981 1605 3067 γὰρ
1627 2980 1819 3068 σκυθρωπὴν

275 3077 358 3166 νίκη,
371 3080 425 3158 οὓς
435 3081 676 3168 τροπιυσίιμενος
688 3083 742 3146 καί
758 3079 932 3163 ἀπελάσας,
948 3079 1023 3144 ὑπο-
1066 3079 1156 3161 είναι,
1172 3080 1278 3164 φησίν,
1300 3077 1446 3166 ἡγεῖσθαι
1460 3084 1518 3168 την
1541 3081 1686 3149 δουλείαν
1707 3084 1819 3166 αῦτοῦ,

276 3181 394 3269 χείριον
409 3181 577 3270 πεποίηται
594 3193 701 3250 πᾶσαν
715 3186 773 3270 τὴν
787 3183 888 3249 πάλαι
906 3182 958 3248 ὑπ’
969 3184 1023 3248 oo
1068 3182 1149 3267 μηδὲ
1163 3181 1309 3268 λυπηρὰν
1323 3185 1378 3248 καί
1392 3183 1551 3267 ἐπίπονον,
1573 3191 1672 3276 μεστὴ
1690 3188 1754 3275 γάρ
1769 3191 1821 3257 ἐσ-

275 3296 320 3374 τῷ
335 3287 554 3376 κρατουμένην
568 3299 639 3378 γῆν.
664 3294 763 3359 Vatic.
782 3293 832 3356 11.
1067 3306 1114 3352 τιν
1138 3285 1356 3372 ἀγαλλιάσεως
1381 3289 1437 3352 καί
1459 3289 1674 3377 εόιρροσόνης·
1696 3294 1820 3379 πρῶτόν

316 3414 348 3458 v.
365 3394 398 3475 4,
409 3397 440 3459 5.
455 3393 660 3460 Είσὲλθατε...
677 3393 726 3460 ότι
740 3394 879 3480 χρηστός
895 3391 1021 3480 Κύριος.
1066 3409 1105 3475 γε
1124 3391 1187 3476 μὴν
1209 3388 1391 3470 ἀλαλόξατε
1413 3399 1458 3476 τῷ
1480 3390 1587 3479 Κυρίῳ
1603 3395 1655 3460 ἐπί
1670 3406 1709 3482 τη
1732 3401 1820 3464 κατὰ

316 3496 382 3562 Καί
404 3496 477 3582 έξης
492 3497 527 3564 δέ
549 3498 690 3583 είρηται·
712 3496 880 3564 Είσέλθετε
900 3497 945 3577 είς
967 3498 1024 3576 τόις
1066 3503 1129 3560 τῶν
1143 3493 1266 3580 ἐχθρῶν
1280 3493 1361 3579 νίκη·
1377 3496 1460 3561 ἐπόιν
1475 3496 1510 3561 δέ
1524 3495 1755 3586 θεολογοῦντες
1766 3505 1822 3569 τόν

273 3600 375 3680 πόλας
398 3603 496 3668 αὐτοῦ
511 3602 556 3679 είς
570 3600 806 3688 ἐξομολόγησιν.
823 3599 888 3666 Καί
909 3603 1023 3670 πόλιν·
1067 3596 1195 3684 Κύριον,
1208 3597 1488 3686 ἀλαλάξατεαότῶ
1501 3607 1728 3688 μακαριοποιόν
1742 3605 1823 3671 ἀλα-

274 3704 536 3793 Ἐξομολογείσθε
551 3703 646 3792 αὐτῷ,
663 3707 777 3772 αίνείτε
795 3709 831 3771 τό
850 3708 950 3791 όνομα
968 3708 1023 3772 αὐ·
1066 3701 1190 3786 λαγμόν
1203 3702 1289 3766 κατόι
1303 3700 1357 3766 τό·
1373 3701 1538 3789 Μακάριος
1554 3704 1571 3770 ό
1586 3705 1692 3786 λαόςό
1707 3707 1819 3794 γινιόσ-

272 3819 338 3874 τοῦ.
351 3808 510 3896 Πρότερον
531 3811 567 3875 δέ
581 3807 757 3896 ἀρχόμενος
783 3811 800 3876 ό
822 3809 917 3895 λόγος
932 3812 1023 3896 ἥκειν
1066 3826 1132 3871 κιιν
1148 3804 1346 3891 ἀλαλαγμόν.
1371 3805 1556 3891 Τηνικαῦτα
1570 3808 1761 3879 δουλεῦσατε
1775 3823 1821 3901 τῷ

273 3915 328 3978 καί
340 3915 484 3980 σπεόδειν
499 3915 551 3980 διὰ
562 3915 664 3978 αὐτῶν
676 3911 897 4000 χρηστοτέριυν
913 3921 1022 3999 φωνῶν
1067 3909 1175 3997 Κυρίῳ
1189 3910 1224 3975 ἐν
1239 3911 1425 3997 είιιρροσόνη.
1450 3917 1548 3982 Votic.
1568 3917 1619 3981 16.

930 4104 1101 4182 Psalmuo
1127 4104 1169 4182 0.

318 4330 349 4375 v.
367 4311 398 4392 3,
414 4312 444 4373 4.
461 4306 531 4375 Οὔκ
550 4305 709 4391 ἐκολλήθη
727 4327 779 4392 μοι
794 4304 909 4390 καρδία
925 4325 1022 4390 σκομ-
1109 4322 1140 4368 ν.
1157 4307 1188 4386 3,
1204 4307 1235 4369 4.
1251 4307 1324 4372 Non
1339 4305 1474 4373 adhcoit
1487 4309 1571 4374 miii
1593 4327 1646 4374 cor
1659 4327 1822 4392 procum:

274 4411 325 4498 δή.
338 4411 560 4488 Ἐκκλίνοντος
572 4409 626 4474 ἀπ’
638 4411 715 4495 ἐμοῦ
730 4419 785 4474 τοῦ
797 4417 947 4492 πονηροῦ,
963 4409 1023 4473 οῦκ
1065 4409 1276 4475 declinantem
1301 4427 1323 4476 o
1343 4428 1394 4476 mc
1419 4413 1600 4496 οιοῑόραιιοι
1624 4433 1690 4480 ουκ
1711 4433 1821 4500 coquo-

274 4515 454 4604 ἐγίνιυσκον.
479 4518 577 4584 Vatic.
594 4517 669 4597 688,
687 4517 716 4580 1.
1065 4511 1197 4578 sociam.

316 4620 407 4687 Οῦτιυ
422 4619 458 4686 δέ
480 4619 615 4704 ἐμαυτόν
630 4617 825 4705 ἐρόλλαττον
848 4625 904 4681 τοῦ
918 4636 1019 4702 παρα·
1107 4620 1159 4681 Ita
1170 4635 1250 4682 vero
1264 4626 1390 4685 memet
1404 4623 1645 4704 custodiebam,
1658 4642 1701 4687 ne
1717 4625 1818 4708 quid-

273 4723 389 4790 θαίνειν
410 4743 439 4788 τι
461 4731 522 4787 τῶν
544 4729 608 4788 σῶν
630 4721 775 4805 ἐντολῶν,
794 4722 875 4787 ῶστε
890 4724 945 4786 καί
966 4723 1022 4800 οῦς
1065 4738 1168 4803 quam
1201 4727 1337 4787 tuorum
1370 4733 1615 4807 praeceptorum
1645 4731 1818 4809 transige-

309 4915 358 4971 Po.
372 4929 398 4986 o,
410 4931 438 4971 v.
450 4913 476 4984 3,
488 4915 515 4968 ό
531 4911 626 4970 Votic.
644 4913 678 4968 16
696 4911 797 4983 inquo
814 4911 925 4968 nostris
943 4910 1024 4968 odito
1066 4911 1123 4965 9.1
1141 4909 1199 4966 Cor
1215 4929 1243 4969 v.
1263 4912 1306 4968 l&
1318 4915 1363 4969 Ac
1380 4919 1501 4970 notetur
1517 4913 1644 4987 insignio
1662 4915 1773 4989 poginn
1784 4915 1823 4974 do

274 5002 351 5075 apud
362 5001 625 5060 Montoiolconium
637 5017 713 5074 pone
725 4997 894 5057 succedunt.
910 4999 956 5056 ef.
968 4999 1025 5073 Gy·
1067 4996 1165 5070 prisco
1176 4998 1359 5070 poenitontiae
1369 4998 1532 5072 disciplina,
1546 5000 1582 5058 do
1591 5001 1746 5059 matutinis
1755 5021 1823 5078 pro·

278 5089 363 5142 rillua
376 5089 453 5163 apud
466 5089 638 5145 Gordorium
650 5088 682 5143 in
694 5087 815 5156 scholiis
827 5087 864 5143 od
877 5106 904 5145 v.
915 5088 941 5143 Θ.
1068 5084 1187 5154 ciuibus,
1206 5103 1241 5142 oc
1259 5087 1295 5144 do
1308 5087 1394 5158 vigili
1413 5105 1484 5144 curo
1502 5088 1640 5164 episcopi,
1653 5090 1771 5163 qualem
1788 5109 1822 5148 ειν

309 5191 336 5228 ν.
350 5175 375 5229 8.
389 5174 434 5229 Ex
451 5173 513 5230 ood.
528 5175 621 5230 Vatic.
636 5173 673 5229 cf.
688 5176 701 5228 1
716 5173 781 5228 Cor.
796 5191 846 5242 xv,
859 5175 902 5230 33.
917 5173 980 5230 Gal.
997 5191 1023 5240 ν,
1068 5169 1160 5227 fuisso
1173 5171 1328 5244 profitetur
1340 5173 1538 5232 casiniensis.
