4044 6104
850 461 1056 526 EUSEBIUS
1670 462 1733 526 387

183 594 316 682 καρδίας
332 598 387 678 καί
401 599 534 681 νεφροὺς
549 597 566 662 ὁ
582 595 671 676 Θεός.
695 597 808 663 Δικαία
822 597 844 682 ἡ
861 599 935 685 βοη-
978 607 1010 667 et
1024 619 1117 668 rencs
1131 605 1229 668 Deus.
1256 604 1388 670 Jesrcm
1401 603 1601 686 adjutorium
1623 622 1728 669 mecm

188 701 257 766 θειά
273 703 332 787 μου
343 703 431 784 παρά
446 710 502 766 τοῦ
518 697 612 784 Θεοῦ,
624 710 680 766 τοῦ
695 701 851 780 σώζοντος
862 706 934 782 τοὺς
979 723 999 771 ιι
1015 707 1161 786 Βαναίαν,
1180 708 1238 788 ραι·
1251 708 1459 789 sciooesocit
1472 712 1574 774 rectos
1585 708 1684 775 corde.

185 804 286 884 οὐθείς
301 817 340 892 τῇ
357 805 481 891 καρδίᾳ.
981 798 984 807 ’
1750 797 1752 803 1

228 909 382 996 Μεγάλην
412 912 512 996 εὐχὴν
540 912 595 974 καί
615 909 860 997 έπιστημονικὴν
883 913 935 977 διὰ
1024 916 1187 994 Magnum
1215 920 1249 978 ct
1263 917 1418 997 sapiente
1443 917 1588 996 dignum
1612 919 1729 979 votum

185 1024 246 1080 τῶν
261 1023 428 1099 παρουσῶν
451 1022 561 1099 φωνῦν
585 1013 765 1100 ἀνέπεμψεν
780 1018 797 1080 δ
813 1015 935 1101 προφη-
980 1019 1144 1100 prophete
1159 1021 1283 1100 promit
1298 1036 1359 1100 per
1384 1020 1455 1084 haec
1472 1022 1585 1101 verbe,
1609 1038 1730 1102 nempe

184 1139 252 1203 της,
276 1119 471 1203 ἀπαρτισμὸν
492 1117 643 1204 ,γενέσθαι
665 1120 720 1184 καί
755 1120 935 1188 συντέλειαν
980 1125 1223 1187 exterminium
1239 1123 1314 1187 fieri
1339 1127 1647 1207 extinctionemque
1663 1141 1731 1187 me·

182 1231 240 1307 της
255 1221 381 1304 κακίας,
397 1233 455 1308 τῆς
477 1243 512 1287 τε
535 1233 597 1288 τῶν
619 1224 815 1309 ἁμαρτωλῶν
837 1247 934 1310 πονη-
980 1227 1072 1306 litte,
1096 1232 1131 1290 et
1152 1226 1371 1292 obolitiOnem
1394 1231 1556 1310 nequitiae
1582 1233 1732 1310 peccato-

183 1325 251 1411 ρίας
267 1326 462 1412 ἀφανισμόν·
485 1327 603 1411 ἵδρυσιν
619 1327 723 1394 δὲκαὶ
745 1328 934 1416 βεδαιότητα
982 1349 1075 1410 rum;
1092 1337 1165 1396 tum
1182 1333 1285 1395 simul
1297 1332 1384 1413 justi
1397 1335 1610 1414 erectionem,
1627 1334 1731 1397 firmi·

184 1432 239 1495 καί
254 1432 428 1516 στηριγμδν
443 1441 500 1495 τοῦ
515 1430 637 1496 δικαίου
661 1435 737 1517 πρὸς
752 1435 806 1498 τδν
823 1433 936 1519 μηκέτι
980 1438 1153 1516 tetemquc
1170 1440 1205 1499 et
1217 1436 1433 1516 soliditatem,
1457 1439 1505 1502 ite
1527 1441 1565 1501 ut
1587 1438 1731 1502 nullate·

161 1534 277 1616 Ιαὐτὸν
313 1533 573 1618 κλυδωνίζεσθαι,
606 1537 686 1621 μηδὲ
716 1537 934 1623 χειμάζεσθαι.
980 1556 1045 1602 nus
1060 1544 1260 1620 tempestate
1271 1539 1430 1622 jactetur,
1446 1557 1556 1622 neque
1569 1539 1729 1604 ductibus

182 1637 250 1703 Εἶτ’
261 1637 369 1722 ἐπειδὴ
394 1641 463 1722 περὶ
486 1639 686 1724 δικαιοσύνης
708 1639 792 1706 Θεοῦ
815 1642 870 1707 καί
893 1642 935 1706 δι·
980 1648 1167 1721 mergatur.
1192 1645 1294 1707 Porro
1317 1663 1424 1724 quum
1448 1643 1610 1709 disseruit
1632 1661 1731 1724 supe-

182 1741 377 1827 καιοκρισίας
388 1743 428 1806 τά
440 1739 631 1828 προκείμενα
647 1743 843 1829 διελάλησεν,
860 1746 935 1811 dxc·
980 1747 1052 1810 rius
1067 1747 1108 1810 de
1119 1747 1255 1826 justitie
1268 1750 1329 1812 Dei
1338 1753 1372 1810 et
1386 1765 1483 1830 oequo
1500 1747 1573 1827 ejus
1584 1746 1725 1826 judicio,

182 1845 301 1924 λούθως
323 1846 395 1931 έξης
419 1847 569 1928 παιδεύει,
597 1849 644 1912 δτι
664 1849 757 1934 μόνος
779 1850 864 1915 εστὶν
880 1852 934 1914 αδ·
980 1856 1226 1931 consequenter
1238 1851 1317 1914 inde
1332 1851 1469 1915 deducit
1481 1851 1637 1916 eumdem
1654 1869 1731 1914 esse

181 1953 233 2027 τδς
248 1949 266 2012 δ
281 1960 342 2016 των
365 1951 447 2017 ὅλων
471 1955 592 2039 κριτὴς,
616 1953 788 2040 δυνάμενος
811 1955 935 2023 δικαίαν
980 1955 1090 2016 solum
1109 1952 1262 2033 judicem
1286 1956 1449 2035 omnium,
1473 1957 1533 2037 qui
1557 1957 1666 2044 possit
1689 1971 1731 2016 ae·

182 2053 338 2120 ποιείσθαι
352 2058 411 2142 την
434 2065 494 2122 τῶν
511 2058 705 2143 ἁμαρτωλῶν
728 2062 783 2125 καί
806 2061 934 2130 δικαίων
981 2076 1083 2139 quam
1098 2057 1186 2122 ferre
1209 2061 1244 2121 in
1268 2063 1459 2140 peccatores
1475 2064 1510 2123 et
1528 2059 1640 2139 justos
1655 2077 1730 2122 sen·

181 2158 376 2245 κατάκρισιν,
400 2160 508 2246 έπειδη
526 2163 621 2247 μόνος
645 2163 738 2240 αὐτός
758 2164 841 2230 ἐστιν
864 2166 935 2232 έτά-
980 2163 1133 2242 tentiam,
1141 2166 1234 2227 solus
1246 2165 1370 2245 quippe
1384 2181 1490 2244 quum
1502 2164 1556 2243 sit,
1566 2164 1625 2243 qui
1638 2181 1731 2226 scru-

182 2265 245 2344 ζων
260 2263 391 2348 καρδίας
413 2268 469 2330 καί
484 2269 626 2351 νεφροὺς,
643 2270 698 2332 καί
720 2271 805 2334 κατά
824 2273 877 2336 τδν
900 2271 935 2336 ά-
979 2270 1073 2330 tetur
1094 2269 1195 2331 corda
1217 2272 1251 2330 et
1276 2285 1384 2347 renes,
1411 2269 1571 2348 solusque
1594 2269 1648 2346 sit,
1677 2285 1730 2331 oc-

182 2367 275 2453 κριδη
292 2368 387 2456 λόγον
411 2369 503 2456 μάνος
527 2373 621 2449 αὐτὸς
636 2373 675 2438 ἂν
698 2375 747 2458 εἴη
765 2374 884 2453 δίκαιος
901 2376 935 2440 ά·
980 2376 1096 2436 curete
1118 2373 1147 2435 si
1170 2373 1360 2452 loquemur,
1383 2371 1514 2452 justuS,
1540 2372 1728 2451 unicuique

181 2471 328 2550 ποδιδοὺς
351 2471 475 2558 ἑκάστῳ
499 2477 583 2540 κατά
597 2477 637 2540 τά
659 2478 738 2562 ἔργα
758 2479 855 2544 αὐτοῦ
877 2483 933 2544 καί
979 2476 1134 2540 tribuens
1157 2475 1344 2539 secundum
1360 2494 1461 2558 opere
1477 2493 1549 2555 sue,
1571 2480 1605 2539 et
1629 2474 1731 2555 juxte

183 2587 244 2642 τῦν
267 2577 339 2642 κατ’
351 2576 440 2658 άξίαν
463 2578 588 2665 έκάστιρ
610 2579 842 2668 ἀπονεμητικδς
863 2606 936 2670 τυγ-
979 2581 1196 2658 singulorum
1224 2581 1354 2643 merite.
1379 2581 1487 2644 Homo
1510 2582 1601 2643 enim
1625 2579 1727 2659 juxte

185 2681 308 2766 χάνων·
323 2682 485 2767 άνθρωπος
502 2685 558 2770 μέν
573 2686 636 2770 γὰρ
651 2686 695 2762 είς
711 2686 911 2771 πρόσωπον...
980 2683 1136 2747 faciem...

227 2806 258 2851 v.
276 2789 326 2854 12.
342 2783 380 2852 ‘0
404 2787 483 2866 Θεὸς
500 2790 610 2874 κριτης
633 2787 753 2868 δίκαιος
774 2794 829 2856 καὶ
847 2793 935 2880 ίσχυ·
1024 2807 1055 2851 v.
1085 2789 1136 2852 12·
1151 2788 1241 2852 Dttbs
1258 2787 1485 2869 jutecjcstro
1514 2793 1547 2853 ct
1557 2794 1673 2870 potent
1699 2792 1731 2852 σί

183 2893 234 2977 ρδς
249 2892 303 2955 καί
319 2892 530 2978 μοκρόθυμος,
548 2894 591 2978 μὴ
609 2893 707 2979 δργην
722 2895 850 2980 ἐπάγων
862 2896 935 2963 καθ’
979 2891 1186 2974 ίοιιραιιίκιίο,
1204 2908 1304 2975 neque
1321 2893 1573 2958 immoreretur
1586 2893 1730 2976 καραίίσ

183 2993 322 3078 ἑκάστην
336 2993 469 3080 ἡμέραν.
731 3051 733 3056 .
980 2995 1099 3062 distros.

226 3097 266 3163 Εἰ
281 3096 409 3181 δίκαιος,
436 3099 557 3178 πάντας
579 3101 729 3167 κολάσει·
746 3103 774 3168 εί
797 3106 933 3191 ἰσχυρὸς,
1024 3101 1058 3164 Si
1080 3098 1207 3180 justus,
1231 3117 1347 3164 omnes
1373 3103 1510 3182 puniet3
1536 3103 1566 3164 si
1595 3104 1726 3183 potens,
1805 3093 1809 3105 “

186 3202 308 3280 πάντας
327 3201 504 3288 δυνησεται.
527 3204 585 3269 Διά
607 3204 637 3269 τί
658 3209 695 3272 οὐ
717 3207 866 3292 κολάσεις
889 3210 936 3274 ὅτι
979 3221 1096 3268 omnes
1112 3205 1280 3286 corripere
1295 3207 1395 3269 velet.
1413 3208 1480 3269 cur
1500 3223 1569 3269 non
1588 3206 1728 3270 omnes?

184 3305 384 3394 μακρόθυμος
400 3310 476 3392 πρὸς
492 3312 527 3373 τὸ
542 3307 633 3394 γένος
647 3321 709 3376 τῶν
721 3310 901 3395 ἀνθρώπων.
980 3309 1062 3388 quio
1076 3310 1286 3388 longanimis
1302 3314 1354 3372 est
1368 3326 1453 3388 erge
1467 3309 1645 3373 hominum
1668 3326 1728 3388 ge·

864 3461 868 3466 .
982 3431 1057 3476 nus.

226 3537 258 3581 ν.
278 3519 327 3582 14.
344 3516 409 3582 Kar
431 3519 465 3582 εν
479 3519 564 3604 αὐτῷ
588 3517 735 3604 ετοίμασε
756 3521 855 3605 σκεύη
872 3521 932 3586 tc·
1023 3535 1054 3578 v.
1073 3517 1113 3578 14
1128 3517 1174 3580 Bt
1187 3517 1225 3580 ιἰι
1239 3515 1421 3598 τυραννοῦ
1435 3533 1515 3580 ναια
1528 3517 1654 3596 niorto,
1672 3532 1725 3580 ια-

182 3621 288 3702 νάτου,
300 3623 340 3686 τά
355 3620 433 3708 βέλη
456 3625 631 3700 αὐτοῦτοῖς
651 3624 829 3709 καιομένοις
841 3625 935 3712 ἐξειρ-
976 3620 1079 3703 citios
1092 3636 1241 3702 ῦιιιιῦρινῦ
1255 3619 1443 3684 ardentibus
1457 3620 1571 3704 effecit

181 3724 314 3810 γάσατο.

226 3829 299 3908 Τοῖς
326 3829 583 3917 τιμωρουμένοις,
607 3842 671 3911 τοῖς
695 3833 931 3921 κολαζομένοις,
1022 3831 1086 3892 Pro
1100 3829 1297 3910 torquendis
1313 3830 1491 3910 supplicio,
1507 3847 1567 3911 pro
1583 3831 1726 3913 punien-

182 3943 246 4012 τοῦς
269 3934 369 4014 ἀξίοις
392 3935 574 4019 κακώσεως,
599 3937 645 4002 δτι
670 3939 724 4002 τδν
752 3938 855 4024 δυμδν
878 3950 933 4004 τοῦ
978 3936 1040 4014 dis,
1055 3950 1116 4014 pro
1131 3933 1247 4011 dignis
1262 3934 1382 3998 acerbe
1404 3950 1522 4014 poene,
1535 3935 1616 4014 quia
1639 3935 1724 3996 irem

182 4038 265 4106 Θεοῦ
288 4039 459 4120 έξέκαυσον
482 4041 615 4120 ἑαυτοῖς.
633 4041 728 4108 -Ὁ
751 4047 856 4130 πατὴρ
879 4053 934 4110 τοῦ
978 4040 1040 4103 Dei
1056 4039 1091 4102 in
1107 4043 1214 4102 semet
1228 4038 1317 4119 ipsos
1340 4038 1598 4102 succenderunt.
1617 4073 1655 4083 -
1684 4039 1728 4102 11-

182 4142 339 4220 είπόντος·
354 4143 438 4229 Ἐγώ
462 4146 524 4230 εἰμι
543 4145 564 4229 ἡ
589 4146 668 4231 ζωὴ,
691 4149 752 4232 οὐχ
775 4147 934 4233 έτοιμάζτι
977 4145 1046 4208 lius
1073 4144 1132 4224 qui
1159 4142 1262 4205 dixit:
1290 4143 1397 4221 «Ego
1420 4159 1497 4205 sum
1520 4142 1636 4220 vite»
1666 4143 1726 4204 Ρο-

182 4248 216 4312 έν
239 4255 282 4331 τῷ
304 4245 384 4330 τόξῳ
407 4249 503 4312 αὐτοῦ
526 4245 624 4334 σκεύη
648 4248 808 4315 θανάτου·
833 4250 934 4336 τίθησι
978 4255 1030 4312 ter
1056 4263 1124 4310 non
1139 4251 1237 4328 perat
1253 4247 1289 4309 in
1304 4264 1385 4310 arcu
1409 4263 1471 4310 suo
1490 4263 1572 4309 vaso
1591 4246 1725 4309 mortis:

182 4359 259 4434 γοῦν
274 4352 310 4415 τδ
326 4349 414 4429 τάξον
437 4352 535 4416 αὐτοῦ
549 4353 583 4418 ἐν
606 4361 645 4438 τῇ
669 4351 795 4438 νεφέλη,
812 4355 864 4418 ίνα
887 4355 931 4440 μη
977 4353 1075 4435 ponit
1088 4351 1250 4415 nimirum
1267 4351 1303 4413 in
1314 4351 1405 4414 nube
1422 4367 1539 4415 eroum
1554 4367 1666 4428 suum,
1682 4367 1729 4414 ne

185 4453 290 4539 ἐπάγη
305 4453 387 4539 ὕδωρ
403 4454 630 4540 κατακλυσμοῦ
653 4457 704 4521 ἐπί
719 4459 776 4543 την
792 4467 863 4542 γῆν.
880 4457 934 4523 oo
978 4456 1117 4520 inducet
1133 4472 1257 4537 aquom
1273 4456 1481 4539 cataclysmi.
1498 4455 1577 4520 Ideo
1593 4455 1633 4518 de
1650 4455 1728 4519 Die·

184 4561 254 4643 τιερὶ
270 4557 417 4624 διαδόλου
433 4568 533 4624 ταῦτα
548 4558 694 4643 λέγεσθαι
709 4561 881 4646 νομιστέον.
977 4561 1055 4626 bolo
1070 4579 1111 4624 ee
1124 4560 1202 4638 dici,
1219 4559 1425 4623 censendum
1442 4563 1502 4622 est.
1789 4631 1798 4654 ·

226 4684 257 4728 v.
278 4666 385 4729 15-17.
408 4663 491 4728 Ἰδοὺ
515 4661 666 4747 ιὐδίνησεν
690 4663 823 4747 ἀδικίαν,
848 4666 934 4730 συνέ-
1022 4683 1053 4727 ν.
1087 4663 1195 4728 15-17.
1219 4663 1298 4729 Ecce
1316 4662 1483 4743 parturiit
1508 4661 1723 4742 deijustitiam,

183 4767 261 4833 λαδε
288 4767 392 4845 πόνον,
416 4769 471 4832 καὶ
497 4768 604 4831 ἔτεκεν
638 4766 777 4853 ἀνομίαν.
803 4767 933 4834 Αάκκον
978 4769 1119 4850 occepit
1136 4765 1286 4846 latorem,
1313 4769 1345 4830 σί
1358 4767 1490 4847 peperit
1509 4766 1726 4848 damiatem.

183 4871 290 4956 ὤρυξε,
307 4873 361 4935 καὶ
376 4869 556 4955 ἀνέσκαψεν
569 4871 673 4954 αὐτὸν,
687 4873 740 4935 καί
752 4872 934 4957 ἐμπεσεῖται
978 4874 1098 4938 mmm
1117 4869 1255 4952 apemit,
1282 4873 1314 4933 et
1334 4867 1445 4952 effodit
1468 4885 1561 4948 σεται,-
1584 4874 1619 4933 ῦί
1639 4869 1730 4936 cadet

216 5128 243 5168 ν.
258 5112 299 5166 12.
316 5109 407 5166 Vetic.
421 5110 455 5178 6.,
470 5109 511 5164 14.
1013 5127 1042 5166 v·
1056 5105 1145 5165 15-17.
1163 5102 1253 5162 Vetic.
1269 5103 1314 5159 13.

216 5217 244 5254 ν.
258 5199 299 5254 13.
315 5196 407 5256 Vetio.
422 5199 463 5252 16.
478 5195 582 5253 Genea.
596 5213 638 5254 rx.
