4020 6098
815 420 858 482 IN
881 417 1066 481 PSALMOS
1649 423 1712 485 213

167 556 356 642 χορεύουσαι
372 555 605 644 μετάΜαριάμ,
620 556 787 645 λέγουσαι·
809 558 912 645 ’ᾼσω-
955 559 1097 622 σίιοιυιυ
1124 560 1269 624 exivisse
1300 563 1459 627 mulieres
1486 582 1563 628 cum
1591 568 1705 647 Maria,

167 680 226 745 μεν
240 661 308 726 κτλ.
324 661 407 728 ΕίταΙ
419 661 576 748 ἐπιφέρει·
957 661 1124 726 dicentes:
1150 665 1363 728 «Cantemus
1386 671 1449 729 etc.
1464 687 1481 726 ν
1506 670 1550 732 Et
1569 667 1709 749 subjun-

958 767 1028 845 git:

208 888 240 934 v.
271 873 320 954 13,
347 871 397 935 14.
425 869 615 956 Ἐτάχυναν,
639 867 830 937 ἐπελάθοντο
851 871 913 936 των
1000 887 1032 930 ν.
1051 871 1101 949 13,
1120 871 1170 932 14.
1191 871 1260 936 Cito
1276 879 1498 953 ρυννιαιιτιιιί,
1518 874 1609 939 obliti
1629 881 1709 941 ιυιιί

164 971 265 1058 ἐργων
276 975 382 1058 αὐτοῦ,
395 977 455 1061 οὐχ
467 975 634 1060 ὑπέμειναν
650 977 707 1062 τὴν
724 973 840 1060 βουλὴν
857 975 912 1038 αὐ·
957 989 1086 1054 operum
1108 974 1189 1054 ejas,
1217 979 1249 1038 et
1273 993 1335 1038 που
1357 978 1585 1042 ιυιίίιιιισικιιιί
1606 982 1708 1046 τουσι·-

165 1086 231 1159 τοῦ,
245 1080 299 1142 καί
310 1078 512 1164 ἐπεθύμησαν
524 1078 686 1166 ἐπιθυμίαν
698 1081 731 1145 ἐν
742 1089 781 1164 τῇ
794 1077 912 1164 ἐρήμῳ,
957 1076 1040 1142 lium
1063 1078 1143 1159 ejas,
1170 1081 1398 1160 concameraret
1424 1084 1709 1163 amaricantium

164 1183 219 1246 καί
234 1181 404 1268 ἐπείρασαν
418 1188 471 1250 τὸν
487 1183 570 1251 Θεὸν
584 1182 618 1249 ἐν
632 1183 767 1268 ἀνύδρῳ.
958 1181 996 1244 tc
1017 1180 1149 1260 θιισνίυ,
1175 1185 1208 1245 τί
1229 1185 1433 1248 ίιιιίυυαιτιαί
1445 1187 1548 1248 Deam
1572 1173 1619 1250 ia
1635 1187 1706 1252 taa-

649 1344 653 1355 ,
959 1301 1064 1366 quasa.

208 1387 254 1454 Δι’
265 1388 450 1476 άγαθάτητα
471 1392 533 1476 γὰρ
555 1399 611 1456 τοῦ
627 1389 709 1457 Θεοῦ
725 1387 908 1476 προστεθέν·
1000 1391 1152 1470 Namque
1168 1389 1260 1468 dum,
1276 1389 1409 1455 favente
1425 1393 1488 1455 Dei
1510 1393 1702 1473 benignita-

164 1513 226 1558 των
240 1495 295 1558 καί
317 1497 378 1559 τῶν
393 1495 427 1560 ἐν
449 1504 488 1580 τῇ
503 1495 655 1578 θαλάσσῃ
671 1495 828 1580 κυμάτων,
850 1515 909 1558 πα-
956 1496 1000 1572 te,
1017 1493 1119 1556 etiam
1136 1493 1171 1556 in
1187 1494 1273 1556 mari
1289 1487 1392 1557 rubro
1419 1493 1543 1560 fluctus
1558 1497 1702 1578 subJecti

165 1607 317 1683 ραχρῆρα
333 1598 390 1684 μέν
411 1599 632 1676 πιστεύσαντες
647 1599 729 1684 ᾖσαν
752 1600 837 1684 αὐτῷ
853 1601 912 1684 τὴν
958 1595 1113 1677 tuissent,
1138 1598 1354 1679 inpromptu
1377 1599 1515 1680 quidem
1538 1618 1616 1663 cum
1639 1601 1705 1666 fide

164 1700 249 1786 ᾠδὴν
272 1701 307 1766 ἐν
321 1700 439 1787 Ἐξάδῳ
461 1701 618 1788 κειμένην,
634 1703 703 1768 ιίτα
725 1703 830 1768 πάντα
852 1724 912 1769 πα-
960 1701 1154 1764 cecinerant
1168 1701 1335 1783 hymnum
1351 1703 1387 1764 in
1403 1703 1518 1766 Exodo
1533 1706 1708 1787 scriptum,

164 1804 301 1890 ρέδωιιεν
314 1804 407 1892 λήθῃ.
421 1805 522 1888 Οὕτω,
538 1808 643 1892 φησίν,
655 1806 741 1887 ὀξεῖα
755 1807 844 1893 ὤφθῳ
856 1817 912 1873 τοῦ
955 1805 1168 1886 postmodum
1177 1809 1300 1868 cuncta
1312 1805 1475 1870 oblivioni
1483 1808 1706 1875 tradiderunt·

163 1907 329 1995 θαύματος
343 1909 365 1994 ἡ
389 1908 483 1995 λήθη,
500 1909 541 1988 ὡς
556 1910 646 1975 δοκεῖ
667 1911 748 1997 μηδὲ
762 1921 912 1997 γεγενῆσ-
956 1910 1006 1970 Eo
1022 1925 1141 1991 usque,
1157 1910 1215 1988 ait,
1230 1910 1329 1973 velox
1343 1911 1418 1974 visa
1434 1917 1486 1975 est
1508 1913 1657 1993 prodigii
1673 1932 1707 1980 c·
1750 1955 1753 1962 ι

164 2013 225 2078 θαι
243 2012 333 2099 Τίςὴ
351 2013 521 2098 ἀπάδειξις;
540 2012 715 2100 ἠθουλήθη,
740 2017 845 2100 φησίν,
861 2015 911 2080 δο-
954 2010 1070 2091 blivio,
1087 2016 1126 2074 ut
1147 2015 1282 2076 tantum
1305 2030 1372 2077 non
1395 2016 1579 2095 contigisse
1602 2035 1708 2101 appa·

163 2117 296 2202 κιμάσαι
311 2119 425 2195 αὐτοὺς
441 2119 475 2183 ἐν
494 2120 532 2202 τῇ
549 2116 672 2203 ἐρήμῳ·
689 2118 717 2183 οἱ
732 2118 767 2183 δέ
783 2119 911 2204 δοκιμα-
953 2119 1051 2179 reret.
1084 2116 1171 2191 Quid
1185 2122 1388 2194 argumento
1412 2122 1486 2183 est?
1512 2123 1638 2203 Voluit,
1655 2125 1705 2187 in·

163 2219 236 2286 σίαν
261 2221 409 2301 καθάπαξ
433 2224 492 2310 σίιχ
516 2221 694 2309 ὑπέμειναν,
718 2220 790 2287 ἀλλ’
802 2222 910 2289 ἐπεθιί-
953 2221 1038 2301 quit,
1056 2236 1111 2283 eos
1126 2220 1268 2301 probare
1284 2223 1320 2284 in
1335 2221 1476 2287 deserto.
1494 2226 1548 2288 Illi
1564 2243 1644 2290 vero
1660 2244 1703 2291 ns

163 2345 270 2411 μησαν
286 2325 467 2411 ἐπιθυμίαν·
482 2325 568 2412 λέγει
586 2327 621 2391 δέ
640 2328 698 2412 τὴν
721 2335 776 2390 τοῦ
797 2327 911 2406 ὕδατος
955 2325 1059 2386 semel
1068 2324 1205 2404 quidem
1214 2326 1447 2407 probationem
1455 2329 1702 2394 sustinuerunt.

163 2428 352 2515 ἀντιλογίαν.
364 2428 430 2494 Καὶ
441 2430 491 2494 ἐπί
503 2429 604 2514 τούτῳ
616 2432 670 2494 καί
681 2429 833 2515 ἐπιφέρει·
844 2429 910 2496 Καί
952 2427 1011 2491 sed
1024 2429 1253 2510 romaricum
1267 2433 1561 2512 concupiscentiam.
1574 2437 1704 2500 Asserit

161 2531 333 2617 ἐπείρασαν
355 2537 408 2600 τὸν
431 2532 513 2600 Θεὸν
528 2534 561 2600 ἐν
584 2533 715 2619 ἀνύδρῳ.
731 2533 850 2600 Ἰστέσν
873 2537 909 2600 δέ
953 2537 1070 2596 autem
1093 2534 1394 2599 contradictionem
1415 2536 1456 2600 de
1480 2555 1579 2619 aqua
1597 2575 1636 2585 —
1660 2543 1705 2605 Et

162 2635 210 2699 ὅτι
225 2635 266 2714 ὡς
283 2635 346 2701 άπὸ
362 2645 423 2702 τῶν
438 2637 582 2722 ἐσχάτων
596 2635 715 2724 ἤρξατο
726 2637 908 2725 θαυμάτων,
953 2655 1057 2719 super
1072 2638 1135 2702 hoc
1150 2641 1254 2703 etiam
1269 2639 1422 2720 subjicit:
1438 2643 1483 2706 Et
1501 2646 1707 2710 ίειιίυοινιιοιί

165 2749 258 2806 τοῦτο
279 2741 315 2806 δέ
336 2744 392 2807 καί
414 2743 447 2808 ἐν
467 2752 510 2828 τῷ
526 2741 573 2822 σζ’
592 2741 775 2828 πεποίηκεν,
798 2744 866 2808 ἐπεί
880 2745 910 2810 ἐ·
952 2744 1106 2808 Βαναία
1120 2743 1282 2825 inaquoso.
1303 2745 1484 2809 Sciendum
1506 2765 1587 2811 vero
1609 2750 1700 2830 quod

165 2842 282 2924 πέταξτ
296 2844 423 2930 πέτραν,
440 2845 553 2911 είπίιν·
953 2863 1059 2927 quum
1075 2846 1117 2909 ab
1132 2847 1292 2911 extremis
1312 2849 1485 2914 miraculis
1509 2868 1604 2916 orsus
1629 2853 1700 2916 tue·

952 2951 1007 3030 rit,
1015 2951 1104 3015 idem
1115 2952 1195 3016 iecit
1207 2955 1242 3017 in
1254 2955 1389 3034 psalmo
1401 2973 1521 3019 nxxvn
1535 2957 1703 3039 inquiens,

952 3073 1030 3119 cum
1049 3060 1179 3137 petram
1195 3059 1378 3138 percussit:

205 3177 237 3222 v.
257 3159 307 3222 15.
324 3157 389 3223 Καί
404 3159 521 3224 ἔδωκεν
544 3161 650 3239 αὐτοῖς
665 3162 700 3226 τὸ
719 3161 840 3248 αίτημα
856 3163 909 3226 αθ-
995 3179 1027 3223 v.
1045 3161 1095 3224 15.
1110 3161 1156 3225 Et
1175 3159 1263 3225 decu
1276 3162 1324 3224 eia
1339 3162 1529 3242 petitionem
1543 3163 1698 3245 ι’ριιυινιια,

160 3269 231 3346 τῶν,
247 3263 302 3326 καί
313 3261 511 3342 ἐξαπέστειλε
523 3265 711 3352 πλησμονὴν
724 3267 767 3345 είς
778 3268 837 3353 τὴν
848 3266 906 3351 ψυ-
952 3266 985 3328 σί
997 3266 1089 3331 misit
1101 3267 1310 3332 autoritatem
1323 3267 1360 3334 ic
1374 3267 1518 3332 unimam
1533 3285 1651 3334 comm.
1668 3285 1672 3294 '

162 3366 226 3451 χὴν
242 3367 354 3432 αὐτῶν.

204 3464 242 3534 Ὁ
257 3470 293 3535 δέ
307 3472 362 3535 καί
377 3469 470 3536 τουτί
492 3493 585 3557 φησι·
601 3475 739 3559 παριδὼν
756 3476 791 3539 τὸ
807 3473 910 3560 πλημ-
998 3473 1061 3548 Qui
1076 3489 1157 3535 sane
1173 3473 1208 3536 id
1223 3473 1287 3536 ait:
1303 3475 1469 3554 parcendo
1490 3477 1593 3557 impio
1616 3477 1696 3541 faci·

161 3570 299 3659 μέλημα,
321 3573 482 3661 παρέσχεν
505 3579 610 3654 αὐτοῖς
626 3581 662 3642 τὸ
683 3578 820 3664 αίτῳθέν,
839 3579 907 3644 ἀντί
953 3578 1038 3657 nori,
1061 3576 1154 3639 dedit
1176 3577 1224 3640 eis
1248 3575 1349 3656 juxta
1373 3581 1489 3659 petita,
1516 3581 1700 3646 videlicet:

158 3687 232 3742 τοῦ·
248 3676 388 3744 Δέδωκεν
404 3681 510 3758 αὐτοῖς
525 3681 607 3766 ὕδωρ
619 3684 662 3759 τίς
678 3682 807 3767 πλῆθος,
825 3683 906 3748 ὥστε
952 3682 1100 3760 largitus
1116 3686 1167 3744 est
1182 3697 1306 3760 aquom
1322 3682 1357 3744 in
1370 3687 1465 3746 tanta
1478 3684 1696 3766 abundantia,

158 3783 195 3846 τὸ
210 3783 351 3866 περιττὸν
367 3785 509 3869 πυταμθν
521 3785 670 3869 ἐκτελεῖν,
682 3788 704 3873 ἡ
717 3788 837 3872 αίτημιι
850 3788 908 3872 τὴν
953 3788 991 3847 ut
1006 3784 1096 3866 quod
1122 3788 1308 3865 supererat,
1324 3785 1359 3847 in
1384 3784 1511 3850 flumen
1531 3791 1697 3871 eruperit;

159 3883 324 3971 ἐπιθυμίαν
335 3887 432 3972 είπεν,
446 3890 556 3975 οὐγὰρ
570 3891 704 3975 ᾔτησαν,
717 3890 802 3956 άλλά
815 3912 909 3956 τιατε-
951 3891 1007 3953 vel
1010 3889 1201 3970 petitionem
1211 3891 1602 3956 intellexitdesiderium.
1612 3896 1697 3958 Nam
1767 3959 1776 3974 ‚

160 3989 316 4075 λάλῳσαν.
952 4012 1020 4058 non
1037 3993 1206 4075 petebant,
1221 3994 1279 4057 sed
1296 3997 1568 4059 murmurabant.

203 4116 235 4161 v.
255 4097 305 4161 16.
326 4094 392 4161 Καί
413 4096 628 4183 παρώργησαν
650 4097 798 4185 Μωυσῆν,
819 4099 852 4165 ἐν
867 4109 907 4186 τῇ
997 4099 1400 4164 cismontanorum
1422 4103 1554 4182 Moysen
1575 4101 1613 4165 ιἰι
1635 4119 1702 4168 aar·

157 4197 353 4286 παρεμθολῇ,
368 4203 423 4266 καί
438 4201 563 4286 Ἀαρὼν
578 4205 632 4268 τὸν
648 4205 738 4288 άγιον
753 4203 883 4288 Κυρίου.
953 4203 1027 4283 trio,
1046 4208 1079 4268 et
1091 4211 1203 4268 Aaron
1216 4208 1362 4270 santam
1376 4205 1519 4268 Domini.

202 4304 242 4372 Οἱ
256 4308 313 4384 τὰς
328 4306 458 4384 ἐντολάς
473 4313 537 4373 τοίί
551 4305 634 4373 Θεοῦ
650 4306 904 4393 παραθαίνοντες,
996 4309 1059 4383 Qui
1090 4312 1256 4390 praeoepta
1292 4310 1353 4372 Dei
1384 4309 1701 4394 transgrediuntur,

159 4407 289 4496 Μωυσῆν
304 4412 566 4497 παροργίζσυσιν·
587 4411 617 4476 οἱ
631 4413 666 4477 δέ
681 4415 739 4498 τὴν
754 4411 856 4480 πίστιν
873 4413 908 4478 ά-
952 4413 1090 4495 Moysen
1106 4413 1259 4492 irritant3
1283 4414 1344 4494 qui
1367 4431 1447 4477 vero
1470 4411 1570 4479 fldem
1592 4433 1705 4496 asper·

157 4514 329 4598 θετσῠντες,
345 4520 399 4582 τὸν
410 4514 536 4603 Ἀαρὼν
551 4517 783 4602 παροξύνουσιν.
799 4516 837 4584 Ὁ
851 4520 907 4606 μέν
951 4521 1087 4596 uantur,
1101 4516 1303 4580 exacerbant
1317 4520 1439 4580 Aaron.
1453 4519 1514 4582 Ille
1526 4519 1704 4598 actionem,

157 4619 219 4706 γάρ
235 4619 354 4704 πρᾶξιν,
370 4621 388 4684 ὁ
402 4621 437 4685 δέ
451 4619 589 4707 θεωρίαν
604 4620 760 4706 σημαίνει.
879 4691 881 4698 ,
957 4620 1014 4684 hic
1029 4622 1349 4702 contemplationem
1364 4639 1433 4702 prae
1447 4639 1483 4686 se
1499 4621 1573 4685 fert.

202 4721 565 4811 ν.11.Ἠνυίχθῳὴγῆ
578 4727 633 4790 καὶ
649 4723 779 4790 κατέπιε
791 4723 906 4812 datas,
995 4743 1028 4788 v.
1058 4726 1109 4788 17.
1137 4722 1259 4805 Aperta
1280 4729 1330 4790 ert
1351 4729 1450 4805 terra,
1480 4731 1512 4790 et
1532 4726 1704 4810 ιίσρίυίίυίί

159 4829 216 4891 καί
233 4826 392 4914 ἐκάλυψεν
406 4829 457 4894 ἐπί
472 4831 530 4916 τὴν
547 4832 735 4916 συναγωγὴν
746 4829 906 4917 Ἀθειριθν.
951 4831 1092 4908 octaua,
1121 4832 1154 4892 et
1173 4829 1299 4910 oportit
1312 4846 1410 4910 sapor
1430 4832 1702 4915 contrectantem

951 4932 1082 4998 Αίίτυιι.

194 5063 222 5106 v.
237 5047 279 5120 13,
293 5049 335 5105 14.
348 5049 416 5105 Vat.
436 5049 462 5104 4.
475 5048 547 5104 Plus
559 5049 656 5105 minus
674 5049 782 5109 similia
799 5051 909 5110 habent
989 5067 1016 5108 ν.
1032 5049 1073 5104 15.
1087 5049 1154 5106 Vct.
1167 5047 1194 5102 ά

161 5135 301 5208 vulgatus
313 5133 494 5193 Athanasius
507 5135 731 5194 stHoraclsota
986 5155 1015 5194 v.
1031 5137 1072 5192 16.
1086 5135 1154 5193 Vat.
1169 5133 1195 5190 5.
