4036 6090
311 416 372 478 130
972 413 1182 477 ORIGENES

351 553 585 640 Κατεσκήνωσε
608 556 648 619 τά
674 553 747 638 ἔθνη
774 551 985 617 πιστεύσαντα
1011 552 1054 628 εἰς
1145 552 1337 616 inhabitare
1353 553 1564 633 iecitgentes
1579 555 1710 618 Christo
1723 552 1850 618 fideles’

305 661 360 724 τὸν
375 658 522 743 Χριστὸν,
539 657 777 743 antelaturum
792 655 915 733 αύτούς.
1101 660 1134 718 et
1149 657 1338 720 introduxit
1353 675 1418 722 aas.

350 785 382 829 v.
399 766 450 829 61.
474 763 540 828 Καί
562 762 745 848 παρέδωκεν
767 763 811 840 εἰς
834 756 1053 845 αἰχμαλωσίαν
1144 778 1175 822 v.
1193 762 1244 824 61.
1259 762 1305 824 Et
1320 761 1458 827 tradidit
1478 763 1516 826 iu
1537 762 1757 842 captivitatem
1778 761 1846 824 oir-

306 870 367 954 τὴν
382 865 473 954 ἰσχύν
490 868 603 950 αὐτῶν,
619 869 673 936 καί
696 869 754 952 την
768 866 929 950 καλλονὴν
953 865 1054 929 αὐτῶν
1100 866 1199 928 tutem
1216 880 1334 944 ευινωα,
1352 865 1668 948 etprdctritudiuem
1682 883 1791 931 eorum
1811 867 1849 930 in

307 975 351 1050 είς
367 981 461 1060 χείρα
478 971 601 1059 ἐχθροῦ.
1099 983 1231 1034 omnum
1245 969 1382 1034 inimici.

351 1075 417 1142 Τοῦ
428 1075 635 1163 σκηνύματος
647 1079 706 1162 τὴν
717 1074 879 1160 καλλονήν
889 1077 948 1160 τὴν
963 1071 1054 1138 κιύω-
1143 1074 1436 1141 Pulchritudinem
1463 1076 1676 1141 tabernaculi
1703 1076 1743 1142 de
1769 1095 1848 1142 arca

306 1180 461 1266 τὸνφησι.
1101 1179 1280 1243 intellexit.

351 1305 383 1349 v.
400 1287 452 1350 65.
468 1283 533 1351 Καὶ
555 1283 690 1372 ἐξηγέρη
707 1283 749 1363 ὡς
765 1285 782 1350 ὸ
801 1285 905 1350 ὑπνῶν
926 1282 1053 1369 Κύριος,
1143 1300 1175 1344 v.
1200 1283 1251 1346 66.
1274 1284 1320 1347 Et
1341 1283 1500 1349 erumna
1521 1289 1572 1350 eet
1592 1288 1757 1367 ίααιφααοι
1778 1285 1850 1350 dor-

306 1387 348 1465 ύς
362 1388 493 1465 δυνατὸς
507 1389 773 1475 κεκραιπαληκιὸς
788 1388 821 1468 ἐξ
837 1375 931 1455 οίνου.
1099 1384 1202 1450 miens
1223 1387 1392 1466 Doruincs,
1418 1391 1581 1470 tamquam
1592 1393 1708 1471 poterae
1729 1407 1851 1473 crapu-

1099 1489 1188 1555 latus
1209 1493 1329 1556 οείιιο.

351 1596 389 1664 Ὁ
404 1598 544 1681 δυνατὸς,
560 1597 790 1685 καρηύαρήσας
812 1597 845 1678 ἐξ
867 1597 962 1680 οίνου,
977 1597 1053 1663 ὅταν
1142 1595 1275 1676 Potene,
1290 1614 1311 1659 a
1325 1597 1405 1662 vino
1423 1599 1533 1679 capite
1549 1603 1685 1680 nutans,
1709 1601 1846 1684 quando

306 1701 439 1788 ἀναστῇ,
470 1702 677 1790 σφοδρότερον
707 1711 837 1768 κινεῖται
868 1704 922 1767 καὶ
956 1703 1053 1787 ὸρμη-
1097 1699 1256 1780 surrexit,
1273 1700 1509 1766 vehementius
1531 1709 1686 1768 movetur
1710 1709 1744 1768 et
1761 1706 1845 1769 iero·

306 1803 492 1891 τικιύτερον·
508 1809 600 1889 οὕτω,
615 1809 703 1892 φησί,
719 1807 805 1872 καίὸ
832 1806 912 1884 Θεὸς
935 1803 1052 1891 ἀνέστη
1097 1804 1182 1866 ciori
1195 1805 1334 1886 impetu.
1344 1808 1395 1869 lta
1407 1808 1509 1871 etiam
1522 1808 1622 1888 Deus,
1631 1811 1688 1888 ait,
1697 1811 1847 1896 surrexit

306 1911 391 1974 κατά
416 1919 478 1976 τῦιν
508 1910 703 1997 ἀλλοφύλων.
736 1910 827 1997 Πλὴν
857 1909 1002 1996 καθάπερ
1030 1908 1051 1994 ἡ
1099 1908 1261 1972 adversus
1277 1911 1499 1989 alienigenas.
1512 1915 1754 1977 Verumtamen
1766 1931 1846 1995 que-

305 2014 479 2100 κραιπάλη,
506 2013 665 2083 τουτέστιν
693 2014 716 2100 ἡ
746 2015 836 2102 μέθη,
867 2012 1054 2080 ἐπείσακτον
1099 2012 1481 2096 madmodumcrapula,
1497 2017 1531 2079 id
1547 2019 1769 2098 calcaneus,
1789 2019 1846 2082 ad-

306 2117 405 2197 πάθος
430 2119 525 2213 ἐστὶν,
549 2122 608 2185 οὐκ
633 2121 780 2208 ἔμφυτον,
803 2124 900 2197 οὕτως
917 2120 944 2205 ,ἡ
972 2121 1052 2206 ὄρη-λη
1098 2116 1211 2180 dititia
1224 2121 1276 2180 est
1290 2120 1412 2200 passio,
1429 2137 1496 2183 non
1513 2120 1631 2202 indita,
1648 2123 1696 2185 ita
1708 2124 1759 2185 ira
1775 2139 1841 2185 non

306 2221 405 2300 πάθος
434 2225 494 2288 ούκ
523 2225 589 2289 ἐστι
616 2224 710 2308 Θεοῦ,
741 2225 825 2291 ἀλλά
853 2222 985 2311 τιμωρία
1010 2222 1054 2290 ὸί-
1098 2225 1150 2284 est
1164 2223 1225 2285 Dei
1240 2224 1376 2304 propria
1390 2227 1579 2306 propensio,
1595 2226 1761 2306 sedJusta
1782 2243 1846 2306 pu-

307 2324 386 2390 καία
410 2335 474 2405 τοῖς
500 2327 737 2414 πλημμελοῦσιν
760 2328 953 2415 ἐπαγομένη.
983 2329 1053 2416 Μη.
1098 2325 1183 2387 nitio
1199 2344 1219 2389 a
1235 2329 1623 2408 peccatoribusinveotn.
1643 2332 1782 2394 Minime
1797 2347 1847 2393 er·

307 2427 421 2496 δέποτε
444 2433 499 2497 οὖν
521 2431 743 2517 ἀναγινώσκων
763 2433 833 2516 περὶ
848 2431 931 2499 Θεοῦ
953 2426 1074 2498 ταῦτα
1097 2443 1143 2506 go
1159 2430 1195 2492 in
1209 2431 1278 2494 Deo
1294 2433 1413 2510 legens
1433 2435 1561 2498 similes
1584 2435 1764 2500 bominum
1788 2435 1845 2497 ba·

305 2537 347 2600 τὸι
362 2534 624 2621 άνθρωποπρεπῆ,
640 2535 843 2622 ύπολάμθανε
855 2539 908 2604 τὸν
923 2537 1005 2606 Θεὸν
1019 2538 1053 2604 ἐν
1097 2534 1199 2614 bitus,
1222 2553 1373 2618 suppone
1392 2539 1501 2602 Deum
1524 2539 1655 2620 aliquid
1678 2557 1751 2604 esse
1774 2557 1849 2621 pas·

305 2638 399 2705 πάθει
413 2641 510 2704 είναι·
526 2639 652 2726 ἀπαθὴς
666 2641 729 2726 γάρ
749 2641 815 2706 ἐστι
828 2643 921 2706 παντὶ
937 2640 1050 2726 τρόπῳ.
1097 2657 1183 2702 sum.
1213 2642 1299 2704 Sane
1329 2658 1543 2724 quocumque
1573 2648 1670 2724 pacto
1697 2643 1850 2725 patiendi

305 2743 394 2810 Ὁδέ
408 2744 597 2831 ἁμαρτάνων
620 2744 741 2811 ἐκκαίει
764 2744 866 2830 ἑαυτῷ
882 2745 989 2832 ὀργήν.
1013 2746 1053 2812 Ei
1098 2760 1216 2826 expers
1226 2748 1286 2808 est.
1296 2747 1339 2808 At
1347 2747 1405 2827 qui
1414 2751 1540 2828 peccat,
1549 2748 1687 2812 sibimet
1695 2747 1849 2812 accendit

220 2837 224 2846 '
304 2849 368 2934 ἐγὼ
403 2850 490 2914 είπον
513 2852 566 2915 τὸν
588 2849 669 2917 Θεὸν
692 2850 733 2927 ὡς
763 2851 1054 2936 κεκραιπαληκύτα
1097 2850 1192 2912 iram.
1209 2850 1244 2912 Si
1260 2867 1325 2928 ego
1343 2850 1488 2916 dixerim
1511 2853 1622 2916 Deum
1639 2871 1712 2916 esse
1729 2869 1847 2934 crapu-

306 2953 339 3033 ἐξ
354 2953 439 3019 οίνου
454 2952 703 3039 άναστύσασθαι,
715 2954 761 3033 τίς
776 2957 835 3020 οὐκ
850 2957 888 3021 άν
904 2955 1052 3023 έπελάύε-
1097 2955 1215 3032 latum,
1232 2954 1309 3034 quis
1324 2971 1441 3018 eorum
1465 2973 1519 3018 res
1543 2947 1772 3020 scrutantium
1796 2972 1850 3018 me

305 3057 341 3123 τά
357 3079 417 3143 μου
432 3069 492 3124 τῶν
516 3058 686 3144 φιλαιτίων,
703 3058 804 3145 λέγων
822 3060 870 3124 ύτι
885 3059 983 3146 μέθην
997 3063 1054 3125 καί
1096 3071 1164 3118 non
1179 3055 1423 3139 objurgaverit,
1446 3059 1559 3122 aiens:
1583 3065 1623 3123 tu
1646 3061 1843 3124 ebrietatem

304 3161 485 3247 κραιπάλην
507 3161 611 3247 φέρεις
633 3163 684 3228 ἐπὶ
707 3166 760 3228 τὸν
775 3163 866 3248 Θεὸν,
890 3165 1052 3250 ἄνθρωπος
1098 3165 1132 3223 et
1169 3163 1345 3242 crapulam
1368 3165 1403 3227 in
1439 3165 1546 3232 Deum
1574 3165 1688 3245 infers,
1712 3167 1850 3230 edoctus

302 3265 528 3360 ιδιδασκόμενος
561 3268 608 3333 θτι
641 3269 714 3334 ούδέ
741 3269 896 3354 ἄνθρωποι
926 3268 1053 3354 μέθυσοι
1097 3265 1196 3329 bomo
1211 3267 1270 3347 qui
1293 3267 1408 3350 fueris,
1429 3269 1519 3350 quod
1542 3269 1665 3332 ebriosi
1688 3286 1756 3333 non
1778 3269 1845 3332 bae·

306 3368 467 3454 βασιλείαν
490 3371 573 3439 Θεοῦ
588 3371 897 3458 κληρονομήσουσινς
920 3373 1053 3440 Ἀλλ’6
1098 3371 1292 3435 reditabunt
1314 3389 1461 3451 regnum
1484 3373 1575 3437 Dei?
1605 3377 1848 3438 Verumtamen

306 3495 370 3558 μως
391 3477 426 3538 τὸ
450 3476 539 3559 άγιον
554 3475 695 3561 Πνεῦμα,
718 3477 752 3542 ἐν
769 3487 810 3562 τῇ
825 3475 976 3563 ἐλευθέρᾳ
997 3488 1052 3543 τοῦ
1097 3493 1192 3540 sacer
1208 3476 1364 3558 Spiritus,
1381 3494 1478 3539 suam
1493 3493 1664 3558 usurpans
1680 3478 1786 3542 libere
1802 3479 1848 3540 lo·

305 3577 408 3664 λέγειν
422 3578 548 3665 έξουσίρ
562 3581 730 3667 τυγχάνον,
743 3583 810 3647 είπε
822 3585 875 3646 τὸν
892 3581 972 3650 Θεὸν
988 3582 1053 3646 ὸια-
1097 3580 1223 3661 quendi
1236 3582 1432 3660 potentiam,
1446 3581 1533 3644 dixit
1544 3584 1652 3646 Deum
1666 3583 1846 3659 insurgere

306 3681 471 3750 νίστασθαί
493 3705 570 3749 ποτε
593 3683 635 3763 ὡς
657 3685 798 3768 δυνατὸν,
822 3688 876 3751 καί
893 3707 1053 3772 κεκραπα-
1097 3686 1279 3765 aliquando
1288 3691 1326 3748 ut
1334 3691 1504 3766 potentem
1515 3693 1548 3750 ct
1556 3688 1684 3750 exvino
1693 3687 1844 3767 crapula-

306 3785 429 3871 ληκύτα
443 3787 477 3868 ἐξ
492 3789 586 3854 οίνου.
604 3788 700 3875 Τάχα
710 3791 772 3875 γάρ
787 3789 880 3856 οἱονεὶ
894 3790 985 3877 ἡμεῖς
996 3812 1052 3855 κα-
1096 3795 1181 3854 tum.
1196 3791 1294 3854 Forte
1310 3807 1354 3852 cn
1369 3793 1517 3871 qualiter
1532 3808 1593 3854 nos
1608 3795 1711 3872 caput
1734 3807 1845 3854 move·

306 3890 513 3978 ρηθαροῦμεν,
529 3895 584 3959 καί
600 3893 722 3980 μεθύειν
735 3905 883 3980 ποιοῦμεν
894 3897 949 3960 τὸν
960 3895 1051 3980 Θεὸν,
1098 3913 1185 3974 mus,
1202 3896 1304 3958 etiam
1321 3895 1464 3959 facimus
1479 3897 1588 3959 Deum
1611 3895 1783 3973 inebriari,
1808 3898 1847 3957 ut

304 3995 347 4074 ὡς
358 3995 530 4080 καθέυδειν,
543 3997 584 4074 ὡς
597 3997 785 4082 ὀργίζεσθαι,
801 3998 843 4076 ὡς
858 4001 898 4064 τά
913 3999 1017 4083 λοιπά,
1031 3999 1053 4064 a
1097 3999 1252 4080 dormiat,
1267 4003 1306 4062 ut
1318 4000 1494 4078 irascatur,
1507 4001 1559 4064 uti
1571 4002 1692 4062 caetera
1703 4016 1779 4080 quae
1791 4015 1848 4061 no·

307 4102 369 4186 μὴν
394 4099 539 4186 ἐφ’ἠμίν.
564 4101 667 4168 Ἀλλά
692 4101 833 4187 γένηται,
857 4103 899 4182 ὡς
920 4107 976 4170 καί
1000 4125 1052 4190 κε-
1096 4109 1165 4166 stra
1175 4110 1265 4168 sunt.
1274 4107 1400 4167 Verum
1413 4111 1484 4169 esto
1497 4109 1536 4168 ut
1547 4106 1649 4168 etiam
1662 4103 1759 4185 quasi
1771 4119 1843 4166 ora-

306 4203 543 4289 κραιπαληκὼς.
560 4204 650 4271 Ἀλλ’
661 4206 718 4271 ἐάν
738 4205 983 4293 ἐπιστρέψωμεν,
999 4211 1054 4273 καί
1096 4210 1234 4288 pulatus
1256 4208 1332 4287 fiat;
1356 4211 1506 4271 attamen
1521 4209 1550 4272 si
1574 4208 1787 4286 revertimur,
1810 4209 1844 4268 et

306 4307 465 4395 γινώμεθα
480 4311 638 4395 εὔφρονες,
654 4309 818 4396 ἐγείρεται.
831 4310 896 4376 Καί
910 4309 940 4376 τί
953 4322 1052 4398 ποιεί,
1095 4329 1214 4376 sanam
1236 4313 1400 4376 babemus
1416 4316 1574 4391 mentem,
1590 4313 1785 4376 suscitatur.
1802 4313 1845 4374 Et

1097 4417 1178 4500 quid
1194 4417 1296 4481 facit?
1806 4460 1813 4475 .

352 4539 384 4582 v.
401 4521 453 4582 66.
470 4516 535 4583 Καί
550 4516 687 4598 ἐπάταξε
702 4522 774 4596 τούς
790 4518 921 4604 ἐχθρούς
944 4522 1051 4602 αὐτοῦ,
1139 4541 1171 4584 τ.
1181 4519 1845 4603 66.Είραταισιίίίκίωιίαοισαοείαροσίο-
1983 4577 1984 4585 ,

302 4620 347 4700 εἰς
363 4624 403 4687 τά
418 4621 526 4704 ὸπίοω,
542 4621 659 4700 ὄνειδος
670 4623 795 4689 αίύινιαν
806 4624 923 4688 ἔδωκεν
935 4627 1050 4704 αὐτοῖς.
1094 4628 1195 4706 riom,
1210 4625 1412 4708 opprobrium
1422 4626 1651 4706 sempiternom
1665 4623 1752 4688 dedit
1766 4623 1822 4688 eis.

349 4724 511 4791 Πατάσσει
527 4727 570 4803 εἰς
585 4729 625 4791 rb
639 4725 737 4791 ὸπίσω
760 4730 833 4805 τοὺς
847 4728 988 4815 ἐχθρούς.
1012 4729 1052 4795 Οἱ
1139 4733 1285 4797 Ρονταίίί
1313 4732 1350 4793 in
1369 4731 1570 4811 posteriorc:
1593 4731 1653 4812 qui
1684 4729 1775 4792 enim
1807 4728 1841 4789 in

337 4965 365 5004 τ.
378 4950 420 5003 61.
443 4949 510 5004 Vat.
524 4949 548 5004 5.
570 4949 636 5006 Huc
658 4953 789 5026 respexit
810 4951 956 5026 Didymus
974 4954 1052 5028 apud
1095 4953 1275 5010 transierunt
1286 4949 1376 5016 verbo
1388 4953 1474 5005 tanus
1486 4947 1524 5004 ad
1537 4947 1690 5019 vulgatum
1701 4947 1844 5004 Athenas.

303 5035 421 5093 Corder.
1093 5040 1125 5098 in
1137 5039 1239 5114 psalm.
1253 5041 1283 5094 et
1294 5032 1375 5110 apud
1384 5035 1503 5093 Gorder.
1517 5051 1549 5102 ιι,
1562 5035 1622 5090 645.

336 5139 364 5178 v.
377 5123 420 5178 65.
433 5125 499 5181 vat.
512 5125 537 5190 2,
556 5127 581 5195 5,
595 5126 619 5195 7,
634 5127 676 5182 li.
696 5143 726 5184 rr.
746 5127 810 5183 Cor.
826 5146 865 5198 vr,
879 5130 920 5184 16.
940 5129 1052 5186 Ultima
1131 5129 1173 5183 66.
1187 5127 1254 5183 vae.
1267 5125 1292 5194 6,
1305 5123 1348 5178 14.

1979 4795 1982 4891 ί

1978 5131 1979 5219 l
