4006 6090
817 424 1069 490 massanos
1166 393 1174 409 '
1649 427 1709 491 351

174 571 238 643 τοῖς
251 565 349 651 μονὴν
360 563 382 650 ἡ
395 562 579 630 ἀνάπαυσιν.
589 561 680 650 Πλὴν
691 563 718 629 εἰ
730 563 784 629 καί
797 562 925 649 ἄνυδροι
969 567 1103 630 Interea
1118 566 1252 632 tametsi
1263 565 1344 664 ¹sine
1366 585 1455 650 aqua
1477 567 1561 632 fiant
1583 572 1716 650 animae,

174 666 681 754 τυγχάνουσιν,ἐστηρημίναιτών
689 669 817 754 φαύλων
825 689 924 754 πραγ-
969 669 1069 734 rebus
1085 675 1145 736 aut
1167 673 1264 752 aquis
1287 671 1401 752 pravis
1422 677 1587 752 carentes,
1603 676 1717 738 Domi·

176 771 457 858 μάτωνῆύδόιτων,
470 771 616 837 tabacum
626 775 681 838 τὸν
692 771 808 857 Κύριον
823 772 873 836 ἐπὶ
884 774 921 836 τό
969 792 1051 838 num
1082 781 1342 857 persequuntur,
1367 781 1406 838 ut
1435 780 1604 841 matutina
1633 780 1716 842 hora

174 877 217 954 ώς
232 877 342 962 ὄρθρον
358 875 481 961 ἐτοιμόν
493 876 593 961 εὑρεῖν
607 877 711 958 αὐτὸν,
725 877 777 942 ότε
788 879 843 940 καί
855 875 922 960 ἣξει
968 883 1161 958 promptum
1177 896 1255 942 eum
1275 879 1462 959 inveniant,
1479 882 1613 960 quando
1629 883 1716 946 deci·

173 981 283 1058 αύταίς
306 979 347 1058 ώς
363 980 451 1058 ὑετὸς
474 979 631 1066 πρώϊμος·
654 981 700 1046 διό
724 981 779 1044 καί
801 979 922 1064 ἔνυδροι
970 981 1026 1046 det
1036 981 1079 1044 ad
1094 1000 1150 1046 eas
1162 984 1191 1045 si
1206 987 1265 1045 cut
1280 983 1389 1046 imber
1404 986 1611 1068 matutinus;
1628 985 1717 1049 ideo·

175 1085 373 1172 γενήσονται,
386 1087 492 1171 πηγὰς
504 1086 538 1152 ἐν
550 1087 659 1163 αὐταῖς
670 1087 800 1172 ἔχουσαι
812 1085 926 1163 ύδατος
970 1103 1036 1168 que
1060 1086 1196 1150 undose
1210 1086 1308 1166 fiunt,
1333 1087 1509 1170 fontesque
1533 1088 1659 1154 habent
1681 1108 1719 1152 a·

177 1189 294 1270 ζώντος
309 1189 484 1275 ἁλλομένου
500 1190 543 1268 εἰς
559 1189 645 1276 ζωὴν
661 1189 794 1256 αίώνιον.
970 1207 1047 1296 auae
1062 1190 1215 1253 salientis
1232 1191 1388 1254 invitam
1404 1195 1575 1286 aeternam.
1701 1179 1704 1184 ’

221 1315 253 1358 v.
271 1297 302 1359 θ.
317 1292 491 1360 Ἀκουστόν
513 1291 645 1377 ποίησόν
669 1313 719 1379 μοι
738 1294 774 1356 τό
788 1293 868 1377 πρωί
890 1293 927 1356 τό
1014 1312 1046 1356 ν.
1071 1294 1101 1356 θ.
1116 1291 1271 1358 Aedilem
1288 1293 1352 1376 sac
1374 1293 1457 1359 milti
1478 1312 1571 1360 accae
1592 1297 1719 1362 miseri·

178 1397 267 1476 ἐλεός
282 1419 349 1480 σου,
365 1396 413 1460 ότι
427 1398 478 1462 ἐπὶ
494 1399 543 1462 σοί
558 1398 689 1484 ἤλπισα.
968 1397 1110 1462 cordiam
1124 1402 1224 1477 taam,
1242 1399 1320 1482 qaia
1334 1400 1372 1464 ia
1387 1401 1416 1462 tc
1430 1400 1569 1480 speravi.
1788 1482 1790 1487 .

220 1503 288 1590 Τὴν
302 1503 440 1588 θεωρίαν
451 1501 597 1586 ἐπιζητεῖ
605 1512 660 1567 τοῦ
673 1499 841 1586 μέλλοντος
854 1500 927 1566 αίώ-
1015 1504 1163 1584 inquirit
1184 1502 1350 1566 theoriam
1365 1501 1473 1566 futuri
1495 1505 1622 1584 saculi,
1638 1524 1719 1587 quse

175 1628 239 1692 νος,
254 1607 294 1693 ἦν
306 1609 361 1672 καί
384 1605 545 1694 βασιλείαν
560 1609 700 1691 οὐρανῶν
723 1605 794 1684 ἐθος
811 1605 924 1692 όνομά·
971 1607 1007 1670 in
1025 1624 1122 1670 sacra
1144 1608 1318 1688 Scriptura
1335 1609 1422 1672 solet
1436 1610 1549 1672 vocari
1568 1627 1716 1688 regnum

177 1712 242 1794 ζειν
258 1722 296 1798 τῇ
312 1709 389 1797 θείᾳ
402 1721 520 1798 γραφῇ·
536 1721 630 1776 τοῦτο
652 1711 713 1796 γάρ
730 1709 856 1776 ἀκούειν
875 1709 926 1775 λέ-
970 1713 1143 1790 coelorum.
1156 1711 1193 1776 ld
1205 1714 1330 1794 quippe
1342 1713 1460 1776 audire
1476 1732 1572 1778 mens
1583 1715 1719 1795 dicitur,

177 1838 268 1905 γεται
294 1827 375 1900 νοῦς,
401 1817 419 1881 θ
441 1815 598 1902 γινώσκει,
624 1815 794 1880 καὶτοῦτο
818 1817 861 1901 μὴ
890 1814 926 1880 ἀ·
971 1817 1061 1898 quod
1076 1818 1260 1896 cognoscit,
1277 1822 1389 1882 etnon
1404 1819 1531 1899 audire,
1544 1819 1635 1901 quod
1650 1837 1717 1882 non

177 1921 292 2005 κούειν,
308 1913 385 2006 θμὴ
402 1919 566 2006 γινώσκει·
582 1923 617 1984 τό
630 1919 665 1984 δὲ
676 1919 765 1996 ἔλεος
776 1927 832 1983 τοῦ
844 1917 928 1986 Θεοῦ
971 1920 1075 1983 novit.
1098 1920 1326 1985 Misericordia
1340 1928 1455 1985 autem
1471 1925 1605 1988 Domini
1621 1926 1718 2005 spiri-

176 2023 392 2112 πνευματικήν
413 2046 483 2090 τινα
497 2023 634 2108 θεωρίαν
658 2021 815 2108 σημαίνει,
839 2022 927 2106 είπερ
971 2025 1100 2086 tualem
1123 2023 1303 2104 quamdam
1337 2025 1504 2090 theoriam
1534 2027 1720 2108 significat,

177 2141 249 2208 νοῦς
264 2130 346 2195 ἐστιν
362 2129 379 2194 ό
394 2139 449 2194 τοῦ
465 2127 574 2206 ἐλέους
589 2127 699 2193 τούτου
721 2124 927 2210 καταξιούμε-
970 2125 1150 2190 dummodo
1172 2145 1268 2192 mens
1290 2129 1336 2192 sit
1358 2146 1445 2211 quae
1467 2129 1571 2210 hujus
1589 2132 1719 2196 miseri·

177 2255 239 2313 νος·
262 2234 352 2300 ἐλεον
374 2233 409 2297 δὲ
432 2233 580 2319 ὀνομάζει
602 2234 661 2318 τὴν
680 2228 828 2315 θεωρίαν,
851 2227 929 2292 διότι
970 2229 1092 2293 cordiae
1107 2228 1213 2308 digna
1228 2229 1296 2294 fiat.
1314 2231 1458 2296 Theoria
1479 2253 1559 2298 vero
1575 2241 1715 2299 vocatur

177 2338 258 2424 abt-b
275 2347 347 2415 νοῦς
369 2345 544 2414 κοπιῶντας
561 2335 717 2402 ἀναπαύει
742 2335 798 2398 καί
813 2354 929 2418 περορ-
970 2333 1218 2415 misericordia,
1234 2337 1316 2416 quia
1338 2321 1529 2403 laborantes
1552 2313 1661 2404 reficit
1684 2345 1718 2404 et

177 2441 340 2528 τισμὲνους
361 2451 430 2520 ταῖς
446 2441 605 2526 ἀνομίαις·
627 2442 682 2505 καί
703 2442 764 2526 γὰρ
790 2440 808 2504 ό
831 2439 929 2505 Σολο-
970 2443 1125 2502 oneratos
1143 2438 1392 2520 iniquitatibus.
1409 2443 1545 2506 Etenim
1561 2445 1719 2508 Salomon

179 2547 244 2634 μών
259 2548 292 2612 ἐν
314 2555 383 2622 ταῖς
405 2543 584 2632 παροιμίαις
607 2542 710 2630 φησίν·
735 2541 813 2608 Δότε
829 2541 929 2628 μέθην
971 2543 1007 2606 in
1042 2543 1234 2608 Proverbiis
1272 2545 1337 2608 ait:
1375 2547 1489 2610 «Date
1519 2547 1719 2612 ebrietatem

149 2671 150 2674 ¹
177 2659 243 2728 τοῖς
258 2651 291 2716 ἐν
306 2650 430 2733 λύπαις,
446 2652 501 2714 καί
516 2649 599 2715 οίνον
614 2645 711 2715 πίνειν
730 2656 795 2725 τοῖς
810 2648 844 2714 ἐν
859 2647 929 2712 όδύ-
972 2648 1111 2726 moestis,
1127 2652 1162 2709 et
1172 2648 1291 2712 vinum
1306 2649 1421 2712 bibere
1434 2651 1469 2713 in
1485 2651 1667 2732 doloribus,
1682 2655 1723 2716 ut

178 2776 254 2838 ναις,
276 2751 315 2819 ἵν’
326 2753 535 2820 ἐπιλάθωνται
555 2761 612 2838 τῆς
635 2750 752 2836 πενίας,
775 2749 931 2837 (τουτέστι
972 2752 1217 2815 obliviscantur
1232 2753 1354 2834 inopiae
1372 2752 1418 2837 (id
1437 2757 1488 2818 est
1503 2756 1720 2840 ignorantiae5

135 2895 139 2908 ·
178 2867 235 2942 τῆς
258 2856 434 2942 ἀγνωσίας·
457 2859 538 2941 αῦτη
562 2855 624 2942 γάρ
646 2853 668 2940 ἡ
692 2854 783 2922 πενία
806 2855 929 2944 ρύσεως
971 2853 1044 2918 haec
1066 2860 1118 2919 est
1139 2855 1231 2918 enim
1253 2855 1445 2935 indigentia
1467 2863 1598 2924 naturae
1620 2861 1719 2943 spiri·

179 2960 335 3052 λογικῆς),
350 2963 405 3026 καί
419 2970 481 3027 τών
496 2960 599 3026 πόνων
615 2963 658 3046 μὴ
681 2960 858 3047 μνησθώσιν
872 2961 929 3025 ἐτι·
972 2956 1098 3040 tuuis),
1115 2976 1225 3040 neque
1240 2960 1394 3025 laborum
1411 2963 1630 3028 recordentur
1647 2983 1717 3029 am-

179 3066 274 3151 δγόιρ
290 3064 450 3152 μεθυσθείς
464 3065 527 3130 ἀπὸ
543 3075 599 3150 τῆς
613 3065 762 3149 πιότητος
773 3074 829 3129 τοῦ
844 3065 929 3130 οίνου
972 3063 1102 3144 plius.»
1119 3063 1244 3127 Ebrius
1260 3066 1361 3145 enim,
1378 3067 1457 3129 vino
1469 3069 1604 3131 Domini
1627 3075 1720 3152 pota·

179 3167 310 3255 Κυρίου,
326 3169 564 3236 ἐπιλανθάνεται
587 3177 645 3255 τῆς
661 3166 768 3246 πενίας
790 3169 845 3233 καί
867 3177 929 3233 τών
972 3171 1038 3248 tus,
1062 3168 1274 3233 obliviscitur
1289 3177 1523 3253 paupertatem
1539 3178 1573 3237 et
1588 3175 1726 3239 labores.

179 3273 283 3340 πόνων
296 3277 351 3339 καί
373 3282 434 3339 τών
450 3275 575 3341 όδυνών.
593 3273 639 3340 Οὐ
663 3275 773 3360 μικρὸν
787 3273 823 3338 δὲ
845 3274 881 3338 τό
896 3273 930 3339 ἐν
973 3274 1007 3335 et
1028 3273 1217 3350 augustias.
1244 3307 1282 3318 -
1308 3275 1407 3338 Haud
1429 3293 1509 3340 vero
1531 3282 1634 3342 tenue
1658 3283 1720 3358 est,

180 3376 333 3464 εὐημερίᾳ
347 3377 518 3464 γινόμενον,
532 3385 589 3462 τῆς
601 3373 780 3463 εὐεργεσίας
793 3378 836 3462 μὴ
849 3377 926 3462 πρὸς
972 3377 1062 3458 quod
1077 3377 1308 3458 prosperitatis
1320 3377 1523 3444 beneficium
1538 3399 1606 3452 non
1621 3382 1721 3445 cadat

179 3481 282 3567 λήθην
308 3482 426 3565 ἐλθεῖν,
449 3484 471 3568 ἢ
494 3483 550 3547 καί
578 3481 614 3546 τό
637 3479 833 3564 ἀνταπόδος,
860 3480 929 3548 ἀντί
973 3482 1009 3544 in
1034 3481 1249 3560 oblivionem,
1277 3483 1331 3545 vel
1361 3482 1463 3547 illud:
1488 3485 1637 3548 retribue
1660 3486 1722 3549 ali-

179 3595 241 3652 τῶν
254 3583 381 3671 ἡμερῶν
396 3595 454 3671 τῆς
469 3585 694 3664 ταπεινώσεως.
973 3584 1056 3667 quid
1070 3603 1130 3666 pro
1150 3585 1268 3650 diebus
1283 3585 1497 3652 humilitatis.

223 3711 255 3755 v.
274 3693 324 3758 12.
341 3689 407 3756 Καί
428 3689 556 3768 ἀπολεῖς
572 3690 692 3768 πάντας
715 3690 789 3767 τούς
804 3685 929 3754 θλίύον-
1017 3707 1049 3751 ν.
1068 3689 1118 3753 12.
1134 3689 1425 3773 scarabeorum
1441 3690 1721 3759 recalescebat

181 3796 308 3880 ταςτίγν
324 3792 431 3880 ψυχήν
448 3817 517 3881 μου.
973 3807 1060 3856 atam
1074 3809 1185 3856 auam.

224 3897 325 3965 Ούδέν
346 3902 444 3976 ούτως
467 3898 637 3965 ἀποδιώκει
651 3903 724 3978 τοὺς
739 3899 876 3998 ἐχθροὺς
890 3895 927 3984 ἡ·
1015 3898 1109 3961 Nihil
1120 3897 1233 3977 magis
1244 3896 1343 3978 fugat
1354 3899 1509 3965 inimicos
1521 3905 1663 3983 nostros,
1674 3903 1720 3966 si-

181 4011 256 4090 μών,
272 4002 314 4080 ὡς
329 4001 449 4090 θεωρία
463 4003 671 4089 πνευματική.
972 4009 1030 4068 cut
1043 4003 1175 4067 theoria
1189 4003 1387 4086 spiritualis.

119 4229 121 4234 ·
215 4227 244 4268 v.
256 4211 282 4264 8.
294 4209 362 4268 Vat.
374 4211 401 4266 5.
412 4209 500 4268 Prov.
513 4225 601 4281 xxxx,
614 4211 640 4266 6.
1008 4227 1036 4266 ν.
1048 4209 1092 4266 12.
1105 4209 1172 4266 Vat.
1184 4209 1210 4264 b.
