4036 6090
289 415 351 478 168
974 417 1184 482 ORIGENES

287 563 352 632 τοῖς
368 554 551 641 ἐπιφανείας
566 567 622 622 τοῦ
638 556 778 642 Χριστοῦ
800 557 834 623 ἐν
848 564 894 642 τῷ
909 556 975 640 ὄρει
989 555 1041 622 Σι-
1083 562 1158 623 stus
1169 559 1328 623 manifest
1337 563 1414 622 atus
1427 564 1477 623 est
1489 560 1524 622 in
1537 566 1650 625 monta
1662 563 1752 642 Sina3
1766 559 1838 626 Ιισν-

287 669 327 745 νᾷ
342 659 589 747 κατασημαίνει·
605 660 688 748 χλὸη
702 662 741 727 δὲ
755 664 814 747 τὴν
836 663 968 747 νομικὴν
984 662 1040 726 λα·
1087 663 1126 728 ὸν
1144 669 1257 728 autem
1280 665 1412 728 cultum
1428 666 1576 743 legalem
1597 666 1755 747 declarat,
1779 666 1838 749 qui

286 761 393 848 τρείαν
409 763 510 848 duint,
527 766 585 829 dra
601 767 710 851 μικρὸν
732 767 861 850 ὕστερον
876 763 1040 849 περαίνεσ-
1087 767 1217 832 modico
1232 771 1387 850 tempore
1398 768 1590 832 subsistere
1606 767 1733 833 debuit.

286 866 340 932 θαι
354 866 542 953 μέλλουσαν.
1238 907 1242 912 =

331 991 364 1036 v.
381 973 411 1036 9.
428 966 500 1038 ’Ότι
514 981 615 1038 πᾶσαι
637 973 670 1037 αἱ
691 969 807 1059 ἡμέραι
829 971 920 1060 ἡμῶν
942 971 1038 1064 titio-
1129 993 1162 1040 ν.
1180 979 1209 1039 9.
1231 976 1387 1053 &muium
1409 992 1515 1041 mutus
1534 976 1606 1042 dics
1627 977 1733 1042 matri
1754 976 1839 1060 desc·

287 1097 358 1159 πον,
374 1078 430 1141 καὶ
442 1078 476 1143 ἐν
491 1086 530 1163 τῇ
545 1080 624 1164 ὀργῇ
640 1097 696 1142 σου
710 1077 909 1164 ἐξελίπομεν·
923 1079 965 1144 τὰ
979 1077 1037 1163 ἔτη
1084 1085 1205 1160 cerunt,
1225 1081 1312 1176 etta
1326 1080 1382 1143 irc
1396 1082 1453 1144 tuo
1472 1079 1648 1161 defecimus
1655 1104 1669 1158 ;
1691 1080 1771 1144 cuni
1784 1095 1839 1144 uo

285 1177 377 1267 ἡμῶν
392 1179 466 1246 ocal
481 1181 607 1268 ἀράχνη
622 1181 789 1268 ἐμελέτων.
1083 1185 1149 1252 atri
1163 1185 1251 1250 sicut
1264 1199 1386 1248 crocco
1401 1181 1551 1248 nuditati
1565 1186 1651 1248 aaut.

331 1281 432 1351 Ὅταν
446 1294 547 1350 πᾶσαι
561 1285 595 1350 αἱ
608 1285 725 1373 ἡμέραν
739 1284 830 1372 ἡμῶν
844 1284 1033 1367 ἐκλίπώσαν,
1128 1288 1267 1364 Quando
1286 1304 1403 1351 omnes
1419 1287 1491 1350 dies
1510 1283 1617 1350 nostrl
1632 1285 1837 1366 defecerunt,

286 1390 342 1454 καὶ
357 1388 392 1454 ἐν
406 1399 445 1474 τῇ
460 1390 539 1477 ὸργῇ
551 1400 606 1456 τοῦ
619 1389 702 1457 Θεοῦ
716 1389 903 1477 ἐκλίπωμεν.
917 1429 958 1439 -
970 1389 1038 1454 Καὶ
1084 1394 1188 1456 etiam
1210 1394 1247 1456 in
1269 1393 1321 1455 ira
1342 1392 1405 1457 Dei
1434 1391 1634 1472 deiecimus3
1658 1395 1692 1454 et
1714 1391 1750 1454 in
1765 1392 1839 1472 qui-

290 1492 339 1578 ερ’
351 1483 397 1570 οἷς
410 1489 611 1579 ἡμάρτωμεν,
635 1488 859 1580 μελετώσωμεν
874 1487 985 1579 riviro
1000 1491 1037 1577 ἡ·
1083 1497 1147 1561 bus
1169 1497 1395 1577 peccavimus,
1418 1495 1576 1558 meditati
1593 1513 1712 1559 sumus
1731 1511 1838 1558 annos

290 1597 366 1681 μών,
380 1595 453 1660 ώσεὶ
464 1595 602 1682 ἀράχνη.
615 1595 716 1663 Οὐδὲν
726 1596 862 1683 βέὸαιον,
875 1599 980 1683 φησιν,
989 1598 1040 1661 oir-
1084 1605 1216 1664 nostros
1240 1597 1311 1664 e'sse
1339 1601 1428 1663 sicut
1457 1616 1629 1662 araneam.
1659 1599 1753 1662 Nihil
1781 1599 1838 1662 fir·

291 1699 327 1764 ὸὲ
341 1699 492 1784 σταθερὸν
505 1698 529 1783 ἡ
544 1701 724 1787 ἀνθρωπεία
738 1702 829 1788 ρώσις
844 1704 922 1789 ἔχει,
939 1699 1040 1768 ὸτιὸί-
1082 1722 1189 1785 mum,
1216 1705 1275 1784 ait,
1309 1720 1371 1767 nec
1398 1703 1544 1766 solidum
1565 1703 1669 1767 habet
1689 1703 1841 1766 humana

289 1824 352 1889 κην
368 1804 512 1891 ἀράχνης
528 1804 698 1872 διασπᾶται
714 1805 836 1893 balloc.
1085 1812 1218 1888 natura,
1235 1825 1310 1889 quae
1327 1812 1367 1870 ut
1393 1824 1526 1871 araneae
1541 1808 1619 1888 tela,
1636 1806 1734 1871 facile
1749 1824 1839 1871 rum·

1084 1913 1187 1994 pitur.

334 2017 433 2082 v.·1o.
445 2014 488 2082 Αἱ
498 2011 615 2101 ἡμέραι
627 2024 688 2081 τών
704 2015 782 2081 ἐτών
792 2012 882 2102 ἡμῶν
894 2013 928 2080 ὲν
940 2013 1040 2079 tarco-
1066 2037 1068 2041 ·
1128 2034 1160 2080 v.
1178 2017 1229 2079 10.
1243 2016 1324 2080 Dico
1338 2031 1498 2080 cocorum
1511 2019 1695 2080 bostrorum
1704 2014 1742 2079 iu
1755 2013 1840 2096 ι’ρείο

293 2127 360 2198 τοῖς
374 2119 593 2205 ἑώδομήκοντα
614 2120 671 2204 ἔτη
682 2141 691 2157 ·
704 2120 761 2186 ἐὰν
775 2120 812 2185 δὲ
825 2120 861 2184 ἐν
882 2116 1041 2183 δυναστεί·
1083 2121 1288 2203 νσρίννρώιὸα
1302 2120 1392 2199 caui,
1406 2119 1439 2184 ci
1452 2123 1560 2184 autem
1571 2119 1608 2182 iu
1618 2117 1839 2200 mareoticas

287 2244 338 2300 αις
359 2221 558 2309 ὀγδοήκοντα
580 2224 637 2308 ἔτη
660 2223 715 2287 καὶ
736 2226 772 2288 τὸ
798 2222 907 2288 πλεῖον
935 2223 1040 2288 abror
1083 2226 1242 2307 οοιορὸιοια
1255 2224 1345 2304 cuci,
1364 2222 1447 2306 ριοοιί
1465 2223 1608 2305 amplius
1627 2239 1736 2288 corum
1750 2221 1840 2286 lutor

287 2327 387 2405 κόπος
402 2329 456 2391 καὶ
471 2325 576 2404 πόνος.
1050 2359 1053 2365 ·
1085 2332 1117 2393 ct
1130 2328 1230 2392 dolor.

333 2431 487 2517 Ζήσοιμεν
508 2433 569 2496 οὐκ
590 2429 808 2516 ἑὸδομήκοντα
830 2432 898 2516 ἔτη,
920 2431 1040 2495 τὸτοῦ
1131 2433 1311 2512 Vivamus,
1345 2447 1414 2494 non
1448 2429 1585 2512 quidem
1620 2429 1839 2511 septuaginta

290 2521 460 2620 σαὸὸάτου,
475 2534 776 2621 ἀλλὰὸγδοήκοντα,
792 2536 834 2600 τὸ
848 2543 906 2619 τῆς
920 2555 1042 2621 περιτο·
1086 2554 1191 2602 anuos
1215 2537 1275 2618 qui
1297 2535 1433 2600 sabbati
1460 2540 1550 2614 sunt,
1573 2533 1633 2598 sed
1655 2534 1838 2612 octoginta,

291 2649 353 2728 μῆς
367 2643 422 2706 καὶ
433 2640 636 2716 ἀναστάσεως
646 2650 701 2704 τοῦ
712 2637 830 2724 Κυρίου
843 2637 1040 2726 βιώσώμεθα,
1085 2646 1170 2726 puta
1206 2640 1473 2705 circumcisionis
1507 2643 1542 2704 et
1582 2637 1838 2704 resurrectionis

290 2748 333 2810 ών
348 2748 384 2810 τὸ
399 2744 509 2811 πλεῖον
520 2742 618 2821 κόπος
630 2743 696 2808 ἐστὶ
710 2743 766 2808 καὶ
780 2741 886 2820 πὸνος.
957 2809 962 2820 ,
1089 2745 1243 2825 Domini;
1268 2743 1357 2826 quod
1377 2745 1468 2806 ultra
1483 2748 1545 2824 est,
1561 2760 1629 2807 non
1657 2744 1724 2806 nisi
1745 2741 1840 2806 labor

988 2881 991 2889 ·
1022 2883 1024 2886 v
1088 2853 1122 2913 et
1137 2849 1241 2914 dolor.

336 2975 370 3020 v·
388 2956 439 3020 11.
456 2952 511 3031 Τίς
525 2952 672 3038 γινώσκει
686 2955 723 3018 τὸ
737 2953 854 3038 κράτος
870 2958 928 3036 τῆς
943 2951 1041 3037 ὀργῆς
1130 2972 1162 3017 v.
1181 2955 1231 3016 11.
1251 2955 1330 3030 Quis
1343 2952 1434 3017 auoit
1439 2955 1630 3033 potestatem
1644 2953 1705 3016 irc
1720 2955 1791 3032 icc,
1806 2954 1839 3015 ct

292 3083 360 3143 σου,
374 3062 431 3125 καὶ
447 3059 509 3124 ἀπὸ
525 3069 581 3124 τοῦ
596 3057 694 3144 odico
709 3069 764 3124 τοῦ
781 3059 880 3145 θυμοῦ
894 3079 951 3123 σου
973 3058 1042 3137 ἐξα·
1079 3074 1152 3141 pra
1166 3058 1278 3122 timore
1289 3059 1442 3123 taccitum
1456 3061 1545 3122 tatum
1560 3055 1794 3122 dinumerare?

294 3162 522 3251 ριθμήσασθαι;
769 3161 772 3170 ’
1016 3230 1019 3240 ,
1273 3181 1275 3184 ·

336 3267 456 3355 Σορίας
473 3269 507 3332 δὲ
529 3266 691 3353 χρῄζομεν
706 3267 750 3345 εἰς
770 3269 805 3332 τὸ
828 3265 992 3353 γινώσκειν
1007 3269 1043 3331 τὸ
1124 3265 1836 3347 ,Βεροιοοροιὸοὸεᾱοοςιιοοοοιιὸιιιιι(γινομ-

292 3374 410 3460 κράτος
432 3381 489 3457 τῆς
504 3373 602 3458 ὀργῆς
626 3383 681 3436 τοῦ
703 3370 797 3455 Θεοῦ,
821 3374 898 3456 ὅπερ
916 3373 977 3438 κᾶν
992 3373 1043 3439 ἐπὶ
1086 3372 1161 3432 tum
1176 3370 1290 3432 valeat
1303 3370 1354 3432 ira
1376 3371 1449 3448 Dei,
1472 3369 1513 3432 de
1537 3386 1605 3450 qua
1629 3369 1836 3448 heterodoxi,

291 3479 391 3544 πόσον
413 3475 589 3564 φαντασθῇ,
606 3475 635 3540 οἱ
657 3475 840 3565 ἑτερόδοξοιι
851 3478 912 3541 οὐκ
926 3477 965 3542 ἂν
985 3498 1044 3541 κα-
1090 3473 1311 3552 quantumvis
1326 3474 1580 3554 somniaverint,
1598 3489 1667 3536 non
1686 3475 1753 3537 nisi
1769 3491 1839 3536 rna-

291 3579 356 3660 κ’ῶς
378 3581 489 3666 ἔλεγον
511 3581 565 3644 τὸν
589 3579 679 3662 Θεὸν,
703 3581 741 3645 ob
763 3579 847 3645 ἐστιν
869 3577 891 3664 ἡ
914 3583 950 3644 τὸ
972 3581 1044 3646 δύο·
1088 3578 1162 3640 lum
1177 3575 1292 3640 dixere
1308 3579 1427 3656 Deum,
1444 3571 1541 3656 cujus
1565 3579 1626 3657 ira,
1643 3577 1702 3640 ubi
1721 3595 1839 3659 erupe-

291 3707 432 3775 γνιοστον
446 3685 563 3770 κράτος
584 3685 705 3770 ἔχουσα
720 3682 810 3770 ὀργή.
833 3683 915 3750 Ἀπὸ
937 3692 1043 3750 κοινοῦ
1088 3682 1143 3761 rit,
1170 3683 1241 3744 vim
1263 3681 1366 3745 habet
1387 3683 1530 3760 cognitu
1553 3681 1764 3762 imperviam.
1799 3683 1839 3744 ln

292 3791 396 3859 δὲτὸ·
420 3789 475 3868 Τίς
496 3789 644 3876 γινώσκει
668 3791 704 3853 τὸ
726 3786 844 3873 κράτος
866 3797 924 3874 τῆς
937 3787 1043 3874 ’ὸργῆς
1087 3787 1513 3866 communiScripturcrum
1524 3787 1668 3849 lectione
1677 3791 1740 3849 est:
1758 3785 1838 3862 Quis

291 3918 359 3981 σου,
374 3896 430 3959 καὶ
444 3893 490 3972 τίς
505 3892 652 3980 γινώσκει
664 3893 726 3957 ἀπὸ
738 3901 792 3958 τοῦ
806 3891 903 3978 odico
919 3897 1042 3959 σαυτὸν
1086 3891 1177 3955 accit
1190 3891 1453 3973 moraremini
1475 3895 1546 3969 tuo,
1565 3892 1685 3972 etquis
1702 3907 1776 3972 ραα
1798 3890 1840 3965 tt-

290 3997 484 4086 ὸυμὸνσους
1090 3996 1449 4077 νοονοοοριιοεοὸιῑνσνι
1464 3999 1576 4060 amm?

334 4125 366 4168 v.
404 4105 454 4168 12.
490 4101 558 4186 Τὴν
589 4098 693 4178 δεξιάν
716 4121 773 4165 σου
798 4099 960 4186 γνώρισον,
987 4103 1043 4166 καὶ
1133 4119 1165 4164 ν.
1184 4101 1235 4164 12.
1250 4101 1425 4165 Doctorum
1441 4103 1531 4164 tuom
1545 4099 1594 4167 ric
1607 4097 1796 4182 cotomsac,
1811 4103 1844 4166 et

293 4211 366 4285 τοὺς
381 4203 646 4291 πεπαιδευμένους
661 4215 699 4290 τῇ
714 4203 830 4289 καρδία
844 4205 879 4270 ἐν
894 4203 998 4290 σοφίᾳ.
1086 4203 1229 4269 caditur
1243 4203 1333 4269 corde
1347 4204 1385 4268 in
1398 4205 1570 4284 supientia.

341 4307 592 4396 Πεπαιδευμὲνοι
607 4309 642 4372 δὲ
664 4318 712 4394 τῇ,
726 4307 842 4392 καρδία
857 4309 891 4374 ἐν
907 4306 1002 4395 σοφίᾳ
1016 4308 1045 4374 οἱ
1133 4306 1238 4373 Corde
1253 4312 1369 4372 autem
1381 4309 1507 4373 eruditi
1522 4312 1603 4373 sunt
1616 4309 1652 4372 in
1664 4307 1842 4390 sapientia,

294 4415 428 4502 καθαροὶ
454 4424 494 4500 τῇ
520 4411 638 4500 καρὸίρι1
658 4409 744 4479 εἰσίν.
767 4407 813 4477 Ἠ
836 4412 899 4476 ἀπὸ
914 4423 1043 4479 κοινοῦ·
1089 4412 1208 4478 mundi
1231 4413 1340 4477 corde.
1361 4447 1400 4458 —
1417 4413 1480 4476 Vel
1495 4417 1534 4476 ut
1549 4413 1740 4478 communis
1755 4411 1842 4476 Scri-

326 4641 354 4684 v.
367 4627 393 4680 6.
405 4625 432 4680 9.
445 4623 512 4680 Vct
526 4622 568 4678 15.
1088 4617 1224 4674 cumlati·
1237 4617 1316 4691 apud
1327 4635 1381 4674 nos
1395 4634 1467 4689 axx,
1484 4622 1515 4674 et
1523 4617 1614 4674 etiarn
1625 4633 1645 4673 a
1656 4615 1756 4672 codice
1767 4614 1844 4672 vati·

324 4729 353 4770 ν.
367 4713 409 4767 10.
421 4713 489 4770 Vct
503 4711 528 4767 a
542 4709 579 4766 ci.
590 4725 680 4783 supra
690 4705 727 4764 da
736 4707 865 4765 numeris
878 4725 924 4767 vu
938 4714 969 4765 et
985 4725 1043 4767 vrrr
1087 4721 1161 4760 cano
1173 4703 1318 4760 recedere.
1338 4703 1410 4772 Quas
1423 4721 1508 4777 sparo
1520 4703 1585 4759 foro
1603 4709 1638 4760 ut
1655 4701 1842 4760 declarentur·

295 4797 347 4852 Ps.
361 4813 491 4868 nxxvm,
503 4816 532 4855 v.
545 4797 588 4853 12.
1088 4807 1107 4846 a
1122 4790 1157 4846 cl.
1170 4789 1576 4868 PaulodelaGardaffiqno
1589 4795 1779 4864 expectamus
1790 4805 1843 4845 no-

324 4903 353 4942 v.
367 4885 409 4956 11,
424 4885 465 4940 m.
478 4886 545 4943 Vct.
559 4886 585 4955 2,
604 4883 631 4938 4.
644 4882 803 4940 Memorari
820 4881 1045 4939 hisandonem
1088 4895 1157 4935 vam
1169 4894 1242 4949 axx,
1254 4876 1343 4934 immo
1356 4877 1384 4934 S.
1397 4877 1521 4934 Luciani
1532 4877 1665 4933 codicum
1682 4875 1844 4933 editionem

292 4977 363 5027 tnnc
373 4989 555 5028 communem
566 4975 619 5026 τών
631 4973 664 5038 o',
676 4969 725 5027 vel
737 4969 815 5042 apud
828 4968 1043 5040 Origenamsa·
1088 4964 1268 5036 absolutam,
1290 4964 1328 5022 cf.
1350 4963 1443 5022 Field.
1466 4980 1499 5023 11.
1521 4965 1589 5035 247,
1610 4962 1663 5020 ubi
1681 4967 1785 5019 nostra
1803 4960 1844 5018 si·

289 5057 330 5112 tis
342 5073 441 5113 rarum
454 5063 508 5114 ast.
526 5057 587 5114 Nec
604 5054 702 5111 minua
719 5060 824 5111 notatu
842 5053 964 5126 dignum
980 5056 1044 5113 vul-
1090 5053 1195 5114 lentur.

295 5145 397 5212 gatam
409 5147 543 5200 vatorum
561 5141 731 5198 Graecorum
743 5139 823 5197 haud
839 5157 944 5214 parurn
960 5140 1044 5198 acir-
