4020 6098
290 432 353 495 184
978 431 1187 496 cnicnnns

287 590 419 655 ραγγας,
442 555 668 632 καταστέλλειν
691 566 726 630 δέ
751 575 806 630 τοῦ
833 573 973 650 πονηροῦ
995 567 1036 629 τὰ
1078 573 1209 643 vertere
1223 568 1390 649 improbos
1402 575 1543 649 montes,
1551 569 1640 650 quod
1654 587 1721 634 non
1733 569 1827 634 aliud

287 675 365 758 ὄρη·
381 673 457 756 δπερ
481 671 545 736 οὐδ’
557 669 664 755 ἐτερύν
686 691 738 756 μοι
753 671 848 752 δοκεῖ,
868 670 891 754 ἢ
913 670 970 745 τὰς
985 668 1035 738 ἑλ-
1080 690 1152 736 eese
1172 673 1256 736 mihi
1278 673 1422 752 videtur,
1439 689 1541 753 quem
1560 673 1589 736 si
1609 674 1687 753 quis
1709 674 1828 736 volens

284 775 402 862 λείψεις
418 796 451 839 τε
465 777 519 838 καὶ
534 771 745 858 ὑπερπτύσεις
760 781 821 838 τῶν
836 772 909 837 κατ’
917 772 1034 858 άρετην
1079 793 1198 838 curere
1215 777 1329 856 lapsus
1341 779 1376 839 et
1386 794 1495 854 canuc,
1511 775 1593 838 dum
1604 777 1647 839 ed
1663 778 1826 840 virtutem

283 879 538 965 ἐπιτηδευμάτων
549 876 737 962 θεραπεύειν
750 875 948 963 βουλόμενος,
961 885 1041 948 ταῦτ
1079 881 1229 959 enititur,
1248 879 1364 944 eedem
1388 880 1491 943 verbe
1506 882 1719 960 pronuntiet3
1743 899 1782 944 ac
1796 881 1827 944 si

283 1007 324 1050 τα
339 983 434 1070 λέγει,
452 981 493 1059 ὡς
510 981 589 1068 μήτε
611 980 648 1044 δι’
657 978 826 1064 ἐλλείψεως
841 990 897 1044 τοῦ
912 978 1033 1064 ἀγαθοῦ
1077 983 1227 1046 nondum
1261 983 1302 1044 ob
1329 982 1497 1046 defectum
1526 984 1606 1047 beni
1633 985 1829 1048 exercendae

184 1071 186 1076 ¹
284 1093 338 1157 τὸν
361 1098 418 1174 της
446 1087 560 1172 άρετης
586 1085 681 1170 λόγον
706 1083 927 1168 κοιλαίνεσθαι,
952 1083 1032 1170 μήτε
1077 1088 1216 1151 virtutis
1239 1089 1405 1150 rationem
1428 1089 1624 1168 expleverit,
1652 1106 1762 1170 neque
1785 1089 1828 1152 ob

285 1193 461 1279 ἀνωμαλεῖν
484 1190 536 1256 διθι
557 1197 614 1273 της
630 1187 865 1271 ὑπερπτύσεως.
889 1186 948 1254 Διὰ
970 1197 1031 1254 τῶν
1076 1192 1235 1272 repetitos
1247 1209 1345 1254 cesus
1356 1193 1551 1270 aequnverit.
1567 1194 1653 1268 Sene
1665 1209 1725 1272 per
1736 1209 1825 1256 eem-

285 1296 399 1363 πεδίων
413 1299 468 1362 καί
484 1297 546 1381 μὴν
564 1295 616 1359 διά
630 1295 691 1357 των
707 1290 806 1370 ξύλων
821 1290 914 1376 ἁγίας
929 1293 1033 1378 ψυχὰς
1077 1296 1258 1375 poe,im1nc
1271 1295 1373 1358 etiam
1386 1313 1447 1375 per
1459 1296 1556 1373 ligna
1567 1296 1733 1372 intelligit
1746 1312 1822 1358 sen·

285 1400 442 1488 σημαίνει·
461 1399 489 1464 οἱ
506 1399 557 1463 ἐπί
571 1407 610 1483 τῇ
626 1406 682 1461 τοῦ
697 1396 817 1482 κόσμου
836 1396 977 1482 σωτηρίᾳ
995 1397 1033 1482 η·
1077 1403 1147 1461 ctas
1170 1399 1301 1462 animas
1317 1416 1393 1479 quae
1416 1399 1458 1461 ob
1481 1399 1600 1462 mundi
1623 1401 1768 1484 salutem
1792 1417 1828 1463 e-

288 1506 511 1590 γαλλιάσαντο.
524 1501 607 1568 Ποῖα
622 1500 885 1587 ἡγαλλιάσθησαν
896 1501 974 1581 ξύλα
983 1495 1034 1564 λε’-
1076 1503 1307 1566 xultnverunt.
1331 1505 1490 1578 Quaenem
1517 1505 1614 1582 ligna
1641 1506 1821 1584 exsultent,

288 1607 431 1694 γέτωσαν
447 1607 476 1671 οί
491 1608 549 1690 τὴν
566 1604 759 1689 άλληγορίαν
775 1605 1032 1690 παραιτούμενοι;
1077 1608 1191 1671 dicent
1206 1609 1241 1670 hi
1258 1610 1316 1690 qni
1332 1610 1532 1688 allegoriam
1547 1610 1753 1692 repudient?

329 1734 361 1777 v.
381 1715 429 1777 13.
448 1711 514 1796 Πρὸ
538 1708 708 1793 προσώπου
729 1707 859 1793 Κυρίου,
883 1710 929 1776 δτι
944 1710 1033 1796 ἐρχε-
1122 1731 1153 1775 v.
1172 1715 1222 1776 13.
1237 1719 1265 1778 A
1272 1713 1367 1794 facie
1381 1715 1522 1793 Domini,
1541 1716 1728 1796 quince-cit,
1747 1733 1824 1796 ριιο-

286 1841 346 1900 ται,
363 1819 409 1881 δτι
425 1817 552 1902 ἔρχεται
574 1822 677 1897 κρίναι
691 1815 749 1900 την
771 1822 847 1899 μην·
862 1824 963 1899 κρινεῖ
976 1817 1034 1900 την
1078 1818 1169 1880 πίονι
1183 1817 1271 1881 venit
1283 1817 1435 1898 judicare
1450 1823 1585 1896 terrane
1600 1819 1764 1899 iudicabit
1777 1838 1826 1888 οι·-

284 1920 471 2007 οίκουμίνην
486 1921 520 1985 ἐν
542 1918 734 2002 δικαιοσύνη,
750 1919 806 1980 καί
827 1917 925 1996 λαούς
947 1919 981 1985 ἐν
995 1927 1035 2004 τη
1080 1915 1148 1986 bem
1162 1925 1257 1985 tecm
1269 1922 1306 1986 ιἰι
1320 1923 1479 2004 (equitate,
1497 1927 1529 1987 σί
1539 1923 1676 2004 populos
1689 1926 1726 1988 ic
1740 1927 1823 1989 ceri-

286 2024 421 2112 ἀληθείᾳ
435 2025 542 2088 αὐτοῦ.
1083 2029 1149 2091 tato
1163 2043 1233 2092 cuc.
1349 2081 1357 2102 ,

332 2129 379 2195 Οὐ
391 2131 448 2213 τὴν
469 2137 529 2214 γῆν
544 2133 651 2211 κρινεῖ,
669 2125 754 2190 ἀλλά
767 2127 839 2202 τοὺς
855 2136 1037 2192 κατοικοῠν-
1125 2131 1198 2192 Νοω
1221 2133 1345 2192 terram
1360 2127 1538 2209 judicabit,
1553 2131 1611 2194 sed
1633 2131 1825 2195 habitantes

284 2256 341 2312 τας
358 2235 409 2298 ἐπί
423 2243 480 2318 της
498 2242 568 2317 γης,
584 2231 753 2316 ὁμωνύμως
769 2230 1039 2316 προσαγορευομέ-
1083 2237 1334 2312 superterram,
1351 2249 1436 2314 quos
1450 2240 1575 2296 terram
1590 2235 1707 2298 eodem
1720 2238 1825 2299 nomi·

284 2361 356 2416 νους
371 2340 428 2422 τὴν
450 2346 522 2422 γῆν.
536 2374 577 2384 -
590 2334 689 2400 Ἦλθε
709 2335 771 2420 γάρ
794 2335 849 2397 καί
871 2332 1036 2399 ἐδικαίωσε
1082 2353 1125 2399 ne
1140 2336 1298 2416 appellnt.
1325 2338 1482 2400 —Venit
1502 2338 1593 2400 enim
1613 2343 1647 2401 et
1658 2338 1824 2416 judicavit

284 2447 343 2530 την
358 2442 459 2527 κρίσιν
475 2440 574 2526 ἡμῶν,
589 2441 644 2504 καί
660 2441 732 2516 τοὺς
747 2440 903 2522 πονηροὺς
924 2437 1034 2522 πυράν·
1078 2439 1247 2520 judicium
1262 2444 1426 2520 nostrum,
1439 2445 1473 2504 et
1486 2443 1649 2521 pessimos
1664 2441 1763 2521 ejecit
1775 2448 1825 2527 ty-

286 2571 358 2625 νους
373 2545 511 2627 ἐξέθαλε,
528 2546 600 2621 τοὺς
615 2543 812 2628 ἀκαθάρτους
828 2541 990 2628 δαίμονας.
1081 2561 1217 2624 renunc,
1234 2545 1368 2626 impure
1383 2545 1556 2607 daemonia.

262 2705 264 2710 ’
320 2755 348 2794 v.
363 2737 405 2794 ie
418 2736 486 2792 νει
499 2734 598 2804 len,
613 2734 655 2788 ie.

887 2932 1058 3010 Psalmue
1083 2929 1232 3010 XCVI.

332 3171 363 3214 v.
382 3153 410 3215 1.
427 3147 465 3215 Ὁ
480 3147 597 3233 Κύριος
612 3145 824 3232 ἐβασίλευσεν,
846 3146 1035 3232 ἀγαλλιάσε-
1124 3166 1155 3209 v.
1171 3148 1199 3209 1.
1213 3148 1370 3212 Dominus
1382 3150 1538 3230 νορνιοιίί,
1552 3150 1714 3216 lecaciter
1725 3156 1824 3230 terra,

288 3275 340 3318 ται
365 3250 387 3336 ἡ
412 3261 466 3338 γη.
489 3249 765 3336 Εὐφρανθήτωσαν
793 3259 884 3336 νησοι
909 3248 1035 3316 πολλαί.
1081 3251 1242 3316 lactentur
1256 3251 1372 3314 ιἰισιιία
1386 3253 1505 3316 multe.

298 3362 364 3424 Vct.
381 3359 455 3438 686,
472 3359 502 3423 2.

331 3459 492 3544 Ζητητέον
514 3460 565 3524 διὰ
580 3459 610 3524 τί
632 3461 669 3525 οὐ
684 3469 794 3541 πᾶσαι,
815 3461 840 3545 ἤ
860 3459 920 3524 κᾶν
937 3468 1036 3524 πᾶσαι
1128 3459 1381 3542 Inquirendum,
1395 3480 1457 3525 cnr
1468 3475 1534 3526 non
1551 3481 1676 3542 omnes,
1692 3448 1828 3528 etiamsi

288 3563 404 3648 ἀληθὲς
419 3566 453 3628 ιδ
476 3563 600 3628 πολλαί.
626 3564 722 3650 Τάχα
744 3563 779 3628 δὲ
801 3565 869 3629 ἐπεὶ
892 3567 952 3647 πρὸ
979 3566 1034 3648 μὲν
1082 3581 1201 3626 verum
1224 3565 1270 3626 sit
1291 3581 1408 3628 omnes
1435 3585 1506 3630 esse
1521 3567 1662 3646 plnres?
1684 3568 1827 3632 Fortenn

286 3677 343 3754 της
368 3666 541 3753 παρουσίας
566 3667 670 3752 ὀλίγαι
696 3677 786 3753 νησοι
808 3665 1036 3751 εὐφραίνονται,
1082 3685 1188 3747 quum
1204 3673 1283 3730 ente
1298 3669 1481 3733 adventum
1492 3688 1609 3750 paucae
1630 3673 1750 3735 insulse
1772 3674 1829 3736 lee-

287 3772 401 3838 ἀπὸδὲ
423 3782 479 3857 της
502 3771 675 3856 παρουσίας
697 3770 849 3854 πλείονες,
872 3771 924 3838 διθι
944 3781 1035 3836 τοῦτο
1080 3774 1207 3850 tantur,
1223 3775 1298 3851 post
1313 3790 1392 3836 vero
1408 3771 1589 3836 adventum
1613 3777 1737 3856 plures,
1755 3776 1829 3840 ideo

287 3877 322 3938 τὸ
338 3874 487 3960 ἐσόμενον
502 3875 701 3958 προφητεύει.
1080 3874 1234 3938 futurum
1250 3882 1384 3956 tempus
1399 3861 1617 3941 vaticinntnrss

286 4083 469 4168 δικαιοσύνη
485 4085 540 4148 καί
555 4081 651 4168 κρίμα
673 4084 865 4170 κατύρθωσις
880 4095 936 4150 τοῦ
959 4085 1034 4170 θρύ
1071 4084 1209 4163 justitia
1223 4087 1255 4147 et
1268 4083 1433 4162 judicium
1448 4085 1580 4148 directio
1595 4085 1681 4150 sedis
1696 4087 1775 4166 ejice.

287 4207 342 4251 νου
359 4187 464 4251 αὐτοῦ.

329 4291 388 4356 Διὰ
402 4301 457 4356 τοῦ
472 4291 589 4376 γνόφου
605 4293 662 4356 καί
673 4302 730 4378 τῆς
746 4292 881 4380 νεφέλης
893 4297 928 4358 τὸ
941 4292 1035 4360 άθὲα-
1124 4292 1188 4352 Ροι·
1199 4289 1323 4353 nubem
1336 4295 1371 4352 et
1385 4292 1568 4370 caliginem
1586 4294 1756 4358 invisibile
1768 4314 1831 4358 nn·

287 4416 342 4459 τον
356 4393 526 4478 ἐδήλωσεν,
543 4397 609 4479 ἄμα
621 4415 655 4459 τε
667 4397 807 4462 διδάσκει
820 4397 867 4462 ύτι
878 4399 970 4474 αύτδς
983 4399 1033 4482 εἴη
1080 4413 1158 4457 men
1171 4395 1365 4475 declaravit,
1382 4397 1485 4458 simul
1502 4397 1598 4460 docet
1621 4398 1711 4479 quod
1725 4399 1830 4462 fuerit

146 4503 148 4507 '
284 4499 368 4567 ύδιύι
383 4498 517 4584 νεφέλης
533 4499 566 4563 ἐν
582 4499 660 4584 Σινᾷ
675 4499 789 4584 ὀφθείς,
805 4503 860 4564 καί
875 4502 922 4564 δτι
937 4503 967 4566 εί
982 4505 1036 4566 καί
1081 4498 1170 4562 idem
1191 4499 1226 4560 in
1243 4502 1357 4561 monte
1380 4501 1461 4562 Sina
1483 4519 1544 4581 per
1570 4502 1695 4566 nubem
1722 4509 1831 4568 osten-

285 4602 439 4668 άδύνατύν
462 4603 528 4668 ἐστι
550 4606 584 4668 τὸ
608 4605 746 4672 κατιδεῖν
769 4605 874 4684 αὐτὸν,
894 4605 967 4669 ἀλλ’
981 4609 1035 4670 σύν
1080 4622 1148 4682 sue,
1166 4609 1199 4666 et
1222 4603 1311 4686 quod
1327 4605 1460 4668 etiamsi
1483 4605 1578 4670 nefas
1599 4609 1645 4670 sii
1660 4609 1758 4672 illum
1777 4612 1827 4674 in-

285 4707 336 4772 διθι
351 4716 408 4791 της
424 4706 581 4794 ἐνεργείας
597 4711 654 4794 την
670 4709 800 4794 δύναμιν
820 4711 916 4774 αύτού
932 4711 1035 4774 ἔνεστι
1080 4709 1191 4786 tueri,
1221 4714 1371 4772 attamen
1394 4711 1474 4772 licet
1501 4713 1655 4791 pervim
1687 4731 1827 4794 operum

288 4821 411 4895 νοῆσαι.
428 4809 635 4896 Δικαιοσύνην
647 4815 708 4898 γὰρ
721 4814 841 4890 πάντας
857 4813 1038 4898 ἀνθρώπους
1081 4813 1266 4892 potentiam
1283 4812 1356 4890 ejus
1372 4831 1584 4890 cognoscere.
1606 4819 1781 4882 iustitiam
1798 4838 1829 4882 e-

286 4915 465 4998 ἐπαίδευσε,
496 4919 648 4993 καὶτοὺς
680 4917 866 5002 άδιακρίτως
895 4920 1036 4997 ἅπαντας
1081 4917 1152 4978 nim
1180 4933 1295 4978 omncs
1322 4916 1476 4981 homines
1506 4921 1663 5002 erudivit,
1686 4929 1720 4984 et
1748 4941 1829 5003 quc-

321 5107 370 5162 Ps.
385 5124 467 5166 xcvi.
482 5127 508 5165 v.
524 5111 547 5163 1.
562 5110 667 5165 Vae-1.
1119 5125 1146 5164 ν.
1160 5111 1185 5163 2.
1199 5109 1266 5166 Vnt.
1281 5111 1307 5164 4.
1321 5111 1413 5166 Εκού.
1428 5129 1511 5182 xxiv,
1526 5115 1568 5169 18.
1581 5115 1685 5171 Macen.
1700 5133 1740 5187 νι,
1754 5118 1795 5171 10.
