4008 6094
302 387 343 450 14
964 393 1174 458 ORIGENES

300 531 396 615 ῆτὴν
411 527 553 593 παιδείαν
576 541 781 615 παραιτεῖται,
805 531 889 598 ἀλλὰ
904 533 961 618 τὴν
978 531 1044 619 μετ’
1086 535 1208 598 abnuit
1230 527 1390 616 redargui
1414 542 1474 600 aut
1499 540 1631 620 corripi,
1655 540 1713 604 sed
1728 558 1836 606 corre·

297 633 396 718 ὀργῆς
410 629 472 696 ‘aa
487 631 600 718 θυμοῦ.
618 632 718 699 Τοῦτο
735 637 859 700 καὶτοῦ
875 641 899 714 ς’
916 635 1042 723 ψαλμοῦ
1086 638 1235 718 ptiouem
1248 656 1290 702 ex
1302 639 1353 703 ira
1364 646 1400 704 et
1413 640 1526 705 furore
1542 641 1750 724 deprecatur.
1763 648 1833 710 Hoc

299 735 459 822 προοίμιον
471 735 610 821 ἐποίησε,
625 739 661 802 τὸ
676 739 872 823 παρακαλεῖν
886 741 1042 826 ἰατρικῶς,
1087 743 1189 804 etiam
1213 742 1294 806 fecit
1315 744 1452 807 initium
1467 748 1590 826 psalmi
1606 749 1661 826 Vl,
1678 747 1833 830 depreca-

299 843 342 928 μὴ
359 841 555 917 δικαστικῶς.
572 879 613 888 -
629 837 667 906 ‘0
678 841 801 928 ἐλέγχῳ
815 853 858 930 τῷ
874 845 926 910 διὰ
947 844 1043 931 λόγου
1086 843 1134 906 tio
1145 861 1266 926 nempe
1278 846 1320 909 ad
1335 847 1515 927 medicum,
1530 866 1598 914 non
1616 850 1659 914 ad
1669 850 1831 931 jndicem.

299 949 342 1034 pi]
367 947 476 1028 εῐκιυν,
501 943 593 1031 θυμῷ
615 955 670 1010 τοῦ
694 945 776 1013 Θεοῦ
799 946 1041 1036 ἐλεγχθήσεται,
1089 981 1127 992 -
1142 949 1206 1023 Qui
1222 950 1380 1012 nonoedit
1395 951 1661 1034 reprehensioni,
1674 970 1834 1034 queaver-

297 1051 353 1114 καὶ
376 1051 419 1136 μὴ
442 1050 502 1114 ὑπὸ
525 1049 619 1134 ζυγὸν
641 1049 840 1130 παιδεύοντος
863 1052 897 1117 έν
911 1052 982 1140 Θεῷ
998 1053 1042 1118 δι·
1086 1049 1128 1113 bo
1143 1049 1192 1130 fit,
1209 1051 1322 1120 furore
1341 1053 1403 1116 Dei
1426 1054 1699 1140 reprehendetur,
1714 1063 1749 1121 et
1771 1061 1831 1139 qui

297 1153 458 1219 δασκάλου
469 1152 638 1238 γινόμενος,
650 1154 728 1240 ὀργῇ
741 1154 822 1222 Θεοῦ
837 1155 1041 1243 παιδευθήοε-
1085 1171 1153 1217 non
1176 1155 1349 1219 submittit
1363 1155 1498 1236 sejugo
1514 1158 1692 1238 pedagogi
1708 1163 1745 1226 in
1763 1163 1832 1225 Deo

297 1277 369 1324 ται·
383 1256 508 1323 παιδεία
523 1257 558 1321 δέ
572 1256 706 1344 ἐλέγχου
722 1256 957 1344 έπιιιονὼτερος.
1084 1257 1305 1338 emendantis,
1328 1261 1379 1323 ira
1401 1261 1462 1323 Dei
1479 1262 1712 1340 castigabitur.
1728 1266 1833 1331 casti-

1086 1363 1181 1440 gatio
1191 1367 1305 1428 autem
1319 1364 1576 1445 reprehensione
1588 1367 1760 1431 molestior
1771 1373 1833 1432 est.

341 1487 373 1532 v.
389 1469 419 1532 3.
434 1461 507 1532 Ὅτι
521 1466 562 1530 τὰ
577 1463 654 1550 βέλη
671 1486 727 1530 οου
747 1464 965 1552 ένεπάγνηοάν
980 1487 1041 1554 μοι,
1129 1483 1162 1528 v.
1186 1468 1215 1529 3.
1236 1467 1391 1543 Quaeram
1413 1469 1615 1551 capillatae
1631 1471 1741 1554 irpirc
1757 1476 1837 1536 suat

296 1573 351 1636 καὶ
365 1569 569 1655 έπεοιήριξας
584 1568 633 1633 ἐπ’
644 1569 700 1655 ἐμὲ
715 1572 772 1657 τὴν
784 1571 877 1655 χεῖρά
890 1593 957 1636 σου.
1086 1569 1178 1648 milii,
1188 1572 1424 1654 etcorpirmaeti
1432 1589 1721 1652 supermemoacm
1733 1579 1832 1640 τααια.

325 1669 380 1741 'ot
402 1674 568 1760 livarrou
590 1672 707 1757 Κυρίου
731 1673 808 1759 βέλη
832 1673 929 1739 εἰσίν·
951 1676 1044 1752 αὐτὸς
1131 1675 1307 1738 Sermones
1325 1676 1460 1738 Domini
1482 1677 1617 1755 sagitta
1639 1682 1736 1741 sunt:
1760 1679 1832 1760 ipse

294 1789 370 1864 γοῦν
381 1778 399 1844 ὁ
412 1775 516 1862 σωτήρ
529 1798 623 1862 φησιν
632 1798 639 1813 ·
648 1776 772 1860 Ἔθηκέ
785 1799 823 1863 με
834 1776 876 1854 ὡς
887 1777 978 1864 βέλος
990 1779 1042 1843 ἐκ·
1088 1778 1178 1841 enim
1197 1779 1351 1841 Salvator
1368 1779 1495 1860 inquit:
1514 1782 1661 1844 «Posuit
1675 1799 1729 1844 me
1743 1782 1834 1846 sicut

294 1883 415 1968 λεκτὸν,
430 1884 536 1967 καέτῇ
550 1879 692 1967 φαρέτρα
705 1881 801 1946 αὑτοῦ
817 1881 990 1968 έκρυψέμε.
1003 1877 1041 1948 Ὁ
1086 1882 1248 1960 sagittam
1276 1883 1427 1962 electam,
1455 1884 1489 1946 et
1518 1883 1553 1945 in
1582 1884 1741 1966 pharetra
1769 1905 1833 1950 sua

292 1986 393 2074 λέγων
405 1989 459 2053 οὖν
471 2008 525 2051 τον
536 1984 630 2071 λόγον
641 1995 696 2050 τοῦ
704 1983 832 2069 Κυρίου,
843 1983 934 2071 βέλος
947 1983 1040 2071 &pip-
1085 1984 1259 2049 abscondit
1281 2002 1376 2048 me.»
1400 1987 1465 2061 Qui
1488 2003 1570 2065 ergo
1589 1987 1741 2068 loquitur
1762 2007 1830 2054 ser-

293 2112 334 2156 οι.
356 2090 422 2156 Καὶ
436 2089 515 2156 iata
530 2088 609 2175 λέγῃ
631 2089 863 2173 έπιοτρεττικέι,
885 2099 929 2176 τῷ
955 2090 1040 2177 βέλει
1084 2105 1218 2154 monem
1246 2089 1392 2170 Domini,
1421 2091 1588 2170 sagittam
1617 2092 1751 2156 emittit.
1786 2095 1830 2156 Et

292 2330 381 2410 dere,
408 2329 527 2408 idest,
555 2345 597 2391 ne
625 2328 661 2391 in
684 2325 798 2392 furore
827 2327 962 2393 Domini
989 2348 1040 2394 ar-
1082 2326 1141 2392 sed
1164 2328 1200 2391 in
1222 2329 1295 2410 ipso
1310 2345 1426 2392 omnes
1453 2330 1519 2393 illae
1546 2346 1740 2394 sermonum
1767 2333 1828 2396 Dei

292 2422 469 2497 gueretur,
498 2418 556 2496 ait,
579 2417 670 2482 sicut
686 2415 760 2496 J'am
777 2419 813 2480 in
828 2419 894 2480 alio
909 2419 1039 2499 psalmo
1083 2415 1200 2480 defixa
1215 2420 1297 2480 sunt
1310 2419 1455 2496 sagitta.
1471 2417 1624 2498 Denique
1636 2421 1685 2481 ita
1700 2425 1734 2482 et
1748 2437 1830 2500 quo-

291 2512 371 2570 ante
387 2506 529 2586 dixerat,
545 2507 647 2568 etiam
662 2505 735 2568 hic:
750 2507 886 2570 Domine
901 2511 962 2570 etc.
975 2510 1038 2572 ΒΒ.
1085 2505 1161 2568 dam
1174 2505 1246 2568 loco
1262 2507 1326 2568 ait:
1344 2506 1497 2569 «Vidisti
1510 2523 1552 2570 ne
1563 2507 1729 2588 quomodo
1741 2525 1829 2572 oom-

296 2597 370 2659 681.
1084 2597 1232 2681 punctus
1262 2597 1313 2656 est
1341 2594 1513 2658 Achabla
1536 2643 1618 2658 ......
1646 2595 1829 2661 Confirmat

339 2687 497 2747 Runruus.
520 2685 613 2746 Hom.
635 2699 669 2746 a.
691 2682 724 2762 2,
750 2682 788 2746 io
813 2699 842 2746 o.
866 2685 896 2746 3.
924 2686 1038 2748 Sermo
1084 2699 1231 2763 namque
1254 2699 1393 2744 manum
1416 2700 1653 2764 suprapueros
1673 2685 1830 2765 poedago·

293 2772 429 2836 Domini
451 2772 587 2850 sagittis
614 2776 665 2834 est
689 2772 821 2834 similis.
836 2771 989 2853 Denique
1005 2779 1038 2837 et
1082 2786 1159 2849 gus,
1182 2761 1262 2832 dam
1281 2770 1446 2851 verberat,
1462 2775 1496 2834 et
1510 2773 1682 2854 emendat,
1699 2776 1733 2835 et
1752 2792 1828 2837 con·

291 2862 444 2924 Salvator
477 2861 525 2922 ita
565 2859 667 2924 dixit:
693 2861 841 2923 «Posuit
860 2877 913 2922 me
936 2865 1034 2922 etc.»
1082 2856 1197 2921 firmat
1210 2877 1341 2938 manus,
1358 2877 1465 2938 quum
1480 2859 1620 2922 verbera
1635 2878 1702 2923 non
1719 2863 1828 2940 negli-

290 2951 354 3024 Qui
385 2965 468 3027 ergo
501 2950 654 3029 loquitur
686 2965 856 3012 sermones
890 2949 1035 3030 Domini,
1080 2951 1212 3027 genter,
1224 2952 1285 3010 aut
1298 2949 1420 3010 leviter
1434 2946 1651 3024 infliguntur.
1667 2951 1718 3012 lta
1734 2952 1825 3014 enim

288 3039 433 3115 sagittas
443 3035 626 3116 jaculatur.
649 3040 785 3101 Etcum
800 3037 951 3117 loquitur
966 3055 1036 3102 cor·
1079 3037 1222 3100 Domino
1244 3036 1355 3100 dicere
1370 3036 1447 3114 quis
1469 3037 1584 3117 possit,
1601 3055 1678 3099 cum
1694 3039 1826 3102 miserit

288 3126 417 3206 ripiens
440 3129 474 3188 et
488 3127 671 3205 castigans,
686 3125 906 3206 correptionis
919 3125 1035 3205 iaculo
1080 3125 1234 3204 sagittas,
1258 3125 1316 3188 sed
1338 3143 1397 3206 per
1413 3140 1643 3206 quoscumque
1659 3129 1734 3190 vult
1749 3129 1825 3190 mit·

288 3231 346 3276 cor
367 3213 515 3296 perforat
537 3213 715 3278 audientis.
732 3215 796 3290 Qui
811 3230 893 3292 ergo
909 3215 957 3276 ita
978 3233 1034 3278 eu·
1078 3218 1150 3276 tere
1161 3215 1306 3292 sagittas
1318 3214 1499 3276 verborum
1510 3232 1660 3294 suorum,
1675 3217 1826 3295 peecatum

287 3305 388 3384 scipit
409 3304 513 3366 verba
529 3303 673 3383 Domini,
690 3306 729 3366 ut
744 3321 785 3366 ex
807 3302 860 3366 his
875 3319 959 3383 quos
975 3321 1033 3367 au·
1076 3302 1275 3384 empirmoati
1295 3319 1392 3382 seper
1413 3320 1462 3366 mc
1476 3307 1720 3367 maeatarum.
1740 3308 1824 3368 Cum

286 3390 337 3454 dit
358 3392 570 3456 sermonibus
585 3408 643 3454 cor
663 3409 765 3456 suum
780 3390 982 3471 configatur,
999 3398 1033 3456 et
1079 3392 1169 3454 enim
1192 3409 1313 3454 manus
1337 3393 1472 3455 Domini
1494 3392 1592 3471 adsit,
1616 3392 1675 3472 qui
1699 3394 1825 3464 emittit

285 3481 539 3561 peretimulum
555 3497 671 3544 eorum
687 3497 762 3560 quaa
777 3480 972 3559 dictasunt,
987 3482 1030 3544 ad
1076 3479 1257 3543 verborum
1276 3479 1403 3559 jacula,
1426 3485 1460 3544 et
1482 3479 1599 3558 infigit
1620 3481 1765 3559 sagittas
1788 3483 1823 3545 ln

285 3570 520 3649 poenitentiam
536 3571 871 3648 suscitetur,certum
887 3573 1030 3649 estquo-
1073 3567 1268 3631 auditorum
1295 3570 1454 3648 animam,
1482 3570 1604 3631 merito
1631 3571 1733 3632 etiam
1760 3571 1823 3633 Do·

284 3658 376 3720 niam
397 3657 436 3720 in
459 3657 557 3720 illum
580 3658 617 3720 in
638 3675 764 3721 vanum
780 3673 848 3720 non
864 3657 948 3721 abiit
961 3676 1030 3723 ser·
1072 3659 1165 3720 mino
1176 3657 1268 3736 dicit,
1284 3658 1435 3738 ραααὶαια
1449 3658 1648 3740 confirmasti
1661 3675 1758 3740 seper
1774 3675 1823 3724 me

284 3747 394 3810 monis
416 3747 478 3810 Dei
489 3745 655 3827 jaculum,
670 3762 780 3827 neque
795 3749 1028 3828 transvolavit,
1072 3762 1203 3810 αιαιιααι
1225 3749 1325 3811 tuom.
1348 3749 1411 3809 ΒΒ.
1435 3747 1509 3809 682.

280 4007 476 4063 necessariam
495 4012 644 4080 paternave
664 4005 847 4062 austeritatis
869 4005 1027 4080 correptio-
1070 4007 1250 4063 audientium.
1262 4009 1359 4078 Atque
1377 4024 1431 4063 nos
1442 4007 1558 4062 utinam
1571 4024 1673 4063 omnes
1692 4008 1821 4080 audiant,

278 4111 346 4150 nem
358 4111 558 4166 agnoscamus.
572 4094 680 4150 Omnes
699 4092 835 4166 episcopi,
853 4093 1027 4167 presbytori,
1071 4098 1102 4148 et
1111 4094 1277 4165 compuncti
1285 4111 1322 4149 ex
1328 4093 1375 4148 his
1387 4110 1452 4164 quae
1466 4093 1610 4162 dicuntur,
1619 4097 1707 4163 atque
1718 4093 1756 4148 ad
1762 4111 1823 4166 poe-

278 4179 395 4236 diaconi
416 4180 554 4236 erudiunt
571 4197 624 4236 nos
643 4183 673 4234 et
699 4178 797 4235 verbis
815 4179 1027 4235 austerioribus
1071 4177 1228 4235 nitentium
1248 4178 1389 4248 conversi,
1408 4179 1507 4234 dicant
1525 4177 1564 4234 ad
1582 4179 1729 4248 meterem,
1752 4198 1823 4252 quo-

279 4265 439 4339 increpant.
473 4267 573 4322 Etiam
596 4265 745 4322 erudimur
771 4263 808 4320 ab
832 4265 879 4320 his
913 4265 1027 4336 angelis
1070 4264 1269 4336 aianneapittc
1282 4272 1336 4321 tua
1354 4265 1448 4338 infixo·
1466 4263 1621 4333 νααέιιιέέιί,
1645 4272 1717 4338 puta
1730 4267 1760 4322 in
1778 4268 1822 4325 in·

281 4353 410 4424 “quibus
421 4353 541 4409 creditae
558 4357 627 4407 sunt
638 4350 841 4423 dispensanda
852 4349 1027 4422 etregendoe
1071 4350 1193 4406 teritum
1210 4349 1313 4405 carnis.
1333 4352 1404 4420 Quis
1422 4369 1493 4422 ergo
1512 4351 1552 4406 sit
1568 4351 1707 4408 interitus
1723 4349 1821 4411 carnis

280 4437 385 4494 animae
403 4445 521 4508 nostras,
534 4439 611 4494 sicat
628 4437 728 4492 Pastor
745 4435 874 4508 exponit,
887 4435 912 4491 ai
925 4437 972 4492 cui
984 4443 1028 4493 ta·
1071 4435 1151 4503 audi,
1164 4441 1195 4491 et
1208 4452 1272 4506 qua
1284 4436 1347 4494 vita
1359 4426 1488 4510 spiritus,
1502 4441 1533 4492 et
1545 4437 1640 4507 qualis
1651 4438 1743 4496 facies
1752 4460 1818 4515 peo-

278 4541 347 4579 man
355 4523 472 4581 libellus
481 4525 531 4580 ille
540 4522 725 4597 recipiendus
737 4521 862 4580 videtur.
872 4561 887 4592 „
902 4552 935 4563 —
946 4522 1029 4580 Haec
1073 4526 1213 4591 catorum,
1225 4527 1255 4577 et
1264 4523 1349 4593 quale
1360 4523 1483 4595 pondus,
1494 4527 1525 4578 at
1537 4539 1625 4592 quam
1635 4541 1726 4594 grave
1736 4545 1818 4597 onus,

280 4610 423 4682 Origenes
436 4611 513 4684 apud
525 4610 673 4666 Rufinum.
1073 4615 1197 4680 atquem
1206 4607 1358 4664 foetuerint
1370 4609 1521 4665 cicatrices
1528 4609 1738 4682 etputrefactaa
1751 4613 1819 4681 sint,

313 4715 341 4754 v.
353 4699 379 4753 2.
392 4698 459 4755 Vat.
473 4699 498 4752 5.
512 4699 553 4768 11,
567 4697 609 4765 14,
627 4695 775 4750 Scholium
786 4694 906 4752 transiit
919 4695 1028 4768 partim
1072 4694 1142 4767 quid
1160 4694 1277 4750 demum
1294 4694 1355 4750 sint
1371 4695 1540 4766 margarita
1562 4704 1631 4752 ante
1653 4715 1765 4771 porcos,
1788 4703 1819 4754 et

278 4783 317 4838 ad
329 4785 524 4840 Athanasium
535 4783 613 4857 apud
622 4782 789 4838 Monteiale.
802 4787 833 4838 et
842 4781 1027 4839 Theodorum
1071 4782 1172 4854 quales
1184 4779 1266 4854 porci
1278 4785 1332 4836 etc.
1345 4779 1467 4851 Legesis
1480 4780 1581 4836 sedulo
1594 4783 1755 4853 sequentia.

279 4871 395 4927 Haracl.
408 4871 440 4927 in
451 4869 562 4926 Oetena
574 4867 713 4926 Oorderii.
1103 4887 1132 4926 v.
1151 4868 1176 4923 3.
1190 4868 1257 4923 Vat.
1271 4867 1368 4935 10,11,
1382 4867 1423 4943 13,
1441 4867 1508 4922 Huo
1527 4867 1677 4924 Maurinos
1689 4867 1818 4937 liberius,

314 4973 347 5014 ιι.
369 4975 397 5014 ν.
415 4957 471 5012 aa.
488 4959 521 5011 ‘ll
539 4961 674 5026 ακρόαοις.
699 4955 741 5012 Ut
761 4971 828 5010 cum
848 4954 976 5027 Origene
996 4961 1028 5012 at
1069 4959 1177 5029 prater
1189 4951 1436 5022 consuetudinem,
1449 4951 1622 5024 reducimus,
1632 4969 1669 5007 ne
1678 4951 1817 5006 continua

280 5042 388 5100 Rufino
399 5059 566 5116 persequar,
583 5059 679 5098 sermo
696 5040 822 5111 Domini,
841 5041 953 5112 sagitta
971 5047 1026 5112 est,
1071 5039 1177 5113 psalmi
1189 5039 1281 5094 series
1299 5038 1495 5113 abrumpatur.
1514 5039 1559 5096 Of.
1577 5040 1616 5097 Is.
1636 5056 1720 5108 xiix,
1736 5039 1762 5110 2,
1781 5056 1817 5098 ιιι

279 5147 367 5204 quam
381 5130 529 5203 jaculatur
549 5129 743 5200 concionator,
765 5134 799 5184 ut
822 5128 953 5203 perforet
977 5147 1027 5186 cor
1071 5129 1145 5201 aeg.
1160 5143 1226 5198 xxi,
1238 5127 1282 5183 29.
1295 5125 1403 5200 Ephes.
1414 5143 1455 5199 νι,
1469 5129 1510 5184 16.
