3966 6108
316 451 380 516 628
923 451 955 514 S.
978 448 1239 514 HIPPOLYTUS

361 594 438 656 car.
454 608 500 671 vr,
515 607 548 655 ν.
563 590 617 656 26.
634 587 716 674 Τιμη
732 590 794 673 γὰρ
806 589 923 674 πόρνης
938 589 997 673 δοη
1010 590 1063 654 καὶ
1152 592 1230 655 Car.
1244 605 1289 669 vt,
1305 605 1337 651 ν.
1352 589 1404 653 26.
1419 589 1568 653 Pretium
1583 590 1668 656 erim
1682 591 1784 658 sarta·
1796 592 1865 656 otiu

318 691 388 790 δνδς
410 691 516 777 ἄρτου,
538 693 619 778 γυνὴ
643 691 678 756 δὲ
700 691 820 776 ἀνδρῶν
841 690 944 778 τιμίας
960 693 1064 779 ψυχὰς
1108 696 1157 759 cst
1174 692 1274 756 unitos
1292 692 1413 774 poais‚·
1436 690 1555 756 molier·
1569 697 1675 758 eutem
1689 695 1867 775 prattbsms

316 795 452 882 ἀγρεύει.
1110 795 1399 862 uirorumoaimos
1414 797 1509 876 sopit.

360 898 407 965 06
422 900 476 965 τὸν
491 899 586 983 ἄρτον
601 907 640 984 τη
657 895 735 984 μίξει
756 895 963 984 παραδᾶλλει,
979 898 1064 965 ἄλλδι
1152 903 1277 964 Ρουοιιι
1293 898 1488 962 scortationi
1508 915 1576 961 non
1589 905 1769 982 comparat,
1792 900 1864 964 aad

317 1005 353 1069 τδ
374 1003 428 1070 iul
449 1013 489 1088 τῇ
514 1001 591 1090 μίξει
612 1000 891 1087 καταδαλλᾶμενον
916 993 1076 1088 ἀργύριον
1107 1024 1185 1069 curn
1198 1004 1518 1087 pretiouniuapanie
1536 1003 1872 1086 pecnniamadseor-

316 1116 362 1194 τῷ
376 1113 433 1172 τοῦ
456 1105 524 1184 ἐνὸς
546 1107 643 1191 ἄρτου
664 1103 823 1191 τιμήματι.
846 1104 916 1171 Οὐκ
937 1107 1005 1172 εἰπε
1027 1107 1062 1172 δὲ
1107 1108 1248 1173 tandum
1269 1106 1462 1190 projectam.
1485 1109 1558 1170 Non
1578 1107 1619 1172 de
1641 1108 1784 1173 muliere
1807 1108 1865 1171 lo-

268 1257 271 1268 .
315 1211 474 1296 γυναικὸς,
489 1208 573 1275 ἄλλοι
592 1209 774 1295 πόρνης·οιἰ
785 1210 846 1295 γὰρ
861 1209 924 1275 ἄπδ
938 1219 995 1296 της
1007 1209 1063 1296 φύ-
1107 1213 1234 1294 quitnr,
1256 1212 1315 1276 sed
1329 1211 1370 1274 da
1385 1217 1509 1276 scorto:
1526 1211 1617 1276 haud
1639 1214 1728 1276 anim
1741 1229 1818 1276 earn
1839 1230 1866 1274 a

320 1335 411 1397 στοις,
427 1313 500 1379 ἄλλ’
510 1313 573 1379 ἄπδ
587 1324 645 1401 της
666 1311 780 1391 κακίας
796 1315 896 1399 αὐτὴν
918 1313 1062 1397 ἐκάλεσε,
1107 1320 1230 1378 natura
1243 1319 1371 1395 avocat,
1386 1315 1445 1378 sed
1459 1333 1481 1378 a
1491 1317 1636 1397 malitia3
1652 1317 1783 1384 malitia
1798 1335 1867 1380 au-

319 1416 418 1484 κακία
441 1417 476 1482 δὲ
497 1419 623 1496 οὐδενὸς
645 1416 728 1498 ἄξία.
752 1416 848 1504 Φέρει
863 1419 897 1483 δί
912 1440 977 1498 πως
998 1428 1064 1498 τοῖς
1106 1419 1439 1500 temnibilmeratur;
1452 1420 1555 1483 immo
1568 1422 1609 1485 iis
1622 1438 1706 1504 quos
1718 1439 1865 1502 supera-

317 1519 506 1608 ἡττιυμίνοις
523 1521 646 1606 ὀδύνην,
662 1523 738 1587 δταν
752 1521 770 1586 δ
783 1523 956 1607 νενικηκὼς
972 1523 1065 1587 abac
1107 1524 1166 1602 vit,
1185 1528 1278 1586 creat
1295 1523 1453 1604 dolorem,
1472 1525 1502 1587 si
1526 1525 1662 1605 quidam
1682 1526 1724 1589 ab
1743 1543 1784 1588 aa
1806 1526 1866 1587 vi-

316 1625 513 1712 ταρρόνητος
528 1625 559 1710 ᾖ.
575 1618 622 1690 Ἦ
636 1625 684 1690 δτι
701 1624 840 1711 τοοαίιτη
864 1626 947 1692 ἐστίν
962 1625 1062 1713 ἡδονὴ
1107 1632 1182 1690 atus
1197 1627 1419 1707 aspernabilis
1437 1625 1486 1690 fit.
1508 1629 1570 1692 Vel
1593 1629 1641 1692 ait
1663 1629 1765 1691 talem
1782 1644 1862 1690 esee

319 1741 377 1817 της
391 1727 516 1813 κακίας,
532 1731 591 1815 esp
607 1731 664 1795 καί
679 1729 747 1808 ἒνδς
761 1729 868 1814 ἄρτου.
891 1728 974 1816 Γυνὴ
994 1725 1061 1797 δὲ...
1107 1731 1283 1813 pravitatis
1296 1731 1626 1812 voluptatem,quale
1643 1731 1863 1813 uniuspanis
1954 1787 1955 1798 ,

317 1834 520 1922 Αίοχιίνθητι,
536 1835 642 1920 φησίν,
655 1835 702 1898 δτι
713 1835 792 1922 γυνὴ
805 1834 842 1899 οὲ
853 1843 935 1920 νικᾷ,
950 1835 1006 1899 καί
1017 1835 1065 1900 δτι
1106 1835 1263 1917 pretium.
1279 1836 1394 1902 Addit:
1410 1835 1534 1900 Mulier
1546 1840 1683 1901 amm...
1700 1835 1734 1898 id
1749 1840 1810 1915 est,
1822 1854 1862 1898 e-

318 1937 530 2018 οὐδενὸςᾶξία
544 1937 643 2024 πόρνη
659 1947 704 2024 τῷ
719 1941 807 2024 παρὰ
817 1941 867 2004 σοί
884 1937 1065 2026 τιμιωτέρῳ,
1107 1938 1256 2020 rubasoa,
1272 1939 1354 2020 qnia
1369 1939 1493 2002 mulier
1507 1943 1541 2002 te
1556 1942 1703 2020 superat,
1716 1943 1751 2001 at
1764 1937 1861 2020 quod
1954 1911 1955 1946 r

317 2045 377 2130 την
392 2045 499 2131 ψυχὴν
515 2041 698 2126 προδιδόντι.
1109 2043 1237 2106 nullius
1262 2043 1449 2106 aestimatur
1470 2049 1628 2123 scortum,
1651 2061 1720 2124 prae
1741 2043 1860 2106 anima

328 2175 330 2181 =
1073 2161 1083 2184 ⁶
1109 2165 1211 2229 quam
1234 2146 1412 2229 tradidisti,
1431 2165 1507 2229 quaa
1526 2153 1586 2212 tua
1608 2165 1661 2212 res
1680 2147 1861 2230 pretiosior

1113 2257 1173 2316 ast.

366 2358 442 2419 Cer.
457 2373 544 2418 xxrv
566 2353 661 2439 (ονίρ.
682 2355 782 2439 xxx),
804 2373 837 2419 ν.
861 2354 968 2420 18-19.
987 2352 1067 2440 Τρία
1154 2358 1231 2420 cnr.
1246 2372 1332 2418 xxiv
1347 2354 1456 2437 (vulg.
1472 2354 1570 2438 xxx),
1585 2374 1617 2418 ν.
1632 2354 1682 2418 18.
1704 2357 1754 2418 19.
1775 2353 1860 2419 irio

321 2455 357 2524 δί
376 2457 459 2524 ἔστιν
474 2457 614 2525 ἄδιίνατᾶ
629 2475 680 2545 μοι
693 2467 816 2542 νοῆσαι,
831 2460 887 2524 καί
901 2460 937 2522 τὸ
958 2455 1068 2544 τίταρ
1109 2465 1188 2526 sont
1207 2476 1276 2542 ptus
1289 2459 1434 2544 intellipi
1454 2463 1623 2544 mqueoat,
1648 2462 1680 2525 ct
1703 2463 1860 2542 quartam

299 2629 302 2636 ,
323 2582 378 2628 τον
393 2563 452 2628 aba
472 2561 699 2650 ἑπιγινίνακυ...
715 2559 807 2640 ὁδοὺς
822 2561 933 2646 ἀνδρὸς
949 2561 987 2627 ἐκ
1001 2559 1068 2630 vad-
1110 2581 1173 2629 ουκ
1187 2581 1331 2648 ουρποουο
1341 2609 1348 2624 .
1360 2611 1367 2627 .
1377 2611 1403 2627 ..
1418 2564 1491 2630 rias
1504 2565 1572 2630 oiri
1586 2565 1795 2646 ajoocatote.

323 2687 428 2753 τητος.

371 2771 417 2838 Τὸ
438 2770 474 2836 δὲ
491 2770 641 2857 τέταρτον
657 2771 740 2857 [οὐκ]
756 2771 947 2856 ἐπιγνυοτδν
968 2771 1020 2836 διᾶ
1033 2771 1070 2836 τδ
1157 2775 1321 2849 Quartum
1343 2777 1458 2836 autem
1481 2789 1591 2852 genus
1617 2775 1774 2853 ignotum
1797 2778 1860 2853 cst,

323 2877 459 2943 ἄστατον
474 2885 535 2942 τῶν
552 2876 686 2962 τρόποιν·
701 2886 793 2942 τοῦτο
813 2875 890 2960 ἠθος
905 2877 1070 2962 respond
1113 2877 1203 2961 quod
1225 2878 1346 2943 stabile
1368 2894 1436 2943 non
1458 2879 1504 2942 eit
1525 2879 1561 2942 in
1584 2878 1751 2944 moribus:
1768 2879 1856 2948 ,talis

321 2978 510 3046 ουντακτέον
532 2982 588 3045 καί
609 2981 667 3057 τᾶς
687 2990 743 3066 της
760 2978 942 3067 μοιχαλίδος
957 2979 1068 3057 ὁδούς·
1115 2987 1167 3046 eat
1189 2981 1396 3044 consuetudo
1419 2981 1640 3046 adolescentis
1663 2998 1809 3065 quocum
1823 2999 1859 3044 e·

324 3081 460 3168 διᾶρορα
478 3079 598 3169 τοίγαρ,
617 3084 686 3149 ἐπεὶ
705 3085 803 3171 μηδὲν
825 3085 864 3150 ἐκ
877 3093 934 3148 τοῦ
948 3103 1069 3169 προφα·
1112 3085 1195 3148 tiam
1218 3083 1427 3149 conferendae
1448 3086 1514 3149 viae
1536 3088 1739 3167 meretricis;
1762 3087 1797 3150 in
1818 3103 1855 3148 eo

321 3195 393 3264 νοῦς
415 3185 536 3273 βλᾶδης
551 3188 698 3273 ἐνορᾶται
719 3189 764 3274 τῷ
787 3187 909 3274 σώματι
930 3189 990 3273 πρὸ
1012 3196 1069 3273 της
1112 3195 1226 3254 autem
1245 3189 1368 3270 differt,
1383 3188 1473 3271 quod
1488 3191 1650 3254 immunia
1665 3197 1716 3255 est
1734 3197 1855 3272 apertae

323 3288 469 3377 ἀθεμίτου
485 3291 634 3376 πράξεως.
1114 3295 1149 3358 in
1164 3310 1301 3375 corpore
1316 3294 1458 3357 maculae
1473 3298 1552 3356 ante
1567 3294 1708 3358 illicitos
1718 3298 1822 3357 actus.

358 3509 428 3585 (lap
441 3527 482 3582 vr,
493 3527 523 3569 ν.
534 3511 578 3567 86.
591 3510 635 3567 Id.
648 3510 718 3568 Ood
729 3511 751 3568 f.
762 3511 807 3568 91.
1111 3529 1146 3568 aa
1156 3511 1255 3585 potins
1280 3511 1351 3584 quid
1368 3510 1505 3568 illicitum
1521 3528 1609 3584 qnam
1619 3513 1805 3586 perspicuum
1820 3511 1856 3567 ei-

355 3597 427 3670 Gap.
438 3609 521 3668 mr,
534 3617 562 3656 ν.
575 3600 618 3670 18,
631 3600 674 3655 19.
687 3598 836 3654 Scholium
844 3598 953 3672 partim
962 3599 1068 3671 attige-
1112 3598 1261 3671 gnidaere.
1281 3629 1314 3640 -
1331 3599 1394 3655 Nee
1415 3597 1489 3654 setis
1511 3597 1547 3655 da
1565 3597 1738 3673 Hippolyto.
1755 3598 1856 3672 Super·

322 3691 370 3740 rat
381 3684 491 3756 Μοίρας
509 3702 564 3742 nos
581 3701 696 3758 qnoque
713 3690 782 3759 poet
798 3702 866 3741 eum
883 3684 961 3742 idem
976 3686 1069 3742 multo
1113 3693 1182 3741 eunt
1191 3684 1310 3758 apiculas
1320 3684 1386 3741 duas
1395 3684 1545 3758 manipulo
1555 3684 1698 3740 addendae
1707 3684 1784 3743 inter
1793 3702 1856 3758 opp.

321 3771 466 3842 integrius
474 3772 565 3846 (tomo
572 3787 602 3843 11,
612 3790 640 3846 p.
649 3773 723 3847 244).
734 3773 819 3842 Quod
828 3780 928 3831 tamen
936 3792 990 3830 neo
1000 3774 1070 3830 dum
1112 3772 1235 3828 collecto
1257 3788 1295 3828 ex
1316 3771 1424 3827 smisso
1450 3770 1659 3827 commentario
1679 3771 1712 3827 in
1731 3772 1856 3844 psalmos

322 3858 490 3914 absolutum
501 3858 680 3932 reliquimus,
692 3877 770 3916 nune
781 3859 956 3935 perficimus,
969 3861 1070 3918 addita
1113 3858 1227 3932 (Petrol-
1241 3875 1270 3917 x.
1283 3859 1344 3913 cot.
1358 3858 1430 3930 615).
1448 3857 1535 3914 Prior
1547 3874 1586 3914 ex
1597 3858 1716 3916 Barber.
1728 3873 1774 3927 111,
1791 3859 1825 3913 ta
1835 3857 1855 3912 f.

323 3943 455 4000 clausula
467 3944 633 4001 necessaria
650 3962 716 4017 quaa
728 3945 766 4001 ad
781 3945 916 4002 nltimam
932 3947 1070 4006 vernonii
1113 3949 1173 4016 196,
1186 3946 1331 4020 posterior
1343 3943 1381 4001 ex'
1395 3945 1458 4001 cod.
1469 3945 1565 4002 Vatia.
1582 3934 1660 4018 apud
1671 3943 1818 4016 Agellinm
1828 3961 1855 4016 p.

323 4030 359 4084 19
367 4033 482 4102 partem
490 4028 627 4102 pertinet
638 4061 673 4071 -
681 4031 723 4088 Ut
733 4031 827 4086 multa
837 4030 896 4086 elia
908 4032 986 4105 apud
997 4031 1070 4106 Hip·
1113 4034 1166 4090 806
1178 4033 1232 4089 col.
1244 4034 1262 4088 2
1274 4032 1429 4105 recipitnr;
1448 4031 1554 4103 quibus
1571 4030 1706 4103 infertur,
1717 4030 1856 4105 Hippoly-

323 4114 465 4188 polytum,
475 4132 536 4173 vox
545 4123 696 4185 προφανοῦς
713 4116 805 4174 latina
822 4117 940 4175 videtur
957 4135 1070 4190 nonme,
1115 4124 1178 4176 tum
1188 4118 1281 4175 fuisse
1297 4117 1390 4174 totins
1400 4115 1534 4191 psalterii
1549 4115 1747 4190 interpretem.

359 4380 458 4439 Peolm.
473 4396 516 4452 111,
528 4381 554 4436 8.
568 4383 694 4448 Ὀρόντας
706 4384 870 4451 ἄμαρτιυλῶν
882 4385 1045 4451 αυνίτριψας.
1149 4399 1177 4439 ν.
1190 4381 1216 4436 8.
1229 4381 1331 4438 lisam
1340 4387 1516 4452 peccatoram
1528 4381 1691 4438 contrivisti.

362 4467 527 4521 Ἱππολύτου.
541 4465 593 4520 Ἐκ
610 4473 763 4536 μεταφορᾶς
779 4470 889 4536 luetur,
902 4469 920 4521 a
932 4473 984 4523 τῶν
997 4472 1071 4525 ὀδον-
1150 4469 1293 4540 Hippolyti.
1304 4468 1350 4522 Ex
1363 4467 1536 4542 metaphora
1546 4468 1788 4539 belluarumque
1796 4486 1860 4527 cnm

325 4569 378 4606 ταν
391 4555 558 4622 οτιροίμενα,
571 4556 792 4622 ιῦκαταρρόνητα
804 4557 863 4609 λίαν
876 4558 953 4610 dour.
1114 4554 1251 4611 dentibus
1263 4554 1425 4628 privantur,
1436 4554 1524 4611 valde
1535 4561 1605 4610 sunt
1617 4555 1817 4629 despicabiles.

359 4636 458 4692 Ροοᾶπ
472 4638 651 4708 cxxv111,13.
665 4641 732 4693 Κατ’
739 4641 803 4707 δμοῦ
813 4641 978 4708 ηδολὲοχουν
988 4647 1013 4696 el
1022 4659 1070 4696 κα-
1149 4641 1234 4698 ν.18.
1248 4642 1399 4698 Adversum
1411 4657 1453 4696 ma
1465 4641 1657 4713 loqueretur,
1670 4643 1718 4713 qai
1732 4644 1860 4700 ιοᾶιδοπί

324 4725 565 4794 remeationem.
1115 4727 1145 4781 ia
1159 4732 1252 4798 porto.

359 4813 527 4866 Ἱππολύτου.
541 4811 614 4877 ‘Eis
628 4813 681 4882 γὰρ
693 4816 843 4882 τῆςπιίλης,
854 4815 1072 4881 μτίοταδρυνοαν,
1151 4813 1294 4885 Hippolyti.
1316 4813 1392 4869 Nam
1410 4821 1495 4870 extra
1512 4819 1630 4888 portam
1646 4832 1694 4871 ma
1713 4816 1859 4875 crucifixe·

326 4902 487 4967 τουτίοτιτῇ
500 4902 749 4968 τοδποὶοχαέορτῇ.
1116 4909 1193 4956 runt.
1205 4899 1520 4958 nimirurninPaeohae
1532 4900 1705 4960 festivitate.
