3966 6104
306 473 370 538 590
853 473 1039 541 SANCTUS
1062 471 1303 541 caucomos

304 612 390 678 κατά
404 613 458 679 τόν
471 609 592 699 κόσμον
606 621 726 679 τοῦτον.
749 609 897 679 Διδάσκει
916 623 993 700 γοῦν
1014 611 1051 699 ή-
1095 615 1187 681 bunc
1201 615 1376 680 mundum.
1399 614 1543 680 Divinus
1558 631 1641 696 ergo
1656 615 1783 682 Paulus
1798 615 1843 681 de

306 725 367 800 μᾶς
383 717 530 801 περὶτῶν
553 725 606 784 νῦν
628 717 754 804 ήμερῦν
768 718 785 782 ό
799 716 888 796 θεῖος
910 717 1047 803 Παῦλος,
1095 718 1189 783 bisce
1204 718 1323 784 diebus
1337 735 1398 783 nos
1409 721 1527 801 paucis
1539 719 1664 801 edocet,
1679 720 1761 785 dum
1778 721 1845 784 ait:

304 817 356 883 διά
371 817 514 906 βραχέων
528 820 562 888 έν
577 822 622 899 οίς
642 819 745 907 λέγει·
763 815 1048 908 Ἐξαγοραζόμενοι
1098 823 1336 890 «Redimentes
1349 829 1491 906 tempus,
1508 826 1669 906 quoniam
1685 824 1757 889 dies
1773 843 1847 888 ma-

265 928 272 939 '
304 927 359 989 τόν
372 927 493 1008 καιρόν,
508 923 556 989 ότι
574 923 608 989 αἱ
628 923 746 1011 ἡμέραι
760 924 897 1010 πονηραί
917 927 994 992 εἰσιν
1012 921 1048 1012 Ι).
1094 927 1260 1008 bisunt»
1283 931 1317 990 et
1335 927 1376 991 de
1391 927 1523 991 Christo
1545 927 1643 993 dicit:
1672 930 1847 1008 «Propter

239 1067 243 1078 ,
305 1026 372 1094 Καί
386 1028 457 1112 περί
477 1036 533 1092 τοῦ
549 1026 689 1113 Χριστοῦ
711 1029 758 1094 ότι
772 1029 850 1115 ὑπὲρ
873 1031 934 1095 τῶν
949 1029 1050 1115 άμαρ
1094 1035 1232 1114 peccata
1253 1035 1368 1096 nostra
1385 1031 1526 1096 tradidit
1546 1032 1777 1114 semetipsum,
1801 1037 1844 1095 ut

306 1139 380 1196 τιῦν
393 1128 483 1216 ήμῦν
496 1129 632 1198 δέδωκεν
647 1131 768 1214 ἑαυτόν,
786 1133 837 1196 ίνα
852 1130 999 1217 ἐξέληται
1011 1129 1049 1216 ή·
1096 1134 1241 1215 eriperet
1255 1150 1315 1198 nos
1332 1153 1373 1198 ex
1388 1136 1451 1200 boc
1465 1136 1623 1217 prasenti
1638 1136 1763 1200 saeculo
1785 1152 1847 1198 ne·

308 1245 369 1323 μῦς
390 1237 429 1302 έκ
450 1245 506 1302 τοῦ
527 1236 695 1314 ἐνεστῶτος
721 1245 861 1320 πονηροῦ
883 1237 994 1314 αίῦνος
1008 1231 1047 1320 ²).
1095 1252 1238 1317 quam.»
1255 1239 1314 1300 Et:
1338 1238 1453 1302 «Dum
1468 1255 1587 1302 sumus
1601 1239 1637 1301 in
1653 1237 1717 1302 hoc
1731 1237 1843 1302 taber·

304 1339 371 1407 Καί
398 1341 486 1418 όντες
511 1339 545 1404 ἐν
569 1349 614 1426 τῷ
640 1337 750 1424 σκήνει
774 1339 875 1425 τούτῳ
902 1339 1051 1418 στενάζο·
1094 1341 1226 1420 naculo,
1235 1340 1528 1423 ingemiscimus»
1542 1342 1665 1424 inquit.
1677 1343 1721 1405 Et
1732 1343 1843 1406 David

306 1465 363 1531 μεν
376 1439 416 1529 ³),
431 1445 518 1529 φησί.
534 1443 600 1509 Καί
614 1443 632 1508 ό
647 1443 743 1509 Δαυίδ
763 1444 922 1530 ὀδύρεται·
944 1441 1048 1529 Οίμοι,
1094 1441 1315 1507 lamentatur:
1334 1447 1440 1508 «Heu
1454 1445 1554 1509 mihi!
1579 1445 1661 1527 quia
1674 1447 1843 1510 incolatus

304 1545 388 1632 ότιή
403 1543 554 1633 παροικία
569 1569 628 1633 μου
649 1547 829 1634 έμακρῦνθη
842 1544 881 1632 ⁴).
903 1545 942 1613 ‘0
956 1547 1050 1634 Ἱερε·
1095 1563 1191 1611 meus
1202 1549 1424 1630 prolongatus
1436 1553 1497 1613 est
1510 1568 1528 1609 ο
1543 1550 1566 1612 J
1567 1550 1726 1620 eremias:
1745 1551 1846 1613 «Ma-

304 1649 376 1738 μίας
387 1671 395 1688 ·
408 1651 669 1736 Ἐπικατάρατος,
692 1653 797 1738 φησίν,
813 1650 831 1716 ό
847 1651 1008 1737 ἄνθρωπος
1030 1651 1048 1718 ό
1093 1649 1236 1715 ledictus
1247 1651 1357 1732 horne,
1369 1653 1427 1733 ait,
1444 1654 1503 1734 qui
1519 1654 1737 1717 annuntiavit
1754 1655 1846 1736 patri

303 1752 587 1841 εὐαγγελισάμενος
602 1762 647 1840 τῷ
661 1753 757 1840 πατρί
771 1775 846 1840 μου·
860 1753 944 1821 Ἰδοὺ
959 1753 1049 1843 έτέχ-
1094 1770 1179 1834 mec,
1191 1755 1272 1836 quia
1286 1761 1386 1820 natus
1398 1756 1522 1820 esttibi
1537 1758 1739 1821 masculus.»
1754 1759 1846 1834 Qua-

303 1861 343 1946 θη
358 1879 409 1925 σοι
423 1860 524 1946 ἄρσην
534 1855 574 1945 ⁸).
585 1857 657 1926 Ἱνα
667 1858 697 1925 τί
709 1869 813 1925 τοῦτο·
828 1859 866 1925 ἐκ
882 1859 1003 1946 μήτρας
1017 1863 1048 1927 ἐ·
1094 1875 1130 1921 re
1146 1856 1222 1921 hoc:
1245 1857 1287 1922 de
1305 1860 1410 1923 vulva
1423 1875 1582 1938 egressus
1597 1877 1684 1923 sum.
1700 1861 1773 1923 Vox
1790 1865 1843 1924 est

301 1963 415 2050 ξηλθον
430 1986 439 2048 ;
455 1961 740 2041 ἀπ’όδυνετοῦντος
762 1963 784 2049 ή
807 1965 896 2050 φωνή
919 1965 975 2029 καί
998 1963 1048 2051 βε·
1093 1961 1245 2038 graviter
1266 1961 1410 2026 dolentis
1430 1969 1465 2026 et
1480 1964 1568 2027 male
1591 1965 1751 2046 oppressi,
1769 1964 1844 2044 jam

303 2065 493 2155 βαρημένσυ,
506 2067 543 2132 οῦ
559 2066 707 2154 φέροντος
718 2069 777 2154 τήν
787 2067 914 2153 πρώτην
925 2067 1049 2155 ἡμέραν
1092 2079 1160 2126 non
1173 2063 1527 2156 terentisvelprirnum
1535 2066 1624 2131 diem
1632 2069 1844 2132 natalicium.

303 2180 362 2257 της
374 2169 537 2258 γενέσεως.
1136 2168 1253 2250 Neque
1265 2169 1353 2232 alius
1363 2186 1485 2252 scopus
1497 2174 1549 2234 est
1558 2187 1754 2236 sermonum
1766 2173 1843 2254 Job,

347 2275 496 2353 Τοιοῦτος
516 2274 571 2339 καί
584 2283 646 2339 τῦν
667 2283 724 2340 τοῦ
747 2273 887 2360 μεγάλου
907 2273 1046 2359 ἀθλητοῦ
1093 2273 1213 2350 magni
1235 2273 1329 2337 iilius
1353 2273 1504 2338 athletae:
1527 2273 1609 2338 dum
1632 2276 1723 2339 enim
1745 2275 1839 2340 haud

302 2377 374 2444 Ἰὼό
389 2377 491 2463 λόγων
512 2377 530 2443 ό
546 2375 683 2454 σκοπός·
706 2377 744 2442 οὐ
757 2380 819 2465 γάρ
833 2371 862 2461 ⁶)
885 2377 1048 2464 παραθάλ-
1092 2374 1244 2440 conterre
1261 2378 1408 2441 sustinet
1422 2379 1529 2441 vitam
1542 2384 1743 2460 praesentem
1764 2398 1845 2445 cum

303 2482 501 2548 iacebitis
524 2479 590 2568 βίον
613 2489 658 2568 τῷ
676 2479 828 2566 προτέρῳ,
848 2484 904 2547 τόν
925 2491 1048 2568 πενήτα
1092 2479 1213 2560 priore,
1230 2479 1318 2544 hano
1333 2481 1491 2544 miseram
1507 2483 1723 2562 etangustiis
1739 2466 1846 2566 impe·

302 2589 358 2653 καί
379 2586 533 2671 ἐνάπορον
553 2592 598 2672 τῷ
617 2585 651 2651 ἐν
668 2584 823 2669 πλούτοις,
840 2585 935 2650 όποτε
957 2585 1048 2672 εθθη-
1092 2580 1198 2646 ditem
1210 2600 1288 2647 curn
1296 2584 1393 2666 copia
1407 2583 1605 2649 divitiarum
1618 2585 1765 2668 (quando
1776 2590 1845 2669 ipsi

301 2700 411 2758 νοῦντο
432 2691 516 2776 αὐτῷ
536 2691 577 2756 τόι
600 2686 751 2775 βουκόλια
765 2690 821 2753 καί
841 2690 883 2753 τά
905 2685 1044 2774 ποίμνια,
1091 2701 1248 2767 prospere
1264 2686 1482 2752 abundabant
1498 2696 1652 2752 armenta
1669 2693 1842 2775 etoviliaJ,

301 2795 375 2860 οὐδὲ
389 2805 428 2880 τη
443 2803 497 2860 νῦν
512 2790 643 2878 ἀπαιδίᾳ
663 2793 722 2878 τήν
744 2794 815 2876 πρὶν
836 2790 1046 2880 εὐπαιδίαν,ή
1091 2804 1203 2870 neque
1240 2789 1417 2854 orbitatem
1449 2809 1519 2874 praa
1560 2792 1706 2858 fecunda
1744 2797 1843 2877 prius

300 2900 359 2984 τήν
373 2897 465 2964 νόσον
479 2906 518 2982 τη
541 2894 652 2982 ὑγιείᾳ,
674 2904 774 2961 ταῦτα
796 2895 914 2982 ἔλεγεν,
930 2896 998 2962 ἐπεὶ
1015 2896 1046 2962 ἑ-
1092 2894 1265 2974 progenie,
1281 2895 1335 2958 vel
1351 2894 1506 2959 morbum
1521 2913 1590 2978 prae
1606 2897 1840 2964 incolumitate

300 2999 358 3086 ξήν
372 2999 457 3085 αὐτῷ
472 2997 685 3084 εὐλογημένος
696 2997 831 3084 νομίζειν
842 2999 899 3077 τάς
910 2997 1043 3085 ήμίρας,
1091 2997 1163 3062 haec
1177 2999 1282 3062 verba
1301 2999 1390 3066 fatus
1405 3005 1465 3081 est,
1489 3007 1606 3084 utpote
1620 3004 1677 3068 cui
1699 3003 1749 3070 ias
1765 3011 1841 3070 erat

300 3103 335 3170 έν
348 3104 399 3180 αίς
412 3101 567 3187 ἐτύγχανε
580 3099 705 3166 πάντων
719 3111 782 3167 τῦν
804 3104 890 3168 κατά
903 3106 956 3170 τόν
971 3103 1046 3171 κόσ-
1091 3101 1206 3167 beatos
1219 3104 1296 3169 illos
1311 3121 1447 3170 censere
1463 3105 1534 3170 dies
1550 3107 1586 3170 in
1602 3109 1726 3188 quibus
1748 3109 1839 3174 irue-

301 3226 361 3294 μον
373 3213 494 3288 τοῦτον,
509 3204 691 3288 καταράτοις
706 3203 742 3268 δέ
757 3205 854 3290 μόνας
867 3203 992 3290 θέσθαι,
1009 3208 1044 3274 ἐν
1090 3206 1192 3272 batur
1205 3209 1363 3274 omnibus
1374 3209 1477 3290 brp'us
1488 3212 1608 3276 muudi
1623 3212 1754 3294 opibus,
1770 3231 1841 3277 nra·

301 3311 351 3388 αίς
365 3310 406 3375 τά
419 3305 547 3374 έναντία
559 3309 710 3394 ἔπασχεν,
725 3306 811 3373 άλλά
824 3309 887 3395 γάρ
902 3309 939 3375 οὐ
950 3320 1043 3377 τοῦτο
1091 3309 1231 3376 ledictos
1254 3329 1333 3377 vero
1356 3312 1534 3378 dumtaxat
1556 3315 1632 3380 illos
1655 3317 1690 3380 in
1714 3317 1840 3400 quibus

300 3411 419 3480 παθόν.
430 3403 594 3498 Ὦςγόιρ7)
606 3409 624 3475 ό
636 3419 775 3490 τοιοῦτος
786 3410 928 3500 ἀθλητὴς
942 3414 1046 3480 έπιλο-
1091 3417 1260 3480 contraria
1278 3433 1398 3499 passus
1413 3421 1474 3498 est,
1489 3419 1574 3500 quin
1592 3423 1705 3484 tamen
1728 3421 1840 3487 simile
1927 3423 1934 3436 '

300 3517 468 3604 γισόιμενος
477 3517 532 3581 καί
542 3513 584 3592 ὣς
595 3514 675 3600 ὁμοῦ
686 3523 786 3580 πᾶσαι
797 3516 830 3581 αἱ
839 3516 958 3603 ἡμέραι
965 3521 1003 3585 αί
1010 3541 1045 3586 τι
1091 3519 1174 3600 quid
1190 3523 1351 3602 expertus
1366 3521 1422 3584 sit.
1438 3521 1484 3584 Ut
1493 3523 1586 3586 enim
1601 3525 1716 3588 tantus
1731 3524 1840 3590 athle-

299 3629 354 3687 νῦν
364 3622 402 3686 αί
411 3641 447 3686 τε
458 3618 801 3706 πρότερον,αῦτῷήσαν
810 3619 927 3707 ἡμέραι
940 3621 1046 3688 κακόν·
1090 3625 1127 3685 ta
1148 3638 1264 3687 secum
1285 3622 1501 3688 considerans
1524 3627 1670 3707 qualiter
1687 3627 1753 3708 ipsi
1769 3629 1840 3692 sint

300 3746 379 3803 σειος
389 3719 429 3811 ⁸),
440 3723 579 3792 ἀνελθὼν
593 3721 646 3789 ἔπ’
656 3724 756 3810 αὐτήν
766 3727 826 3811 τήν
837 3725 951 3813 ἀρχὴν,
967 3726 1045 3792 ἐπα·
1090 3741 1206 3792 omnes
1220 3727 1323 3792 simul
1338 3727 1419 3809 dies,
1438 3732 1476 3793 et
1487 3735 1679 3812 presentes,
1695 3735 1730 3795 et
1750 3750 1834 3815 prae-

300 3838 394 3916 ρῦταιΙ
407 3838 446 3914 τῇ
460 3827 569 3914 πρώτη
584 3825 690 3914 ήμέρᾳ
710 3831 766 3894 καί
784 3831 881 3912 νυκτί,
896 3831 930 3896 ἐν
945 3830 1044 3916 ritri-
1090 3832 1193 3913 teriti,
1209 3836 1243 3896 ct
1256 3833 1328 3897 dies
1351 3832 1539 3916 infortunii,
1563 3837 1612 3900 sic
1627 3842 1716 3901 retro
1738 3855 1775 3903 se
1790 3839 1836 3904 fe-

299 3933 374 4022 χθη.
397 3932 463 3998 Καί
486 3936 529 4019 μή
553 3931 647 4015 ἔλθοι,
671 3934 776 4019 φησίν,
800 3933 843 4011 εἰς
869 3931 993 4021 ἡμέραν
1014 3935 1045 4002 ἐ·
1089 3953 1167 4000 rens
1178 3935 1222 4000 ad
1232 3937 1380 4018 initium,
1395 3937 1573 4004 matedixit
1582 3941 1731 4023 primum
1745 3941 1834 4008 diem

299 4045 441 4121 νιαυτῦν,
464 4037 545 4123 μηδέ
566 4036 760 4124 άρυθμηθείη
777 4039 820 4117 είς
842 4039 963 4126 ἡμέρας
984 4063 1044 4128 μη-
1089 4041 1125 4103 et
1151 4043 1284 4104 noctem
1306 4041 1461 4122 primam,
1486 4042 1523 4107 in
1553 4059 1623 4125 qua
1649 4049 1744 4111 ortus
1772 4053 1833 4113 est.

299 4150 360 4208 νῦν
369 4135 409 4226 ⁰),
428 4142 581 4209 τοιοῦτον
594 4138 721 4226 ήμερῦν
731 4144 787 4207 καί
797 4142 945 4211 ἐνιαυτῶν
956 4143 1043 4210 όπσί-
1090 4163 1109 4202 ιι
1121 4143 1189 4207 Neo
1209 4144 1334 4224 veniat,
1350 4145 1472 4226 inquit,
1491 4145 1528 4210 in
1542 4146 1632 4212 diem
1653 4167 1834 4233 annorum,

299 4242 1043 4333 ιονςκαίέτεραπερινοεῖ·διελογησάμην,λὲγῦν,
1088 4263 1199 4329 neque
1224 4252 1438 4330 computetur
1464 4251 1500 4314 in
1523 4250 1594 4317 dies
1620 4257 1800 4338 mensium,
1815 4277 1834 4316 κ

297 4347 418 4435 ἡμέρας
434 4346 570 4434 ἀρχαίας
586 4349 641 4412 καί
663 4348 720 4432 ἐτη
737 4347 848 4414 αἰώνια
857 4343 910 4435 ¹⁰),
926 4349 999 4415 ἀλλ’
1006 4353 1044 4416 οῦ
1088 4349 1283 4431 hujusmodi
1290 4351 1422 4415 dierum
1434 4357 1469 4418 et
1480 4370 1656 4436 annorum,
1664 4358 1835 4438 qualium?

296 4461 341 4540 τῷ
355 4450 546 4538 διαστήματι
567 4449 668 4536 τούτῳ
690 4459 735 4538 τῷ
755 4461 893 4540 χρονικῷ
916 4473 1044 4542 μετρου-
1088 4455 1201 4521 Etiam
1217 4455 1287 4520 alia
1300 4459 1470 4538 cognovit.
1496 4461 1692 4544 «oog1tavi,
1707 4463 1830 4546 inquit,

333 4743 361 4817 1)
372 4743 476 4818 Ephes.
489 4759 518 4816 ν,
530 4744 574 4800 16.
1088 4754 1180 4808 ctnrae
1192 4748 1291 4806 obstat
1302 4747 1562 4822 pauloinfreodti.

333 4833 363 4902 2)
375 4830 473 4887 Galat
484 4845 504 4900 1,
515 4845 557 4890 ιν.
1123 4833 1234 4906 Ὁῦοιλ
1245 4839 1304 4900 πῶς
1314 4836 1376 4904 γάρ.

329 4919 359 4991 θ)
372 4933 403 4974 11.
415 4917 480 4974 Gor.
493 4918 561 4988 v,4.
1122 4921 1235 4993 ouon
1246 4938 1378 4977 κακοσαι.

330 5007 361 5076 4)
372 5005 419 5061 Pe.
433 5017 515 5074 crux,
526 5003 552 5059 θ.
1121 5009 1151 5078 9)
1162 5006 1230 5066 Jcb.
1248 5021 1291 5078 m,
1308 5007 1335 5063 6.
1352 5005 1461 5083 Incipit
1477 5009 1623 5085 respicere
1638 5020 1832 5090 paccatumo.

331 5095 360 5164 b)
372 5093 393 5150 J
394 5109 480 5150 erem·
493 5105 545 5163 xx,
557 5091 600 5148 15.
1087 5095 1200 5169 riginis.

330 5181 360 5250 6)
371 5177 485 5238 (todoat
500 5181 561 5251 γάρ.
573 5177 749 5254 Suspicabar
760 5182 792 5238 οῦ
809 5197 870 5254 ηερ,
881 5181 933 5242 aad
945 5183 1041 5256 conje-
1123 5182 1169 5252 10)
1182 5181 1229 5236 Pa.
1241 5192 1345 5250 tum,
1357 5181 1382 5237 6.
