4044 6104
309 456 373 520 4⁰8
965 467 1174 533 OBIGENES
1267 505 1270 510 ·

305 595 487 680 γράφωνται
509 595 605 676 θεοὺς
626 608 670 686 τῷ
692 599 787 688 λόγῳ,
809 601 871 668 κᾶν
893 602 984 670 αὐτοὶ
1005 605 1046 669 εί·
1090 609 1149 672 nia
1163 613 1196 671 et
1211 608 1354 672 nefanda
1375 627 1412 672 se
1438 613 1528 691 ipsos
1554 615 1833 695 contaminarent,

305 698 392 764 δέναι
412 702 468 765 καί
490 701 655 788 ὁμολογεῖν
675 707 730 770 τὸν
749 705 800 770 ἐπί
821 705 945 771 πάντων
966 707 1048 774 θεὸν
1090 713 1206 795 sicque
1218 711 1577 797 fiereutabominandi;
1590 717 1755 797 quomodo
1766 735 1835 782 uon

302 813 368 881 τοῖς
378 802 497 889 χείλεσι
508 805 669 892 φάσκοιεν,
678 807 750 872 ἀλλ’
757 809 792 873 ἐν
804 808 966 896 τήκαρδίφ
977 810 1048 876 tao
1090 815 1307 881 manifestum
1323 823 1420 898 esset,
1436 820 1583 883 etiamsi
1599 820 1713 884 decem
1729 824 1839 886 millia

303 918 374 991 τών,
389 907 546 996 τουτέστιν
561 913 595 974 ἒν
609 920 648 995 τῇ
665 911 786 999 διανοίᾳ
802 912 931 999 οὐδεμία
953 936 998 993 τις
1013 915 1049 980 ἀ·
1092 919 1230 982 deorum
1242 925 1463 1002 recenserent,
1475 922 1587 987 verbis
1598 926 1732 989 etiamsi
1740 927 1840 991 labiis

304 1011 407 1096 ληθῶς
425 1014 496 1096 περὶ
511 1013 593 1081 Θεοῦ
610 1015 752 1100 ὑπῆρχεν
770 1017 884 1083 ἔννοια.
901 1017 1049 1098 Τοιοῦτος
1092 1023 1260 1088 blaterant
1272 1025 1359 1088 scire
1377 1043 1413 1088 se
1429 1030 1463 1089 et
1481 1026 1633 1090 confiteri
1656 1028 1761 1092 Deum
1778 1032 1837 1111 qui

305 1116 362 1200 μὲν
377 1117 432 1182 οὖν
453 1118 625 1204 ἐτύγχανεν
644 1129 706 1197 πᾶς
729 1120 746 1185 δ
768 1123 828 1206 πρὸ
843 1131 899 1208 της
922 1134 977 1189 τοῦ
991 1145 1051 1188 co·
1094 1128 1208 1190 omnia
1233 1129 1435 1209 moderatur,
1456 1131 1558 1193 immo
1580 1148 1659 1194 vero
1681 1133 1717 1194 in
1739 1134 1839 1196 corde

304 1227 399 1304 τῆμος
423 1220 513 1306 ἡμῶν
534 1223 707 1306 παρουσίας
723 1223 806 1310 βίος·
829 1227 936 1310 ώφριυν
959 1227 994 1292 δὲ
1015 1227 1051 1292 ἀ·
1095 1247 1222 1312 eorum,
1239 1233 1400 1294 nimirum
1417 1234 1451 1296 iu
1474 1234 1659 1314 intellectu,
1675 1253 1717 1298 nc
1741 1237 1841 1301 mini-

303 1322 484 1408 ληθίστατα
508 1329 564 1391 καί
592 1327 794 1412 φυσικώτατα
820 1331 838 1396 ὁ
869 1329 1053 1415 ἀρνησίθεος
1097 1351 1190 1398 mum
1203 1334 1339 1416 quidem
1352 1337 1495 1413 existere
1507 1338 1548 1401 de
1560 1340 1628 1401 Deo
1639 1341 1839 1418 cogitatum.

305 1429 499 1516 ὠνόμασται.
537 1430 576 1496 Εἰ
605 1433 667 1517 γὰρ
695 1431 808 1517 σοφίας
838 1433 923 1520 ἀρχὴ
951 1434 1047 1519 φίθος
1096 1439 1280 1517 Talisergo
1295 1441 1403 1503 evasit
1418 1458 1639 1522 quaecumque
1661 1442 1840 1508 hominum

305 1532 399 1617 Θεοῦ,
423 1533 540 1618 epacta
560 1537 615 1599 καί
636 1535 782 1621 ἀτίθγσις
809 1539 991 1605 τούναντίον
1012 1541 1051 1606 ἂν
1095 1543 1176 1622 vita,
1209 1547 1287 1606 ante
1310 1545 1493 1608 salvatoris
1515 1547 1622 1609 nostri
1644 1547 1839 1612 adventum.

303 1637 424 1723 γένοιτο
438 1647 496 1722 τῆς
511 1639 631 1724 σοφίας.
1093 1647 1259 1728 Inopiam
1281 1653 1394 1711 autem
1406 1650 1582 1712 verissime
1599 1653 1634 1712 et
1645 1655 1789 1729 urgente
1804 1653 1841 1714 vi

837 1740 842 1751 '
1091 1751 1239 1812 maxima
1253 1754 1383 1814 naturae
1394 1755 1534 1815 vocatur
1554 1751 1684 1816 atheus.
1702 1753 1737 1816 Si
1748 1754 1841 1816 enim

1094 1855 1270 1934 sapientiae
1287 1855 1426 1918 initium
1442 1861 1493 1918 est
1515 1857 1616 1919 timor
1631 1856 1702 1936 Dei,
1731 1857 1840 1921 Deum

1094 1975 1163 2021 nou
1178 1960 1297 2022 timere
1313 1964 1347 2022 et
1361 1958 1531 2040 despicere
1554 1977 1572 2023 e
1587 1959 1751 2024 diametro
1776 1961 1843 2024 erit

1093 2062 1277 2143 sapientie.

784 2405 787 2410 Ι
914 2291 1083 2369 Psolmus
1107 2288 1221 2368 XIV.

345 2537 376 2581 ν.
392 2519 423 2582 5.
435 2515 474 2582 Ὁ
488 2525 584 2582 ποιών
599 2526 698 2582 ταῦτα
709 2518 746 2582 οὐ
758 2515 991 2602 σαλευθήσεται
1002 2519 1045 2596 εἰς
1134 2538 1167 2584 ν.
1182 2521 1213 2584 5.
1250 2520 1412 2603 Qctisact't
1432 2520 1505 2602 ίκοο,
1530 2523 1843 2590 roncum-moremur

300 2623 354 2687 τὸν
368 2622 475 2688 αἰῶνα.
499 2625 596 2690 Vara.
614 2625 687 2706 630,
707 2626 734 2688 l.
1087 2626 1124 2690 itt
1138 2629 1298 2690 αίοννιαπι.

343 2720 385 2789 '0
400 2747 437 2811 γε
452 2727 514 2812 μὴν
529 2729 608 2813 δμοῦ
622 2727 727 2792 πάντα
744 2725 1042 2812 προκατμριθμημέ-
1129 2733 1216 2794 Sane
1242 2730 1301 2810 qui
1318 2733 1411 2793 recte
1438 2731 1545 2793 simul
1569 2731 1682 2793 omnia
1705 2731 1841 2811 peregit

299 2849 340 2895 να
364 2829 577 2914 κατορθώσας,
600 2830 757 2916 παντελὴς
786 2829 953 2918 γενόμενος
985 2832 1040 2896 καί
1086 2850 1160 2914 qua
1186 2839 1429 2896 connumerata
1454 2836 1545 2913 suut,
1572 2833 1739 2914 perfectus
1762 2851 1838 2897 eva·

299 2941 362 2997 πᾶν
375 2936 412 2998 τὸ
427 2942 517 3019 σώμα
531 2943 588 3018 τῆς
603 2937 687 3000 κατὰ
703 2933 784 3001 Θεὸν
799 2932 956 3012 πολιτείας
971 2933 1040 2999 δλό-
1084 2937 1176 3016 dens,
1190 2942 1223 3000 et
1235 2937 1334 3018 juxta
1345 2941 1454 3000 totum
1470 2941 1618 3019 systema
1629 2939 1707 3002 vitae
1719 2940 1754 3002 in
1766 2956 1835 3002 om-

298 3035 427 3122 ιιληρον,
442 3039 546 3124 ώσιτερ
561 3041 617 3104 καί
631 3040 715 3126 ὑγιὲς
730 3040 784 3103 καί
799 3047 893 3104 πᾶσιν
910 3037 1039 3125 ἀγαθοῖς
1084 3042 1183 3106 nibus
1194 3042 1378 3105 secundum
1391 3042 1498 3104 Deum
1511 3047 1648 3122 exactae,
1659 3043 1766 3107 veluti
1779 3061 1833 3106 sa-

298 3140 399 3226 λόγιυν
413 3163 448 3207 τε
463 3145 518 3208 καὶ
532 3145 631 3228 ἔργον
646 3141 876 3228 ἀπηρτισμένον
891 3142 1039 3229 διατηρή-
1082 3167 1165 3211 num
1190 3164 1310 3228 corpus
1333 3147 1490 3210 omnibus
1506 3149 1578 3210 aive
1593 3148 1772 3210 verborum
1785 3149 1831 3212 si-

298 3265 367 3328 σας,
382 3244 662 3331 οώσαλευθήσεται
684 3247 727 3324 εἰς
741 3251 794 3312 τὸν
817 3247 925 3312 αἰῶνα.
943 3283 983 3295 -
1000 3246 1037 3313 Ὁ
1081 3269 1122 3315 ve
1134 3269 1272 3333 operum
1287 3251 1384 3313 bonis
1396 3250 1615 3330 instructum,
1628 3251 1831 3330 custodiens,

298 3351 333 3415 δὲ
348 3360 486 3428 τοιοῦτος
508 3350 545 3415 οὐ
561 3350 653 3437 μόνον
675 3351 805 3436 ἄψογος,
821 3352 876 3414 καί
900 3350 1038 3436 καθαρδς
1081 3353 1144 3420 non
1165 3352 1406 3421 commonebitur
1423 3354 1460 3418 τ’νι
1485 3359 1646 3418 cimam.
1676 3390 1714 3400 -
1740 3355 1831 3418 Talis

297 3454 415 3539 ὀφείλει
429 3456 516 3537 είναι,
540 3455 624 3521 ἀλλὰ
638 3457 692 3520 καὶ
713 3457 772 3542 τὴν
787 3455 889 3540 ἄλλην
911 3457 1039 3522 ἅπασαν
1082 3463 1196 3522 autem
1211 3457 1263 3521 vir
1279 3475 1346 3521 non
1360 3459 1470 3522 solum
1486 3459 1558 3522 sine
1571 3459 1829 3539 reprehensione

297 3557 497 3644 δικαιοσύνην
518 3558 755 3645 κατεργάζεται.
775 3557 980 3623 -Διδάσκει
1001 3558 1040 3624 δι’
1084 3568 1119 3626 et
1148 3565 1221 3628 sine
1251 3563 1385 3625 macula
1416 3581 1487 3626 esse
1514 3563 1623 3641 debet,
1650 3563 1831 3627 sedetiam

296 3663 339 3729 ών
360 3662 565 3749 ἐντευξόμεθα
586 3673 642 3728 τοῦ
661 3661 817 3749 μακαρίου
839 3660 961 3728 ἐκείνου
987 3664 1041 3730 πέ-
1085 3667 1287 3747 purissimus
1310 3667 1355 3730 sit
1378 3671 1507 3746 oportet
1529 3671 1563 3730 et
1588 3673 1742 3730 caeteram
1765 3685 1834 3731 om-

297 3787 400 3851 ρατος.
424 3767 489 3833 Καὶ
509 3777 632 3853 πρώτον
654 3769 720 3853 μὲν,
741 3768 768 3832 εί
783 3771 841 3854 τὴν
856 3769 985 3854 ἄμωμον
1001 3769 1039 3831 ria
1084 3786 1161 3831 uem
1187 3768 1356 3848 justitiam
1387 3769 1548 3850 perficiat.
1584 3771 1687 3833 Docet
1722 3771 1831 3849 igitur

296 3871 455 3957 δεώσυμεν
470 3871 551 3954 ὁδὸν,
567 3872 635 3956 ἥτις
650 3872 733 3937 ἐστὶν
748 3872 765 3937 δ
780 3870 933 3955 Χριστός·
957 3873 1038 3936 ἔπει·
1083 3889 1150 3952 qua
1162 3873 1290 3934 ratione
1302 3871 1455 3952 adepturi
1467 3873 1573 3936 rimus
1585 3873 1677 3937 hunc
1687 3875 1826 3938 beatum

296 3996 346 4056 τα,
362 3977 389 4040 εἰ
411 3974 628 4062 εἰργασώμεθα
642 3975 860 4060 δικαιοσύνην·
882 3975 995 4061 τρίτον,
1011 3978 1039 4042 εἰ
1083 3974 1280 4038 terminum:
1304 3992 1343 4037 ac
1370 3977 1489 4055 primo,
1519 3976 1548 4038 si
1581 3977 1833 4042 immaculatam

295 4076 445 4162 ἀληθείας
459 4079 545 4144 οἰκον
559 4081 617 4166 τήν
632 4079 764 4163 καρδίαν
775 4078 973 4165 ποιήσωμεν·
988 4078 1038 4146 τὲ·
1082 4078 1172 4140 viam
1195 4077 1456 4158 ambulavimus,
1482 4094 1557 4158 quae
1580 4079 1738 4146 Christus
1765 4086 1832 4162 est3

294 4202 417 4266 ταρτον,
433 4183 460 4246 εί
474 4180 582 4248 δολίαν
603 4182 750 4268 γλῶσσαν
766 4185 809 4268 μὴ
830 4182 1038 4269 κτησώμεθα·
1081 4180 1238 4260 secundo,
1254 4181 1283 4244 si
1294 4180 1466 4260 justitiam
1478 4184 1606 4264 operati
1619 4203 1754 4267 sumus,
1767 4189 1836 4250 ter-

295 4290 445 4372 πεμπτδν,
467 4289 503 4352 cd
527 4290 570 4374 μὴ
594 4290 694 4351 κακὸν
716 4297 760 4373 τῷ
786 4286 919 4371 πλησίον
947 4287 1038 4373 ἔργα·
1082 4285 1140 4364 tic,
1155 4285 1184 4348 si
1200 4285 1358 4349 veritatis
1374 4285 1512 4351 domum
1527 4287 1670 4352 fecimus
1690 4307 1762 4354 esse
1777 4309 1835 4355 cor

295 4390 422 4469 ζεσθαι·
437 4393 539 4473 ἕκτον,
559 4393 595 4455 τὸ
611 4394 654 4477 μὴ
671 4390 818 4457 ὀνειδίσαι
833 4393 887 4457 τὸν
901 4389 1038 4474 πλησίον
1082 4393 1252 4468 nostrum3
1279 4394 1411 4471 quarto,
1443 4392 1472 4454 si
1500 4392 1657 4470 linguam
1684 4393 1833 4460 dolosam

294 4493 622 4580 ὐπερηφανευώμενον;
645 4493 787 4579 ἓώδομον,
820 4497 862 4581 μὴ
888 4494 1041 4580 πρόσωπα
1083 4509 1150 4556 non
1169 4494 1427 4574 acquisivimus;
1457 4496 1590 4576 quinto,
1608 4513 1676 4560 non
1703 4501 1832 4564 malum

293 4599 479 4686 θαυμάζειν,
503 4599 586 4664 ἀλλὰ
600 4601 660 4667 κᾶν
681 4599 828 4678 πλούσιος
849 4600 1038 4685 ῆπονηρδς,
1084 4597 1235 4679 proximo
1251 4597 1374 4678 tacere3
1397 4605 1502 4679 sexto,
1526 4615 1594 4663 non
1616 4618 1749 4666 sumere
1775 4620 1834 4686 op-

293 4703 474 4788 ἐξουθεντῖν,
489 4705 550 4770 κᾶν
564 4703 661 4791 πένης
676 4703 794 4791 ἀγαθὸς
812 4702 970 4784 δοξάζειν·
985 4703 1037 4789 tp-
1083 4699 1256 4781 probrium
1283 4702 1318 4765 in
1345 4704 1536 4787 proximum
1559 4721 1627 4784 prae
1656 4707 1831 4788 superbia3

328 4923 378 4980 Pa.
400 4941 464 4996 xrv,
485 4942 513 4983 v.
535 4925 562 4981 ὅ.
583 4924 629 4981 Ob
649 4923 754 4982 lolium
773 4924 907 4982 avulsum
923 4923 1040 4980 initium
1081 4926 1152 4990 κίας.
1163 4923 1297 4979 Intactas
1309 4927 1490 4979 remanserat
1502 4922 1625 4980 ultimus
1642 4923 1750 4996 psalmi
1766 4941 1831 4983 rer·

295 5011 401 5083 psalmi
413 5013 445 5068 in
456 5012 551 5069 Vatis.
565 5011 798 5068 reconderetur.
811 5011 886 5069 Pars
898 5013 1043 5085 posterior
1086 5009 1202 5080 siculus,
1215 5027 1301 5083 qnam
1312 5009 1433 5083 exponit
1451 5009 1546 5067 Vatia
1562 5011 1605 5066 16.
1617 5013 1833 5080 ’dampnieta-

295 5099 430 5161 αώτολιξσῑ
441 5098 473 5153 in
484 5097 586 5155 eodem
597 5097 714 5170 legitur,
732 5097 841 5154 additia
862 5097 894 5153 in
904 5097 962 5155 fine
970 5115 1042 5170 pan·
1086 5113 1132 5167 σις,
1144 5113 1182 5152 ax
1194 5097 1295 5153 ordine
1307 5096 1399 5153 totius
1416 5096 1529 5170 psalmi,
1543 5097 1701 5155 solemnem
1713 5105 1833 5157 revocat

295 5180 351 5238 cia:
364 5188 410 5243 καί
421 5187 534 5254 μάλιστα
544 5188 673 5256 προσήκοι
684 5185 914 5252 φυλαττοσθαιτδις
927 5187 1041 5254 mpero-
1086 5182 1222 5256 ougenis
1234 5182 1412 5255 methodum,
1425 5200 1512 5257 quam
1533 5183 1643 5258 pluries
1656 5185 1832 5248 notavimus·
