4006 6090
295 458 360 522 346
964 461 1175 528 carolinus

294 608 450 684 νοοῦντες,
467 597 509 678 ὡς
521 599 694 686 βοθλονται,
706 603 761 667 καί
773 601 876 688 μάτην
887 601 1045 679 οἰκοῦντες
1091 605 1187 667 nobis
1208 601 1383 668 effundens
1407 607 1560 670 veritatis
1583 606 1703 670 radios.
1721 611 1789 672 Has
1812 611 1838 671 i·

297 704 405 786 αὐτὸς,
430 705 528 790 μηδὲν
551 705 772 791 ὠφελούμενοι.
790 745 831 756 -
855 705 897 773 nt
919 705 1044 792 λογικαί
1091 708 1187 785 gitur
1201 708 1356 770 civitates
1373 711 1408 772 in
1421 711 1569 773 vanitate
1580 717 1760 774 assumunt
1771 712 1837 774 hae-

295 809 398 892 ψυχαί
413 808 518 886 πόλεις
541 809 600 875 εἰσί
624 820 678 874 τοῦ
694 809 787 894 Θεοῦ,
804 820 972 897 πεφυκυῖαι
996 810 1044 875 δέ·
1091 811 1198 890 retici,
1219 813 1408 889 cogitantes
1432 815 1483 876 uti
1499 815 1628 894 volunt,
1653 821 1688 878 et
1709 815 1836 880 frustra

298 912 411 996 χεσθαι
425 913 520 997 λὸγον
535 913 628 996 Θεοῦ,
644 917 700 979 καί
722 917 816 980 αὺτὸν
831 917 884 980 τὸν
900 915 991 998 Θεὸν,
1007 917 1045 993 άς
1092 915 1275 979 incolentes
1304 933 1370 995 eos,
1398 917 1483 980 nihil
1511 918 1588 981 inde
1611 919 1837 1001 proficientes

295 1035 381 1092 τινας
396 1015 606 1101 λαμθάνουσιν
617 1018 646 1083 οἱ
666 1020 772 1106 ἐχθροί
782 1021 859 1103 πρὸς
877 1019 1046 1106 ματκιὸιη-
1094 1051 1132 1064 -
1149 1020 1309 1084 Civitates
1323 1021 1384 1084 Dei
1400 1011 1482 1084 sunt
1494 1024 1688 1102 spirituales
1703 1025 1836 1104 animm,

297 1139 339 1182 τα
354 1121 408 1183 καί
424 1121 573 1204 ἐργασίαν
586 1117 713 1201 κακίας.
1091 1140 1167 1203 ηοω
1181 1125 1292 1186 solent
1307 1125 1460 1205 excipere
1477 1127 1589 1203 legem
1602 1129 1663 1191 Dei
1676 1132 1710 1190 et
1725 1129 1837 1208 ipsum

1091 1228 1210 1306 Deum,
1225 1245 1369 1308 quarum
1387 1231 1568 1294 nonnullos
1584 1231 1714 1294 inimici
1731 1232 1765 1293 in
1781 1249 1840 1292 va-

1090 1335 1233 1397 nitatem
1255 1340 1435 1398 assumunt
1457 1339 1491 1399 et
1512 1336 1549 1398 in
1571 1352 1656 1418 opus
1678 1336 1840 1417 iniquita-

1093 1440 1148 1502 tis.

342 1557 374 1601 v.
391 1539 443 1602 21.
460 1535 542 1624 Οὐχί
556 1539 629 1618 τοὺς
646 1539 811 1626 μισοῦντάς
830 1562 876 1622 σε,
892 1539 1000 1626 Κύριε,
1016 1539 1046 1606 ἐ-
1134 1559 1165 1604 v.
1182 1543 1235 1606 21.
1256 1539 1369 1607 Nonne
1389 1544 1449 1625 qni
1469 1543 1604 1608 oderunt
1624 1549 1664 1622 te,
1690 1543 1836 1620 omnim,

299 1637 429 1726 μίσησα,
444 1645 500 1707 καί
514 1644 566 1709 ἐπί
587 1648 660 1722 τοὺς
675 1645 807 1732 ἐχθρούς
826 1667 883 1712 σου
898 1646 1044 1731 ἐξετηκό-
1090 1643 1238 1708 oderam:
1261 1651 1294 1710 ct
1320 1663 1417 1726 τειραν
1438 1646 1589 1712 inimicos
1610 1652 1683 1712 tuos
1705 1647 1837 1711 tabesce-

298 1767 379 1830 μην;
1089 1747 1183 1813 bam?

341 1848 413 1918 Ὅτι
428 1855 500 1930 τοὺς
517 1854 572 1940 μέν
588 1856 661 1931 σοὺς
676 1853 810 1939 ἠγάπων
821 1855 876 1919 καί
891 1853 1044 1940 ἀπεδεχά·
1135 1853 1300 1926 Quoniam
1316 1858 1392 1916 tuos
1408 1853 1594 1932 diligebam
1610 1859 1644 1917 et
1663 1855 1788 1917 amicos
1804 1872 1836 1917 e-

297 1975 361 2040 μην
383 1954 502 2040 φίλους,
525 1959 598 2034 τοὺς
620 1958 655 2022 δὲ
681 1957 812 2043 ἐχθρούς
839 1980 896 2024 σου
918 1958 1045 2036 τελείως
1090 1955 1290 2036 ncipiebam
1300 1957 1411 2020 hostes
1425 1975 1504 2020 vero
1517 1958 1752 2040 tuos-perfecte
1767 1960 1836 2024 odi-

298 2059 444 2146 ἐμίσησα.
461 2060 589 2146 Ἐχθροί
604 2062 639 2128 δέ
653 2071 709 2126 τοῦ
724 2061 818 2144 Θεοῦ,
835 2061 965 2147 πρώτως
988 2065 1045 2149 μέν
1090 2058 1134 2122 vi.
1159 2061 1292 2124 Inimici
1308 2065 1422 2124 autem
1439 2063 1500 2124 Dei
1524 2063 1695 2144 inprimis
1719 2069 1752 2128 et
1767 2066 1838 2129 sin·

297 2166 352 2230 καί
367 2163 480 2249 κυρίως
492 2164 522 2229 ol
537 2165 711 2251 ἀκάθαρτοι
724 2165 869 2252 δαίμονες
882 2188 890 2205 ·
906 2167 1046 2252 δεύτεροι
1090 2164 1257 2242 gulariter
1271 2171 1353 2229 sunt
1368 2167 1495 2247 impuri
1510 2166 1695 2248 daemones;
1714 2185 1834 2232 seeun-

294 2272 332 2336 δέ
355 2270 424 2356 μετ’
438 2265 608 2351 Ἐκείνοος,
632 2271 696 2335 οἵτε
711 2272 769 2357 τὴν
785 2271 1046 2354 είδωλολατρείαν
1090 2267 1124 2329 di
1140 2273 1214 2348 post
1229 2269 1316 2348 illos,
1334 2271 1393 2350 qni
1416 2270 1515 2334 idolis
1538 2273 1669 2335 cultum
1685 2273 1837 2353 praebent

297 2373 532 2460 πρεσὸεάοντες,
547 2376 603 2440 καί
613 2374 642 2438 οἱ
656 2384 718 2440 τῦν
729 2373 878 2459 αἱρέσεων
895 2376 1043 2464 ἀρχηγοί.
1090 2377 1124 2434 et
1138 2371 1379 2437 haeresiarchae.
1399 2409 1437 2420 -
1455 2376 1620 2456 Equidem
1636 2377 1698 2440 Dei
1711 2378 1837 2440 amicos

298 2515 339 2525 -
355 2475 421 2541 Καί
435 2479 471 2541 τὸ
492 2479 565 2555 τοὺς
588 2475 696 2562 φίλους
719 2487 812 2565 τιμᾶν
827 2477 913 2546 Θεοῦ
928 2482 983 2545 καί
1005 2483 1043 2547 τῦ
1089 2478 1199 2540 colere
1211 2477 1300 2541 idern
1316 2483 1368 2542 est
1381 2498 1420 2544 ao
1433 2480 1542 2545 odisse
1558 2482 1713 2545 inimicos
1729 2488 1763 2545 et
1775 2483 1835 2544 inr-

251 2638 252 2641 ,
298 2589 397 2665 μισεῖν
412 2583 485 2657 τοὺς
500 2580 631 2669 ἐχθρούς
642 2602 678 2646 τε
689 2583 743 2647 καί
755 2580 878 2660 ἀσεὸεῖς
891 2605 899 2620 ·
912 2593 969 2648 τοῦ
980 2586 1042 2671 γάρ
1089 2581 1176 2662 pios3
1186 2599 1292 2664 quum
1303 2584 1395 2647 enim
1407 2586 1498 2649 Deus
1509 2588 1587 2649 vult
1600 2603 1716 2650 omnes
1728 2587 1834 2650 homi·

295 2684 379 2752 Θεοῦ
401 2685 521 2764 πάντας
542 2685 695 2765 θέλοντος
717 2687 866 2774 σωθηναι,
882 2697 943 2766 πᾶς
966 2691 983 2754 ὸ
1003 2691 1046 2755 δι’
1090 2702 1150 2750 nes
1167 2689 1278 2752 salvos
1298 2687 1383 2770 fieri,
1400 2688 1505 2753 hostis
1521 2694 1573 2753 est
1594 2689 1667 2771 ejus
1684 2691 1836 2772 quicum-

295 2790 422 2874 ἀπάτης
443 2789 637 2876 διαστρέφων
659 2791 780 2878 ἐχθρὸς,
803 2793 846 2879 μὴ
870 2804 1042 2881 συγχωρῶν
1090 2807 1155 2872 que
1167 2809 1227 2872 per
1238 2795 1485 2857 erroremavie
1496 2799 1662 2874 avertens,
1676 2812 1743 2858 non
1759 2813 1834 2876 per-

296 2897 340 2973 εἰς
356 2895 522 2982 ἐπίγνωσιν
537 2895 688 2981 ἀληθείας
704 2896 814 2963 ἐλθεῖν.
1091 2897 1197 2959 mittit
1213 2897 1262 2958 ire
1280 2898 1322 2960 ad
1337 2898 1514 2960 scientiam
1530 2898 1694 2961 veritatis.
1762 2931 1766 2938 ·

342 3019 372 3064 v.
390 3003 442 3065 22.
459 3000 588 3066 Τέλειον
605 3011 693 3087 μῖσος
709 3000 835 3088 ἐμίσουν
850 3003 973 3081 αὐτούς.
1133 3021 1165 3064 v.
1180 3003 1234 3064 22.
1250 3000 1398 3082 Perfecto
1412 3001 1482 3065 odio
1496 3000 1624 3064 οιίιταιιι
1638 3002 1725 3066 illos.

340 3102 469 3169 Τέλειον
491 3105 525 3169 δέ
549 3115 648 3190 μῖσος,
671 3109 708 3172 τὸ
732 3109 774 3192 μὴ
802 3106 895 3193 χάριν
922 3107 1041 3193 ἐτέρου,
1133 3105 1322 3169 Perfectum
1340 3105 1455 3168 odium
1478 3106 1639 3184 illudent,
1655 3105 1745 3185 quod
1768 3123 1837 3169 non

295 3207 349 3272 ὸιίι
363 3229 398 3272 τε
414 3211 449 3272 τὸ
473 3208 566 3294 μόνον
582 3212 660 3275 εἶναι
674 3209 808 3298 ἐχθροὺς
821 3210 907 3280 Θεοῦ
923 3213 1044 3300 γινὸμε·
1088 3213 1225 3291 propter
1241 3211 1343 3273 aliam
1360 3226 1508 3288 oausam,
1524 3208 1585 3272 sed
1599 3209 1778 3272 dumtaxat
1799 3227 1839 3272 00

294 3328 359 3396 νυν,
372 3312 414 3390 ὡς
424 3317 479 3380 καί
491 3313 597 3379 τελεία
613 3318 690 3399 πρὸς
701 3320 738 3383 τὸ
753 3316 872 3402 άγαθὸν
888 3315 1042 3403 ἀγάπηή
1089 3313 1179 3394 quod
1201 3319 1282 3378 sunt
1303 3314 1434 3378 inimici
1457 3315 1529 3394 Dei,
1551 3315 1758 3395 concipitur;
1782 3333 1838 3396 pe·

293 3415 379 3502 μὸνιμ
393 3427 438 3503 τῷ
453 3418 539 3503 πὸθιμ
553 3430 597 3506 τῷ
612 3421 688 3505 πρὸς
703 3423 781 3487 αὐτὸ
800 3419 967 3507 γινομένη·
991 3425 1041 3506 οῦ
1089 3418 1185 3482 riude
1201 3437 1240 3482 ao
1260 3419 1407 3500 perfecta
1430 3435 1514 3497 erga
1528 3419 1656 3482 bonum
1678 3420 1837 3498 charitas,

292 3541 355 3599 τως
371 3523 425 3586 οὖν
441 3522 458 3587 ὸ
474 3525 546 3601 τοὺς
562 3523 694 3610 ἐχθροὺς
709 3524 792 3591 Θεοῦ
809 3523 911 3610 μόνον,
926 3525 997 3591 ἀλλ’
1006 3527 1042 3591 οὔ
1091 3542 1131 3586 ea
1143 3529 1194 3588 est
1206 3543 1281 3605 quae
1292 3526 1363 3588 solo
1376 3526 1436 3588 Dei
1451 3541 1564 3587 amore
1576 3523 1618 3587 ad
1630 3525 1722 3587 huno
1734 3524 1837 3587 finem

290 3625 345 3691 ὸιὸι
360 3626 459 3705 πάθος
472 3637 578 3713 μισῦν,
590 3629 803 3714 ἐκτηκόμενος
814 3629 862 3696 ἐπ’
869 3630 975 3706 αὐτοῖς
986 3650 1044 3694 κα·
1089 3627 1262 3706 dirigitur.
1279 3630 1442 3692 Similiter
1458 3629 1517 3709 qui
1541 3629 1750 3692 solummodo
1775 3631 1835 3692 Dei

290 3732 333 3794 τὰ
347 3732 401 3796 τὸν
416 3731 566 3816 εἰρηκότα
580 3731 764 3817 προφήτην·
780 3733 879 3818 ζηλον
890 3732 1042 3819 ἐζήλωκα
1089 3732 1254 3810 inimicus,
1273 3733 1413 3795 minime
1428 3751 1470 3796 ex
1487 3733 1537 3796 ira
1551 3732 1632 3812 odit,
1656 3733 1832 3796 tabescens

290 3842 336 3919 τῷ
365 3833 472 3920 Κυρίῳ
502 3836 747 3921 παντοκράτορι,
771 3836 838 3902 ἀνθ’
855 3840 897 3902 ὢν
919 3837 1044 3902 κατέλι-
1089 3853 1191 3916 super
1206 3855 1271 3916 eos,
1287 3839 1474 3900 secundum
1494 3837 1691 3917 prophetam
1707 3838 1765 3917 qui
1783 3836 1831 3900 di-

294 3937 353 4003 πὸν
373 3960 410 4003 σε
432 3938 461 4004 οἱ
483 3939 542 4004 υἱοὶ
565 3938 708 4024 Ἱερουσα
729 3939 785 4026 ήμ.
802 3977 843 3988 -
860 3939 925 4006 Καὶ
939 3943 1001 4025 γὸιρ
1025 3941 1042 4006 ὸ
1089 3939 1157 4003 xit:
1187 3944 1294 4004 «Zelo
1323 3944 1451 4006 zelatus
1474 3959 1549 4006 snm
1573 3941 1608 4004 in
1634 3943 1778 4005 Domino
1801 3959 1835 4003 o

291 4041 373 4120 Θεὸς
396 4043 609 4128 ἐπηγγείλατο
632 4048 676 4130 μὴ
700 4043 873 4130 ἐχθραίνειν
899 4054 964 4123 τοῖς
986 4046 1041 4130 ἐχ·
1089 4045 1302 4125 mnipotenti,
1319 4046 1394 4108 ideo
1410 4045 1500 4126 qnod
1523 4045 1779 4126 dereliquerunt
1801 4051 1835 4108 te

292 4145 387 4230 θροῖς,
404 4149 458 4212 καί
474 4150 517 4235 μὴ
535 4149 726 4216 ἀντικεῖσθαι
741 4159 806 4228 τοῖς
822 4149 1043 4235 ἀντικειμένοις
1089 4147 1152 4211 filii
1176 4150 1319 4212 lsrael.»
1340 4185 1378 4194 -
1402 4152 1537 4214 Etenim
1560 4153 1650 4214 Deus
1673 4152 1834 4232 praecepit

294 4253 527 4330 αὐτοῖς·ταῦτα
538 4249 600 4338 γὸιρ
613 4253 750 4340 μάλιστα
759 4251 864 4339 φιλίας
876 4253 1040 4339 τεκμήρια.
1089 4270 1156 4315 non
1179 4253 1254 4316 odio
1277 4253 1470 4316 habendum
1494 4272 1566 4317 esse
1589 4255 1755 4333 inimicos,
1779 4271 1837 4318 ne-

293 4355 459 4441 Ἀνωτέρω
476 4358 533 4442 μέν
547 4360 609 4443 γὸιρ
625 4360 698 4443 ἐρη·
708 4357 794 4424 ίΔίαν
809 4356 1003 4443 ἐτιμήθησαν
1015 4357 1044 4422 οἱ
1089 4373 1155 4438 que
1184 4357 1340 4420 resistere
1367 4357 1569 4422 adversariis
1594 4360 1736 4422 nostris:
1761 4375 1837 4439 quae

293 4459 377 4545 φίλοι
393 4481 460 4542 σου,
476 4462 494 4527 ὸ
509 4461 598 4540 Θεὸς.
614 4461 771 4528 Ἐνταῦθα
782 4462 817 4526 δέ
831 4465 904 4539 τοὺς
921 4471 1043 4546 μισοῦν·
1089 4459 1225 4539 quidem
1249 4465 1329 4524 sunt
1350 4461 1526 4525 charitatis
1552 4463 1706 4543 pignora.
1735 4465 1839 4545 Supe-

292 4566 351 4644 τάς
366 4587 402 4630 σε
424 4566 571 4652 ἐμίσησα,
594 4568 690 4634 κάκεῖ
703 4567 771 4654 μεθ’
782 4565 974 4655 ὑπερθολης·
997 4564 1044 4632 Οὐ
1087 4565 1160 4629 rius
1176 4566 1313 4648 quidem
1329 4567 1393 4630 ait:
1416 4566 1528 4631 Nimis
1541 4567 1691 4632 lorwrau
1711 4570 1790 4632 sunt
1801 4583 1836 4630 u·

197 4829 203 4844 '
326 4852 354 4891 ν.
367 4835 410 4893 21.
423 4834 491 4891 Vnt.
503 4835 529 4905 2,
548 4835 573 4890 5.
586 4835 717 4908 Uterque
729 4835 822 4892 codex
840 4834 923 4891 addit
941 4835 972 4890 in
984 4834 1043 4890 fine
1125 4847 1152 4886 v.
1164 4831 1208 4886 22.
1222 4829 1277 4887 Iid.
1290 4829 1358 4887 Vnt.
1369 4863 1402 4872 —
1416 4847 1453 4890 111
1465 4831 1539 4903 Reg.
1553 4847 1617 4902 xlx,
1630 4832 1674 4887 1o.
1689 4863 1722 4872 -
1734 4831 1768 4886 In
1779 4833 1838 4888 flua

291 4922 434 4980 nonnulla
446 4939 512 4995 ηοω
523 4940 582 4980 non
595 4924 720 4980 extrico:
739 4927 770 4980 01
787 4929 922 4993 μισοῦντες
932 4926 979 4978 τὸν
989 4925 1043 4993 ’Ῑη-
1087 4921 1157 4990 post
1172 4919 1310 4986 τεκμήρια,
1328 4915 1435 4972 iterum
1453 4917 1577 4972 obscura
1594 4933 1641 4972 me
1659 4915 1786 4988 fugiunt,
1805 4935 1842 4974 aa

292 5013 363 5076 σοῦν,
375 5014 410 5064 τὰ
422 5013 451 5064 dt
465 5009 515 5082 (al.
527 5013 559 5065 τὸ
573 5011 613 5083 dd)
629 5015 667 5077 είς
678 5014 724 5066 τὸν
735 5014 867 5080 γινόμενα,
880 5015 917 5076 εῑς
928 5013 975 5064 τὸν
987 5013 1043 5065 lle-
1089 5001 1215 5058 scilicet:
1228 5007 1275 5058 καί
1292 5005 1371 5069 αὐτὸς
1388 5007 1473 5058 τοίνυν
1486 5004 1622 5072 ἀμείὸεται
1633 5006 1680 5058 τὸν
1692 5006 1760 5060 Θεὸν
1776 5007 1839 5060 tta·
