4008 6094
830 397 872 462 IN
896 397 1080 462 PSALMOS
1677 401 1716 464 21

184 550 246 610 νος.
262 531 361 600 Τοῶτο
384 530 419 596 δὲ
441 531 483 609 ῶς
502 533 609 617 ἄφρων
624 532 710 596 είπεν
732 533 926 619 ὑπομεμενη-
974 538 1082 600 vitam
1109 541 1261 601 αιντυίιιε
1282 538 1355 616 τίνι,
1382 543 1515 604 terrena
1529 542 1672 622 sapiens,
1687 547 1721 605 et

183 635 291 702 κέναι·
307 635 484 720 ἀφροσύνης
499 639 560 722 γὰρ
575 636 597 722 ἡ
612 637 721 720 κακία,
736 636 841 715 καθὼς
852 659 926 723 ρρο-
974 642 1009 704 in
1033 645 1159 704 terram
1183 642 1330 721 intuens,
1352 660 1392 706 ac
1419 649 1595 726 propterea
1620 646 1720 710 miser

182 739 304 824 νήσευς
318 739 340 825 ἡ
354 738 462 825 ἀρετή.
476 737 578 825 Ὅλην
589 743 647 826 τὴν
657 739 779 827 ἡμέραν
791 741 927 826 σκυθρω·
961 743 1083 826 suctos
1104 761 1187 824 som,
1209 743 1281 825 jam
1304 745 1413 810 factus
1436 747 1559 828 pietate
1582 747 1718 826 dignus.

184 844 294 923 πὰζιυν
318 844 529 932 ἐπορευόμην·
552 845 585 924 ἐξ
607 848 643 909 οὗ
666 847 816 932 ῆμαρτον,
840 848 926 931 φησι,
971 849 1041 910 Hoc
1069 865 1148 910 vero
1170 851 1208 912 ot
1229 847 1397 929 impietas,
1424 850 1512 913 dixit
1525 868 1560 913 se
1583 869 1719 932 passum

184 948 365 1032 σκυθρωπός
380 948 429 1014 ἀεὶ
443 951 540 1035 ήμην.
564 948 711 1014 Τοιοῦτόν
733 949 799 1014 ἐστι
819 951 874 1014 καί
890 951 926 1013 τὸ
971 965 1054 1012 esse.
1084 952 1290 1033 insipientia
1306 953 1396 1016 enim
1412 954 1542 1016 malitia
1556 957 1617 1033 est,
1631 955 1721 1019 sicut

181 1053 215 1116 ἐν
237 1061 281 1138 τῷ
304 1051 502 1138 Εόαγγελίιρ·
525 1051 682 1138 Μακάριοι
704 1053 733 1118 οί
754 1052 925 1131 κλαίοντες.
971 1051 1161 1132 prudentie
1180 1059 1232 1117 est
1246 1056 1364 1120 virtus.
1384 1091 1422 1100 -
1442 1058 1521 1121 notu
1534 1055 1587 1120 die
1604 1058 1721 1122 cmm-

181 1155 221 1222 Εί
245 1155 397 1241 νενόηκας
423 1159 476 1221 τὸν
498 1156 548 1222 ἐπί
573 1167 640 1236 ταῐς
667 1157 830 1244 ἁμαρτίαις
853 1178 924 1222 πεν-
970 1159 1080 1221 sutus
1102 1157 1323 1239 inpediatur:
1347 1177 1389 1222 ex
1411 1176 1478 1240 quo
1501 1162 1647 1240 peccavi,
1671 1161 1720 1224 in·

179 1260 302 1326 όοῶντα
322 1263 377 1325 καί
398 1259 558 1342 κλαίοντα,
586 1262 664 1338 είδες
686 1270 796 1326 τοῦτον
824 1282 925 1348 μακα-
971 1262 1056 1342 quit,
1079 1278 1211 1342 semper
1233 1280 1324 1326 eram
1348 1265 1447 1326 vultu
1469 1264 1619 1328 tetricus.
1640 1265 1719 1328 Tale

182 1363 353 1449 praetulit
374 1364 409 1428 δέ
431 1363 606 1430 τούναντίον
628 1364 726 1450 θεὰση
747 1375 857 1430 τοῦτον
874 1385 926 1450 γε·
971 1368 1023 1426 est
1044 1363 1130 1428 illud
1153 1366 1409 1443 evangelicum:
1436 1368 1560 1430 «Beati
1583 1367 1642 1448 qui
1670 1368 1720 1430 lu·

182 1466 287 1533 λῶντα
301 1469 356 1533 καί
378 1466 605 1554 ἱλαρευόμενον,
628 1471 683 1534 καί
706 1471 749 1556 μὴ
772 1489 926 1534 κατανυσ-
971 1472 1095 1544 gent.»
1127 1467 1161 1532 Si
1191 1468 1392 1532 intellexisti
1422 1487 1500 1533 eum
1531 1471 1590 1550 qui
1619 1486 1721 1551 super

182 1571 313 1658 οόμενον
329 1571 379 1636 ἐπί
393 1581 457 1649 τοῖς
480 1571 565 1649 ἰδίοις
584 1571 814 1659 ἁμαρτήμασιν,
830 1573 878 1638 ίδε
900 1573 927 1638 εί
971 1572 1116 1651 peccatis
1144 1573 1253 1649 gemit
1284 1575 1318 1636 et
1349 1575 1566 1656 lacrymatur,
1595 1573 1721 1638 novisti

184 1678 227 1761 μη
243 1675 342 1759 τούτῳ
365 1675 511 1762 ἁρμόζει·
534 1675 623 1760 Οὐαί,
640 1676 670 1742 οἱ
691 1676 843 1761 γελῶντες
863 1685 926 1740 νῶν.
971 1674 1059 1738 hanc
1082 1675 1342 1740 beatitudinem.
1366 1679 1425 1741 Sin
1448 1695 1466 1741 e
1488 1681 1656 1743 contrario
1674 1681 1721 1742 vi·

183 1817 224 1828 —
235 1779 397 1846 Ἐντεῦθεν
410 1782 469 1865 την
481 1779 571 1864 φύσιν
582 1788 639 1864 τῆς
650 1779 803 1867 ἁμαρτίας
814 1777 924 1865 γινώσ-
971 1780 1051 1844 disti
1070 1779 1230 1844 eumdem
1245 1780 1410 1845 ridentem
1427 1785 1461 1844 et
1475 1781 1645 1845 hilaritate
1660 1781 1721 1846 dif-

180 1903 289 1968 κομεν,
305 1883 397 1947 όποία
411 1881 456 1961 τίς
470 1883 569 1948 ἐστιν·
584 1883 668 1969 πλὴν
683 1885 730 1948 ότι
746 1883 808 1948 ἀπὸ
830 1883 926 1968 ἀρρο-
971 1884 1097 1964 fusum,
1111 1901 1175 1946 neo
1187 1901 1324 1965 prorsus
1340 1891 1579 1967 compunctum
1596 1886 1636 1949 de
1647 1903 1721 1967 pro-

180 1985 279 2070 σὺνης
292 1985 367 2072 ἡμῖν
381 1985 647 2073 ἐπισυμόαίνσυσιν
663 1987 696 2051 αί
711 1986 869 2073 ἁμαρτίαι.
972 1989 1055 2070 priis
1073 1990 1229 2069 peccatis,
1252 1988 1329 2052 vide
1345 2006 1388 2051 an
1405 2005 1472 2051 non
1489 1990 1540 2052 illi
1555 1989 1721 2053 cohaereat

973 2091 1052 2155 hoc:
1079 2095 1175 2171 «Voe,
1191 2093 1250 2173 qui
1273 2092 1390 2157 ridetis
1406 2111 1537 2157 nunc.»
1563 2094 1644 2158 Inde
1660 2113 1719 2157 au-

972 2201 1040 2260 tem
1064 2197 1222 2261 novimus
1247 2198 1379 2278 peccati
1402 2197 1591 2276 ingenium,
1621 2197 1721 2278 quale

973 2302 1033 2381 υἱός
1050 2301 1134 2382 quin
1157 2301 1276 2379 immo,
1294 2299 1384 2380 quod
1399 2317 1440 2362 ex
1455 2300 1650 2381 insipientia
1665 2318 1721 2364 no-

972 2404 1025 2468 bis
1048 2405 1251 2483 ingerantur
1273 2407 1419 2484 peccata.

227 2527 258 2572 ν.
275 2509 304 2572 8.
320 2503 392 2573 Ὀτι
409 2505 431 2592 ἡ
448 2505 535 2592 ψυχή
549 2527 607 2594 μου
630 2505 773 2593 ἐπλήσθη
797 2508 927 2594 ἐμπαιγ-
1016 2527 1048 2572 ν.
1072 2509 1102 2572 8.
1131 2508 1285 2584 sumum
1307 2507 1418 2572 animo
1440 2523 1510 2572 mc
1524 2506 1657 2589 impleto
1674 2513 1723 2576 est

183 2617 259 2694 μῶν,
282 2611 337 2675 καί
354 2612 412 2676 οὐκ
430 2611 513 2676 ἐστιν
534 2611 616 2689 ίασις
638 2612 672 2677 ἐν
687 2622 725 2699 τῇ
749 2611 843 2697 σαρκί
857 2635 926 2699 μου.
971 2611 1196 2692 illusionibus,
1239 2615 1271 2676 et
1301 2627 1364 2676 non
1392 2615 1441 2676 est
1466 2612 1504 2676 ίπ
1531 2629 1626 2679 ταινία
1652 2631 1723 2680 ntea

185 2739 186 2744 ¹
970 2717 1107 2782 εακίὰιι.

226 2816 471 2904 Ἐμπαιζόντῶν,
486 2821 558 2906 ἦτοι
571 2828 633 2884 τῶν
647 2819 813 2906 λογισμῶν,
829 2823 851 2908 ἢ
866 2829 927 2888 τῶν
1016 2821 1247 2900 illusionibus,
1270 2819 1368 2884 idest
1381 2820 1634 2900 tentationibus,
1651 2824 1724 2887 sive

178 2931 323 3006 πονηρῶν
354 2923 559 3008 πνευμάτων·
581 2924 628 2988 διὸ
650 2926 705 2988 καί
726 2925 926 3010 ἐσκυθρῶπα-
970 2927 1084 3007 pravis
1107 2924 1300 3006 spiritibus.
1325 2923 1403 2988 Ideo
1431 2929 1465 2988 et
1490 2925 1722 3007 contristabar,
1822 2961 1825 2972 ·

178 3026 250 3110 ζον,
274 3026 380 3111 πόσης
407 3026 528 3111 ίλαρίας
560 3025 771 3115 ἀρηρημίνος.
794 3029 925 3117 Ἐπειδὴ
971 3032 1062 3094 omni
1096 3030 1215 3093 laetitia
1253 3028 1402 3093 orbatus.
1437 3030 1575 3105 Quando
1608 3035 1722 3095 autem

178 3130 214 3194 δέ
237 3128 383 3215 φέρονται
404 3131 438 3195 αἱ
460 3111 517 3218 μὲν
539 3132 685 3217 γραφαί·
708 3133 741 3198 αἱ
763 3133 839 3218 ψόαι
855 3157 923 3222 μου,
970 3135 1096 3200 habent
1117 3135 1193 3197 aliae
1220 3133 1419 3215 Scripturas:
1446 3137 1589 3198 «Renes
1612 3135 1719 3214 mei,s

181 3233 215 3298 αί
238 3234 295 3300 δέ·
324 3234 456 3320 λαγόνες
482 3257 542 3323 μου
564 3237 768 3323 ἐπλήσθησαν
796 3238 926 3326 ἐμπαιγ-
970 3241 1061 3321 aliae3
1088 3236 1248 3302 «Lumbi
1270 3238 1337 3300 mei
1354 3237 1485 3318 impleti
1499 3241 1580 3302 sunt
1594 3239 1721 3302 illusio·

180 3338 302 3424 μὰτυν,
328 3338 439 3424 όητέον
461 3339 503 3418 ῶς
526 3341 652 3427 ἐπείπερ
674 3345 745 3428 περὶ
767 3345 823 3422 τας
845 3344 926 3429 ψόας
969 3344 1112 3422 nibus»
1141 3340 1320 3406 dicendum
1338 3341 1427 3422 quod
1447 3359 1553 3422 quum
1570 3359 1666 3406 renes
1688 3347 1722 3406 et

180 3445 307 3521 καὶτὰς
328 3443 465 3529 λαγόνας
487 3444 666 3510 συνίσταται
687 3447 728 3512 τὰ
750 3445 924 3533 σπέρματα,
969 3446 1076 3511 lumbi
1119 3445 1296 3508 continent
1330 3446 1468 3524 semina,
1505 3445 1754 3534 illusionibus⁸

178 3549 234 3612 καί
256 3547 442 3634 ἐμπαιγμῶν
465 3548 678 3634 ἐμπίμπλαται
699 3561 808 3635 ταῦτα,
830 3551 926 3638 ἡνίκα
970 3554 1073 3616 etism
1098 3551 1298 3631 implentur,
1322 3548 1456 3629 quando
1471 3566 1538 3612 non
1554 3550 1657 3631 prolis
1672 3549 1721 3612 in-

177 3661 340 3736 πορνικῶς,
356 3651 426 3717 ἀλλ’
438 3654 496 3718 οὐκ
508 3653 559 3717 ἐπὶ
570 3654 766 3733 παιδοποιίας
780 3665 921 3721 κινεῖται·
969 3657 1071 3734 tuitu,
1086 3652 1145 3716 sed
1156 3650 1298 3715 libidine
1312 3652 1461 3732 cientur,
1475 3658 1649 3735 propterea
1660 3654 1721 3718 ite·

177 3757 229 3820 διὰ
243 3765 334 3821 τοῦτο
355 3755 417 3843 γὰρ
433 3777 518 3842 φησι,
543 3757 623 3844 μηδὲ
642 3757 725 3824 ίασιν
743 3759 821 3824 είναι
836 3759 870 3824 ἐν
884 3769 924 3846 τῇ
969 3777 1045 3822 rum
1075 3756 1174 3820 dicit:
1190 3756 1264 3820 Non
1278 3758 1327 3819 est
1339 3755 1466 3820 sanitas
1479 3758 1516 3822 τίι
1529 3774 1624 3822 com
1636 3773 1716 3837 αισα,

179 3859 272 3944 σαρκί
287 3881 355 3946 μου,
382 3859 434 3924 διὰ
455 3863 490 3925 τὸ
509 3860 663 3946 ἡττᾶσθαι
677 3863 765 3946 παρὰ
787 3871 848 3928 τῶν
871 3864 924 3950 ἐμ-
971 3863 1053 3927 ideo
1064 3859 1364 3942 quoddomuerunt
1375 3859 1523 3922 animam
1535 3861 1720 3940 illusiones,

177 3964 362 4051 παιγμὰτοιν
383 3967 442 4050 την
464 3963 593 4052 ψυχήν·
615 3965 696 4030 πάνυ
718 3968 780 4050 γαρ
801 3965 824 4051 η
845 3966 923 4051 σὰρξ
974 3967 1124 4032 multum
1147 3963 1238 4026 enim
1261 3977 1339 4026 caro
1366 3961 1459 4026 fluxa
1488 3968 1548 4043 est,
1575 3963 1720 4044 infirma,

177 4067 304 4136 ἀσθενεῖ
314 4067 438 4153 ῥέουσα,
454 4071 508 4134 καὶ
520 4071 563 4156 μὴ
576 4079 745 4154 φρονοῦσα.
757 4063 852 4136 Ὅθεν
868 4073 924 4136 καί
972 4075 1007 4134 et
1032 4067 1206 4149 insipiens.
1231 4065 1326 4130 Unde
1349 4068 1450 4130 etiam
1477 4067 1659 4131 fornicator
1684 4069 1719 4134 in

223 4281 371 4342 Rurruus
382 4277 419 4340 ia
432 4295 461 4340 σ.
475 4278 505 4340 8.
519 4278 673 4354 ίλιιουίσνι
683 4295 775 4342 renes
789 4281 853 4342 mci
867 4283 923 4344 etc.
968 4273 1090 4344 'Virtus
1111 4293 1184 4358 σνρο
1200 4279 1265 4338 etc.
1282 4275 1414 4339 Diaboli
1429 4277 1538 4338 virtus
1552 4276 1720 4356 precipue

180 4369 218 4430 In
241 4367 379 4430 renibus
401 4367 454 4428 vel
482 4367 517 4428 in
545 4367 669 4431 lumbis
696 4366 922 4430 humanorum
970 4367 1059 4430 eirca
1082 4365 1214 4428 lumbos
1229 4363 1379 4427 hominis
1395 4368 1456 4444 est,
1473 4363 1562 4427 unde
1578 4363 1720 4426 fornica-

176 4455 347 4538 ‚seminnm
371 4455 620 4535 receptaculum
644 4473 715 4519 esse
731 4455 865 4536 dicitur,
882 4473 923 4520 ex
968 4457 1016 4518 tio
1039 4454 1273 4533 adulteriaque
1298 4452 1516 4534 procedunt...
1531 4454 1577 4516 ut
1592 4469 1656 4515 ιιυτι
1671 4456 1720 4516 est

180 4560 248 4623 quo
270 4541 356 4606 illud
379 4559 489 4620 genus
508 4541 677 4607 indicatur
691 4545 819 4624 peccati
835 4545 925 4626 quod
969 4549 1030 4606 ete.
1056 4545 1093 4606 in
1112 4541 1176 4604 hoc
1190 4540 1376 4623 profectum
1392 4559 1493 4605 suum
1510 4541 1667 4619 ostendit,
1685 4545 1720 4603 et

177 4649 238 4712 per
252 4631 427 4700 libidinem
440 4631 603 4709 geritur...
615 4634 689 4694 Non
701 4649 783 4710 ergo
798 4635 923 4696 mirum
968 4633 1159 4714 proximum
1184 4646 1255 4692 esse
1271 4629 1313 4692 ad
1328 4627 1621 4692 mortificationem
1645 4646 1716 4691 car-

180 4723 231 4782 est
252 4721 282 4782 si
304 4723 517 4801 peccatorum
541 4720 717 4784 hominum
736 4738 832 4784 renes
848 4721 924 4784 illu·
968 4722 1022 4784 nis
1045 4719 1172 4782 indicat
1193 4722 1294 4799 atque
1317 4719 1493 4780 interitum
1517 4717 1600 4796 eius.
1630 4719 1713 4780 Nam

178 4808 331 4872 sionibus
343 4807 461 4888 repleti
477 4812 567 4888 sunt,
583 4827 660 4872 eum
674 4813 707 4872 et
718 4810 783 4872 Job
794 4809 835 4873 de
851 4811 924 4874 dra·
969 4809 1043 4872 ideo
1060 4809 1123 4871 hoo
1142 4813 1175 4870 et
1192 4807 1247 4870 hic
1265 4805 1412 4870 secundo
1430 4808 1551 4888 repetit
1574 4809 1635 4870 etc.
1652 4807 1713 4868 BB.

180 4914 274 4976 cone,
286 4898 346 4977 qui
358 4897 519 4961 Diabolus
531 4898 748 4978 intelligitur,
761 4899 809 4962 ita
821 4898 922 4962 dicat:
970 4899 1043 4961 685.

212 5122 240 5164 v.
253 5106 279 5162 8.
292 5105 359 5162 vat.
374 5107 415 5176 10,
429 5108 470 5178 11,
484 5105 526 5177 13,
540 5107 581 5163 14.
592 5105 636 5164 Of.
650 5105 716 5165 Job.
731 5123 773 5179 xl,
788 5107 828 5164 tl.
843 5105 925 5163 codd.
939 5107 1174 5176 ἐμπλησθήσονται.
1209 5135 1214 5146 ·
