4044 6104
231 473 238 484 ·
296 453 359 516 aso
926 454 928 457 ’
975 455 1185 542 onlonans

296 593 400 678 θηκεν
415 603 458 678 τῷ
469 591 554 678 λόγῳ
567 592 689 679 τρήσας·
706 593 769 658 Καὶ
782 591 968 678 άρχέτωσαν
983 603 1045 659 τῶν
1099 615 1186 676 nem,
1204 621 1220 656 ν
1241 599 1369 662 addidit
1385 601 1455 664 hmo
1471 605 1635 666 sermoni:
1662 610 1725 666 «et
1741 605 1846 668 domi-

297 697 412 784 ίχθὺων
438 705 496 782 τῇς
522 696 701 782 θαλάσσης,
730 701 784 762 καί
810 707 871 763 τῶν
898 707 1047 763 πετεινῶν
1097 705 1222 763 nentur
1234 703 1386 782 piscibus
1402 707 1505 768 maris
1517 710 1551 768 et
1561 707 1758 771 volatilibus
1769 707 1846 771 eoeli

296 813 353 868 τοὺ
372 801 516 888 οὑρανοὺ,
544 805 599 868 καί
621 813 683 869 τῶν
706 811 839 886 κτηνῶν,
862 804 918 867 καί
939 801 1046 886 πάσης
1100 813 1134 868 et
1145 805 1311 885 iumentis
1327 813 1362 870 et
1377 810 1545 872 universa
1556 814 1655 874 terrm
1671 819 1705 873 et
1720 812 1848 892 reptili-

297 915 355 991 τῆς
370 915 440 992 γῇς,
464 909 519 972 καί
534 907 660 973 πάντων
683 916 744 972 τῶν
768 906 905 992 ἑρπετῶν
921 915 982 971 τῶν
997 905 1046 990 έρ
1101 908 1165 972 bus
1180 926 1256 990 quae
1272 914 1395 990 repunt
1409 929 1511 993 super
1526 917 1692 976 terram.»
1710 916 1754 977 Et
1767 915 1846 978 sub·
1877 887 1888 906 ⁹

297 1009 419 1077 πόντων
430 1012 481 1077 aa
497 1021 554 1099 τῇς
577 1020 646 1096 γῇς.
662 1008 821 1094 Ἐπιλέγει
837 1030 871 1074 τε
886 1009 907 1094 ἡ
925 1006 1045 1095 γραφή·
1092 1011 1213 1092 jungit
1236 1016 1424 1095 Scriptura:
1451 1017 1638 1096 «Crescite,
1652 1022 1687 1080 et
1709 1019 1847 1100 implete

295 1115 475 1195 Αθξόινεσθε
490 1119 544 1181 καί
559 1114 750 1199 πληρώσατε
765 1115 973 1199 τήνγῇν,καῑ
988 1134 1046 1177 κα·
1091 1123 1226 1195 terram,
1244 1121 1278 1180 et
1297 1117 1520 1181 dominamini
1535 1119 1595 1182 illi.
1610 1141 1626 1178 ν
1643 1123 1739 1185 —Et
1773 1133 1847 1184 rur·

296 1220 522 1304 τακυριεὺσατε
538 1221 645 1303 αότῇς.
666 1219 730 1284 Καί
747 1220 832 1282 κατὰ
848 1228 941 1282 τοῦτο
956 1217 983 1281 δ’
991 1217 1046 1280 οὖν
1096 1237 1165 1297 sus,
1181 1219 1244 1282 hoo
1268 1220 1468 1300 respiciens:
1499 1243 1515 1280 «
1537 1222 1650 1288 Gloria
1679 1228 1711 1288 at
1732 1225 1849 1289 honora

296 1325 389 1390 πάλιν
412 1323 486 1407 δόξη
510 1325 564 1388 καί
586 1333 661 1409 τιμῇ
684 1322 906 1406 ἐστεφάνωσας
930 1322 1045 1402 αὑτὸν,
1088 1323 1248 1386 coronasti
1273 1339 1378 1385 ονιικν
1401 1325 1593 1405 impartitus
1619 1327 1671 1389 ilii
1696 1329 1843 1390 rationa-

296 1428 508 1514 χαρισάμενος
523 1429 608 1513 αὑτῷ
623 1428 756 1512 λογικὴν
771 1426 901 1511 δύναμιν
917 1427 972 1489 καί
989 1424 1046 1509 do·
1089 1426 1156 1488 lem
1168 1424 1364 1488 facultatem
1381 1431 1415 1487 et
1425 1427 1798 1510 animamspiritualem
1810 1439 1846 1494 et

297 1535 361 1617 χήν
372 1534 484 1616 νοεράν
495 1535 550 1597 καί
562 1533 742 1618 ἀσώματον,
759 1530 797 1596 δι’
808 1530 848 1615 ήν
860 1530 932 1595 κατ’
939 1529 1046 1595 εἰκόνα
1089 1529 1332 1612 incorpoream,
1348 1537 1598 1626 propterquam
1617 1534 1662 1598 ad
1671 1536 1847 1618 ιἰκαρέιισοι

298 1635 381 1704 Θεοῦ
404 1636 541 1721 εἴρηται·
560 1636 737 1720 ταὺτργόιρ
753 1634 794 1712 ὑς
810 1635 850 1699 άν
864 1644 908 1720 τῷ
924 1633 996 1717 Θεῷ
1012 1633 1046 1697 ά
1090 1634 1153 1696 Dei
1164 1633 1292 1696 dictum
1309 1638 1369 1696 est.
1388 1635 1455 1714 Ipsi
1468 1637 1570 1714 enim,
1586 1639 1682 1716 quasi
1695 1639 1737 1702 ad
1752 1639 1845 1702 simi-

302 1738 509 1825 ρωμοιωμένη
525 1738 823 1826 manutenturos
846 1738 950 1823 ἀρχήν
973 1739 1047 1803 ἐδω-
1093 1737 1272 1800 litudinem
1290 1738 1350 1800 Dei
1371 1738 1523 1818 condita,
1544 1741 1725 1822 imperium
1741 1762 1844 1825 super

300 1841 431 1927 ρήσατο,
459 1846 513 1908 καί
535 1843 570 1909 έν
585 1843 685 1926 τούτῳ
708 1851 765 1926 τῇς
788 1841 902 1926 θείκῇς
926 1841 1046 1920 εἰκόνος
1090 1842 1204 1903 omnia
1220 1840 1360 1904 tradidit
1374 1842 1475 1920 Deus,
1489 1843 1570 1906 etin
1583 1845 1840 1910 hoedonodivi-

298 1949 356 2032 τήν
368 1946 498 2032 δύναμιν
509 1947 543 2012 έν
556 1947 636 2030 αὐτῇ
651 1944 910 2031 χαρακτηρίοας·
927 1945 968 2023 ὡς
983 1946 1046 2031 γὰρ
1090 1964 1143 2008 nae
1165 1947 1328 2026 imaginis
1340 1947 1505 2010 virtutem
1521 1949 1701 2031 impressit.
1725 1953 1845 2027 Quem-

296 2049 443 2138 βασιλεὺς
458 2049 583 2115 πάντων
605 2059 667 2114 τῶν
688 2049 768 2114 ὑλων
789 2051 937 2135 τυγχάνει
955 2049 1044 2130 Θεός,
1090 2048 1271 2112 admodum
1298 2051 1389 2114 enim
1415 2070 1474 2114 rex
1498 2054 1651 2115 omnium
1672 2071 1784 2118 rerum
1809 2073 1844 2118 e·

295 2156 381 2219 κατόι
403 2157 438 2218 τό
461 2154 568 2239 όμοιον
582 2157 637 2219 καί
659 2163 697 2238 τῇ
714 2155 747 2219 έν
762 2154 915 2239 ἀνθρώπῳ
931 2153 1044 2239 λογικῇ
1090 2154 1187 2216 xistit
1197 2154 1298 2234 Deus,
1310 2156 1360 2219 sio
1373 2157 1531 2219 rationali
1546 2157 1669 2220 anima
1683 2157 1842 2238 hominia,

296 2259 385 2344 ψυχῇ
408 2261 467 2344 τήν
493 2257 601 2324 εἰκόνα
622 2269 680 2343 τῇς
703 2259 799 2323 αὑτοῦ
827 2257 987 2346 βασιλείας
1011 2280 1045 2323 τε
1089 2256 1277 2321 seeundum
1300 2258 1564 2322 similitudinem
1588 2277 1696 2339 suam,
1721 2263 1844 2340 imagi-

295 2363 352 2426 καί
377 2361 480 2448 άρχής
508 2361 692 2446 δεδώρηται,
715 2359 922 2445 καταστήσας
945 2363 1045 2448 αὑτήν
1090 2379 1168 2424 nem
1181 2365 1286 2440 regina
1298 2381 1368 2427 suae
1379 2366 1555 2446 potestatis
1572 2367 1736 2446 erogavit,
1753 2384 1843 2430 eam-

297 2468 407 2552 άρχειν
429 2469 491 2532 τῶν
506 2467 557 2530 έπὶ
572 2475 633 2552 γῇς
647 2465 809 2531 άπάντων·
833 2464 948 2530 αὐτίκα
970 2477 1046 2551 γοῦν
1090 2465 1166 2528 dem
1174 2469 1384 2530 constituens
1398 2469 1554 2546 reginam
1563 2470 1716 2532 omnium
1730 2470 1765 2532 in
1778 2475 1843 2532 ter·

295 2568 462 2655 ὑποχείρια
477 2570 532 2633 καί
547 2568 646 2634 δοῦλα
659 2579 699 2654 τῇ
712 2569 746 2633 έν
762 2568 916 2654 ἀνθρώπῳ
932 2569 1045 2654 λογικῇ
1090 2585 1128 2630 ra
1142 2585 1266 2632 rernm.
1282 2572 1403 2633 Statim
1421 2570 1531 2649 igitur
1555 2572 1712 2634 rationali
1729 2573 1763 2636 in
1780 2573 1838 2636 ho·

295 2673 434 2760 δυνάμει,
451 2673 488 2738 οὐ
503 2675 543 2738 τά
566 2673 617 2737 έπί
639 2680 700 2758 γης
724 2670 804 2757 μόνα
818 2679 955 2757 χερσαῖα
978 2671 1046 2750 ζῶα
1089 2673 1182 2734 mine
1215 2676 1374 2755 potestati
1396 2692 1464 2738 non
1494 2677 1605 2740 solum
1627 2677 1780 2757 subjecta
1808 2688 1843 2741 et

294 2776 502 2862 καθέστηκεν,
528 2775 613 2841 ἀλλὰ
630 2777 685 2841 καί
700 2778 740 2841 τὰ
754 2776 787 2840 έν
804 2771 907 2860 βυθοῑς
923 2773 1046 2838 θαλάσ-
1090 2777 1283 2858 πεισοίμεθα
1296 2779 1475 2858 supposuit
1482 2779 1644 2842 animalia
1656 2784 1792 2844 terrena
1804 2783 1839 2844 in

295 2903 355 2966 σης
370 2884 424 2946 καί
435 2883 468 2948 έν
480 2890 524 2967 τῷ
539 2878 791 2966 ἀναπεπταμένῳ
808 2877 886 2963 ἀέρι,
903 2879 925 2943 ἃ
940 2878 979 2964 δή
992 2899 1046 2941 πε-
1090 2877 1212 2940 tellure
1231 2877 1403 2958 degentia,
1418 2880 1477 2943 sed
1494 2882 1596 2944 etiam
1614 2889 1785 2962 quaesunt
1806 2886 1841 2947 in

295 2989 382 3053 τεινόι
405 2988 539 3070 οὐρανοῦ
567 2984 739 3070 ὠνόμασεν.
761 2983 891 3069 Ἐπειδή
916 2983 951 3047 δὲ
975 2985 1046 3066 περὶ
1091 2980 1220 3062 abyssis
1236 2982 1340 3046 maris
1356 2987 1389 3044 at
1404 2999 1480 3062 qum
1497 2984 1532 3046 in
1548 3001 1625 3048 aare
1640 3003 1776 3050 sursum
1793 2985 1840 3050 fe·

295 3100 358 3156 τῶν
372 3093 512 3176 οὐρανῶν
523 3089 673 3155 λέλεκταί
684 3109 760 3153 που·
774 3087 838 3154 Καὶ
855 3090 892 3152 σὺ
908 3087 980 3152 κατ’
991 3088 1045 3173 ἀρ-
1091 3087 1224 3162 runtur,
1240 3085 1717 3164 quaevolueresaoelivooavit.
1727 3091 1840 3165 Quan-

297 3197 369 3280 χόις,
386 3195 493 3279 Κύριε,
510 3198 567 3281 τήν
583 3203 645 3279 γήν
660 3191 880 3278 ἐθεμελίωσας,
897 3195 951 3256 καὶ
966 3195 1046 3278 ἔργα
1090 3188 1132 3251 do
1149 3194 1264 3251 autem
1280 3189 1407 3253 alieubi
1422 3193 1586 3272 seriptum
1602 3192 1643 3255 de
1658 3195 1752 3258 ooelis
1768 3200 1836 3258 est:

267 3365 270 3373 ,
298 3307 360 3363 τῶν
375 3300 489 3384 χειρῶν
512 3298 569 3362 ond
584 3299 660 3362 εἰσιν
675 3297 705 3362 οἱ
720 3299 856 3381 οὐρανοί,
876 3296 1046 3382 ἐπίστησον
1093 3315 1110 3354 α
1124 3295 1167 3356 Et
1182 3298 1219 3357 tu
1233 3295 1275 3358 ab
1292 3295 1400 3374 initio,
1415 3296 1568 3375 Domine,
1580 3301 1705 3360 terram
1721 3297 1842 3363 funda-

298 3403 420 3491 μήποτε
437 3403 623 3489 ἀπορρήτοις
637 3405 696 3488 τήν
712 3402 890 3488 μέλλουσαν
906 3404 940 3467 έν
951 3405 1045 3488 οὐρα·
1091 3401 1145 3478 sti,
1158 3405 1192 3463 et
1204 3417 1305 3481 opera
1315 3418 1479 3465 manuum
1493 3406 1629 3465 tuarum
1639 3408 1720 3466 sunt
1730 3404 1839 3484 omlis

295 3517 358 3584 νοῖς
373 3506 534 3592 διατριὺήν
549 3515 611 3571 τῶν
627 3506 689 3570 άπδ
704 3517 764 3591 γῇς
779 3507 884 3571 ἐκεῖσε
901 3505 1044 3592 μεθιστα-
1092 3505 1146 3568 hic
1162 3507 1277 3584 cogita
1292 3524 1404 3570 annon
1426 3524 1552 3570 aroana
1574 3525 1728 3571 sermone
1751 3509 1842 3572 iutu-

297 3611 397 3698 μένων
413 3609 569 3697 σημαίνῃ·
585 3612 612 3676 εί
626 3612 689 3695 γὰρ
704 3613 783 3696 ἔργα
798 3621 854 3676 τοὺ
869 3611 953 3678 Θεοῦ
970 3613 1045 3677 εἰσιν
1091 3627 1168 3673 rum
1176 3611 1211 3673 in
1224 3613 1319 3675 ooelis
1331 3613 1517 3676 incolatum
1537 3618 1748 3676 terrenorum
1762 3615 1842 3676 inde

295 3717 324 3782 οἱ
339 3717 476 3802 οὐρανοί,
493 3714 628 3781 ἐνταῦθα
643 3715 678 3779 δὲ
692 3714 836 3800 λέγεται·
852 3714 917 3780 Καὶ
933 3714 1046 3780 κατέσ-
1091 3715 1316 3792 migrantium
1329 3715 1528 3793 signaverit.
1545 3717 1680 3778 Etenim
1692 3717 1721 3779 si
1738 3733 1840 3797 opera

294 3841 395 3906 τησας
418 3821 512 3886 αὑτόν
529 3820 581 3884 ἐπὶ
600 3820 641 3884 τά
662 3821 741 3904 ἔργα
763 3828 825 3884 τῶν
847 3829 961 3904 χειρῶν
978 3842 1044 3902 σου,
1091 3819 1152 3881 Dei
1164 3820 1242 3882 ooeli
1254 3824 1343 3899 sunt,
1353 3820 1408 3883 hio
1416 3837 1496 3883 vero
1508 3819 1651 3899 dieatur,
1661 3821 1762 3884 etiam
1772 3838 1843 3886 aaa

295 3927 403 4010 σαριῐις
418 3926 435 3990 ό
451 3924 545 4011 λόγος
565 3922 752 4008 παρίστησιν
769 3927 815 3988 ότι
830 3927 885 3988 καί
907 3926 958 3989 ἐπί
973 3927 1045 4003 τοὺς
1089 3923 1232 3988 stitaiati
1244 3941 1421 4006 eamsuper
1431 3942 1526 4005 opera
1536 3931 1840 4004 νκοοκιινιινακιακ,

294 4032 445 4115 οὐρανοὺς
471 4029 669 4114 κατέστησεν
695 4030 810 4110 αὑτόν,
838 4029 961 4114 δηλαδή
990 4032 1044 4095 τόν
1090 4030 1267 4109 perspicue
1285 4047 1395 4093 sermo
1412 4030 1574 4111 obtendit,
1599 4049 1677 4094 eum
1693 4047 1766 4094 essa
1788 4049 1845 4094 su·

295 4133 467 4220 ἄνθρωπον,
479 4134 497 4198 ὑ
508 4143 569 4198 τῶν
582 4132 663 4197 ὑλων
675 4131 764 4209 Θεός.
779 4132 851 4210 Πῶς
862 4134 897 4198 δὲ
906 4135 960 4197 καί
968 4133 1044 4198 πότε
1089 4149 1151 4212 pra
1162 4133 1264 4195 ooelos
1281 4134 1517 4212 constitutum,
1534 4133 1705 4197 hominem
1722 4151 1844 4214 nempe

294 4248 395 4303 ταῦτα
418 4239 524 4322 έστσι;
548 4239 663 4322 ήόταν
687 4235 786 4322 μέλλη
811 4235 971 4322 βασιλείαν
994 4239 1045 4302 οὑ-
1090 4238 1195 4301 aDeo
1210 4238 1448 4301 universorum
1470 4238 1652 4302 conditore.
1669 4237 1841 4314 Quomodo

294 4351 396 4426 ρανῶν
419 4342 636 4428 κληρονομεῖν,
664 4344 749 4406 κατὰ
771 4343 828 4418 τὰς
847 4340 1044 4427 έπηγγελμέ-
1090 4347 1204 4404 autem
1237 4346 1271 4404 et
1296 4343 1510 4422 quandonam
1543 4361 1583 4406 ea
1609 4344 1726 4407 futura
1748 4345 1844 4407 sint?

293 4468 350 4524 νας
365 4445 494 4525 ἐλπίδας
516 4449 571 4511 καί
587 4449 622 4511 τό
638 4446 733 4531 ρηθὲν
756 4446 815 4511 ὑπὸ
830 4454 885 4510 τοῦ
911 4445 1045 4512 άποστό
1090 4445 1156 4508 nisi
1180 4462 1286 4526 quum
1316 4462 1463 4524 regnum
1494 4447 1655 4510 eoelorum
1681 4449 1715 4509 in
1739 4446 1844 4508 haere-

293 4548 369 4615 λου·
386 4549 588 4637 Κληρονόμοι
604 4552 661 4636 μέν
677 4549 771 4632 Θεοῦ,
792 4549 1045 4635 συγκληρονόμοι
1090 4548 1230 4613 ditatem
1258 4555 1456 4632 recepturus
1481 4557 1541 4630 est,
1554 4552 1741 4615 seeundum
1768 4569 1844 4632 pro·

294 4654 329 4719 δέ
355 4655 505 4740 Χριστοῦ.
529 4654 621 4721 Οὑτω
642 4655 677 4718 δέ
700 4653 817 4739 νοήσῃς
840 4654 955 4736 πάλιν,
979 4663 1044 4732 πῶς
1089 4655 1782 4736 missionespublioijurisfactas,etjuxta
1798 4659 1841 4719 A·

295 4761 399 4826 πάντα
414 4758 565 4839 ὑπέταξεν
578 4759 727 4825 ὑποκάτω
743 4767 804 4824 τῶν
816 4759 920 4825 ποδῶν
936 4760 1043 4823 αὐτοῦ’
1090 4761 1212 4841 postoli
1250 4762 1444 4824 oraculum:
1475 4783 1492 4820 κ
1522 4762 1679 4825 Haeredes
1705 4762 1844 4843 quidem

295 4865 322 4930 εἰ
348 4867 410 4950 γὰρ
433 4865 474 4928 τά
495 4863 546 4928 έπί
561 4871 621 4946 γης
641 4861 719 4939 τέως
742 4863 794 4927 έπί
813 4872 868 4927 τοῦ
890 4861 1044 4947 παρόντος
1090 4865 1161 4942 Dei,
1170 4866 1359 4930 cohaeredes
1370 4871 1486 4930 autem
1495 4868 1658 4932 Christi.»
1674 4869 1724 4931 Ita
1737 4869 1840 4931 etiam

295 4963 505 5033 ὑποτέτακται
528 4965 711 5053 ἀνθρώποις,
731 4965 873 5051 πρόθατα
896 4970 951 5032 καί
973 4965 1044 5045 όόες
1090 4985 1208 5032 rursus
1231 4970 1357 5049 cogita,
1382 4969 1548 5050 quomodo
1578 4971 1692 5033 omnia
1706 4963 1853 5050 εοήνέιοέ

295 5073 349 5136 καί
363 5070 478 5156 κτήνη,
495 5070 621 5136 πετεινά
632 5091 666 5135 τε
679 5073 733 5134 καί
749 5069 862 5155 ἰχθύες,
880 5069 1044 5136 ἀπόκειται
1089 5073 1137 5136 rit
1148 5071 1353 5152 subpeditat
1364 5072 1444 5152 ejas.
1457 5073 1491 5135 Si
1506 5074 1644 5136 enimin
1658 5073 1721 5138 hoo
1736 5091 1841 5138 saeou-

294 5173 334 5261 δή
351 5175 457 5252 αὑτοῖς
480 5176 648 5262 ίσάγγελος
664 5173 730 5258 βίος
753 5175 786 5238 ἐν
802 5185 841 5259 τῇ
858 5175 930 5238 κατ’
951 5177 1043 5258 οὐρα·
1091 5179 1132 5254 10,
1144 5179 1278 5238 terrena
1291 5175 1485 5238 hominibus
1497 5175 1704 5256 subjaceant,
1717 5193 1838 5258 nempe
