4006 6090
299 487 364 547 316
961 484 1171 548 ORIGENES

298 625 409 688 ἅπασα
419 631 480 688 τῶν
492 620 796 707 ἀνθρώπωνὴφύοις
807 630 864 707 τῆς
875 621 1043 706 σωτηρίας.
1088 623 1311 688 inhocseusu
1324 623 1591 703 votaobtuiit3et
1607 625 1833 689 universaho·

298 726 440 811 Ἔδραρε
462 728 525 811 γὰρ
539 729 556 791 ὁ
572 726 670 803 καλὸς
692 725 816 812 Ποιρὴν
838 725 889 790 ἐπὶ
908 727 944 790 τὸ
965 725 1045 792 πλα-
1089 729 1223 791 minum
1238 731 1362 791 natura
1376 729 1484 791 salute
1499 731 1605 810 potita
1617 734 1677 794 est.
1689 729 1834 793 Pulcher

297 829 435 916 νώμενον
458 829 623 914 πρόδοτον,
648 831 702 894 καὶ
728 828 897 913 περιελθὼν
923 830 963 894 τὰ
985 829 1043 914 ὄρη
1089 833 1179 895 enim
1191 834 1308 895 Pastor
1319 832 1470 895 cucurrit
1484 832 1713 896 aderroueam
1725 849 1832 912 ovem,

298 935 440 1011 καὶτοὺς
456 933 583 1019 βουνοὺς
600 935 700 1017 (παρὰ
719 933 894 1018 ταῦταγὰρ
910 933 1045 998 έπλανᾰ-
1089 939 1123 998 ct
1144 935 1382 1015 perambulans
1407 937 1497 999 inter
1518 941 1649 1000 montes
1676 942 1711 1000 ct
1731 939 1833 1000 colles

264 1089 266 1100 ,
299 1059 335 1102 το
350 1036 521 1122 λατρεῦσαι
541 1047 606 1116 τοῖς
629 1036 793 1123 δαίμοσιν),
820 1039 901 1121 εὗρε,
924 1040 979 1101 καὶ
993 1037 1045 1102 tul
1090 1037 1169 1120 (per
1191 1039 1262 1103 hec
1285 1041 1376 1102 enim
1405 1041 1583 1121 palabatur
1608 1041 1644 1103 in
1673 1041 1834 1121 supersti-

299 1152 360 1207 τῶν
375 1139 867 1227 ὧροινλοὸὼν,έπανήγαγε,ἰιοὶ
880 1138 1045 1224 ηὐφράνθη
1090 1144 1181 1206 tione
1213 1140 1416 1226 daemonum)
1446 1144 1603 1225 repperit,
1634 1148 1669 1207 et
1695 1161 1834 1207 sumens

303 1243 458 1330 μᾶλλονῆ
482 1246 533 1310 teri
556 1254 619 1322 τοῖς
641 1243 848 1328 ἐννενήκοντα
869 1242 960 1310 έννέα
981 1252 1046 1321 τοῖς
1090 1264 1164 1309 eam
1188 1247 1223 1310 in
1245 1246 1403 1310 humeros
1417 1264 1505 1326 suos,
1528 1246 1664 1310 reduxit
1685 1263 1770 1324 eam,
1794 1263 1834 1309 ao

301 1349 345 1433 μὴ
362 1347 622 1434 πεπλανημένοις.
637 1344 684 1414 Ἢ
698 1351 813 1425 οὕτως·
832 1348 940 1433 ἐπειδὴ
956 1345 1046 1425 τέλος
1091 1351 1201 1428 magis
1213 1352 1354 1429 gavisus
1367 1355 1418 1413 est
1429 1350 1836 1430 quamsupcrnouagiuta

300 1452 435 1538 νόμσυὸ
464 1453 598 1537 Χριστὸς
621 1454 664 1530 εἰς
687 1451 896 1536 δικαιοσύνην,
919 1451 1046 1529 εἰκότος
1090 1471 1303 1535 novemque
1319 1471 1386 1517 non
1405 1458 1613 1518 erraverunt.
1636 1454 1698 1516 Vel
1714 1454 1750 1515 iu
1772 1452 1836 1515 hoc

300 1557 520 1642 ορραγῖδατῂ
547 1557 690 1641 παρούσῃ
720 1553 889 1641 ψαλμῳδέρ
910 1557 964 1621 τὸν
993 1563 1046 1619 νῦν
1090 1575 1209 1622 seusu:
1233 1575 1339 1639 quum
1362 1558 1514 1621 christus
1531 1555 1609 1620 finis
1628 1557 1673 1620 sit
1687 1557 1776 1634 legis
1799 1557 1835 1618 iu

301 1659 410 1746 στίχον
421 1661 438 1725 ὁ
449 1661 614 1746 προφήτης
625 1659 772 1744 ἐπέθηκε.
789 1657 908 1725 ’All’e
923 1657 1046 1746 Ποιρὴν
1086 1661 1231 1742 justitia,
1247 1661 1385 1725 decebat
1399 1666 1439 1724 ut
1462 1660 1627 1741 propheta
1648 1661 1837 1741 imponeret

298 1762 384 1848 ἡμᾶς
399 1764 417 1828 ὁ
433 1764 589 1849 ἀληθινὸς,
605 1765 678 1830 ecee
693 1767 790 1842 οὕτως
810 1763 1047 1849 ἀπογινώσκων·
1089 1767 1246 1844 sigillum
1253 1766 1334 1828 huic
1344 1765 1539 1846 psalmodiae
1551 1781 1610 1845 per
1621 1763 1750 1827 huncce
1759 1780 1832 1826 ver·

299 1867 377 1953 ἦλθε
392 1871 454 1954 γὰρ
470 1870 487 1932 ὁ
503 1868 573 1946 Υἱὸς
587 1878 642 1934 τοῦ
657 1868 821 1955 ἀνθρώπου
840 1869 977 1954 ζητῆσαι
992 1870 1047 1934 καὶ
1090 1871 1246 1934 siculum.
1262 1873 1305 1933 dt
1319 1887 1419 1933 verus
1432 1870 1487 1932 hic
1497 1871 1615 1932 Pastor
1627 1874 1758 1948 estnec
1770 1884 1831 1930 uos

299 1981 398 2038 σῶσαι
416 1976 452 2039 τὸ
467 1973 641 2056 ἀπολωλὸς,
658 1975 682 2060 ᾧ
697 1975 718 2058 ἠ
735 1973 811 2054 δόξα
825 1975 869 2051 εἰς
885 1981 958 2051 τοῦς
975 1973 1047 2039 αἰῶ-
1090 1976 1139 2040 sie
1162 1991 1345 2053 agnoscere
1367 1975 1546 2039 recusavit.
1580 1973 1711 2036 «Venit
1741 1973 1830 2035 enim

300 2099 366 2155 νας.
382 2075 496 2164 Ἀμήν.
1090 2079 1198 2142 Filius
1221 2078 1366 2142 hominis
1393 2083 1432 2141 ut
1453 2079 1621 2158 quereret
1643 2081 1677 2140 et
1702 2077 1836 2139 salvum

1087 2182 1214 2246 faceret
1225 2180 1315 2263 quod
1326 2181 1513 2262 perierat»
1527 2179 1584 2243 cui
1599 2180 1711 2258 gloria
1725 2180 1762 2242 iu
1776 2195 1839 2242 sar·

1088 2288 1176 2350 cula.
1191 2288 1309 2350 Amen.

660 2500 841 2581 Meritum
857 2503 898 2579 in
914 2505 1093 2604 sequentes
1103 2497 1265 2604 pretence
1277 2496 1469 2600 proderem.

344 2732 469 2796 Psalmi
505 2731 624 2796 decimi
661 2733 743 2796 noni
776 2749 879 2812 supra
910 2732 1048 2796 centum
1093 2729 1293 2808 cogitarunt
1319 2729 1360 2794 de
1383 2728 1576 2822 quindecim
1599 2725 1839 2810 Hierosolymi-

301 2837 502 2918 prooemium
516 2836 678 2918 recipitur
694 2853 734 2898 cx
751 2837 825 2899 Vet.
838 2837 869 2914 4,
886 2835 981 2914 5,14,
996 2835 1046 2897 16.
1092 2835 1164 2897 teni
1187 2835 1306 2915 templi
1329 2832 1502 2913 gradibus,
1526 2836 1561 2897 et
1579 2831 1619 2896 dc
1643 2831 1837 2896 cantoribus

301 2940 394 3014 Quod
406 2940 580 3018 singulare
592 2957 739 3021 prorsus,
751 2957 861 3022 neque
872 2938 1045 3003 inficetum
1091 2939 1196 3002 sacris
1211 2940 1281 3020 qui,
1298 2938 1379 3002 dum
1393 2953 1448 3000 eos
1461 2937 1695 3017 ascendebant,
1707 2940 1836 3000 stuutes

301 3050 554 3124 argumentum,
589 3045 725 3109 conticis
752 3045 923 3122 graduum
945 3042 1047 3106 auda·
1093 3042 1128 3105 iu
1143 3043 1302 3122 siugulis,
1315 3060 1422 3104 unum
1435 3060 1476 3105 ex
1488 3041 1681 3122 quindecim
1698 3040 1836 3122 psalmis

301 3151 372 3209 oter
394 3164 590 3228 appensum,
617 3166 637 3211 a
659 3149 794 3212 nemine
819 3165 919 3230 quem
942 3148 1046 3210 sciam
1090 3164 1211 3210 cauere
1226 3147 1473 3212 consueverint.
1499 3146 1563 3209 Sed
1583 3162 1693 3227 neque
1709 3145 1752 3209 ab
1767 3144 1837 3208 ullo

300 3250 390 3312 inter
401 3252 602 3330 recentiores
614 3253 830 3333 propositum,
844 3253 974 3316 utinam
987 3250 1046 3313 ali·
1089 3251 1158 3314 sive
1181 3254 1344 3329 veterum,
1367 3251 1437 3312 sive
1464 3249 1649 3314 recentium
1672 3249 1833 3330 iuterpre-

301 3370 370 3434 qua
381 3352 525 3433 judeicae
536 3355 743 3436 antiquitatis
758 3355 916 3419 memoria
928 3354 1046 3419 coufir—
1089 3359 1163 3418 tum
1179 3372 1322 3418 censura
1335 3353 1529 3436 hypothesis
1544 3354 1587 3416 ab
1602 3355 1746 3431 origene
1761 3369 1836 3434 pro-

298 3460 420 3519 metur.
444 3458 508 3521 Sed
530 3464 683 3522 veterum
706 3460 879 3524 nonnullis
905 3477 973 3522 non
996 3459 1046 3523 di·
1090 3456 1332 3540 positereJecta
1343 3457 1417 3521 fuit.
1430 3457 1534 3536 Cujus
1545 3457 1681 3537 quidem
1693 3457 1837 3520 insolen-

299 3561 439 3644 splicuit
461 3562 496 3624 iu
511 3562 604 3625 hisce
626 3563 766 3627 canticis
787 3564 952 3644 respicere
973 3564 1046 3627 sive
1089 3564 1137 3626 tia
1151 3562 1302 3626 nonnihil
1318 3578 1378 3624 uos
1394 3562 1500 3625 movit
1519 3566 1558 3625 ut
1579 3561 1740 3642 paginam
1755 3561 1836 3624 levi·

297 3666 409 3728 varios
422 3665 536 3731 bellici
552 3668 701 3745 agminis
724 3686 832 3748 casus,
852 3670 925 3732 sive
941 3669 1045 3731 etiam
1090 3672 1141 3730 ter
1163 3665 1374 3729 emendatam
1397 3681 1598 3729 renovemus
1618 3669 1693 3746 post
1714 3667 1836 3730 Mauri·

299 3772 460 3834 vaticinia
476 3772 517 3835 de
533 3772 737 3854 Babylonica
752 3773 958 3853 captivitate.
975 3773 1045 3835 Hoc
1089 3789 1159 3850 nos,
1178 3772 1236 3852 qui
1251 3774 1384 3834 tantum
1400 3787 1421 3832 e
1435 3769 1581 3833 corderii
1596 3771 1712 3848 ignoto
1723 3787 1762 3832 ac
1773 3787 1836 3832 sae·

300 3877 391 3938 euim
406 3876 623 3957 Theodorcto,
640 3877 726 3941 illud
741 3892 820 3940 vero
843 3878 958 3940 arrisit
972 3879 1046 3940 vul·
1088 3893 1130 3957 pe
1144 3875 1278 3939 turbido
1300 3874 1391 3938 toute
1406 3892 1469 3938 sua
1492 3875 1604 3936 omnia
1626 3873 1833 3954 derivarunt,

299 3981 381 4054 gato
411 3979 451 4041 dc
481 3981 620 4060 psalmis
647 3979 841 4044 Athanasio.
873 3980 941 4044 Alii
971 3985 1046 4062 post
1088 3980 1170 4043 dum
1185 3983 1299 4043 nostra
1313 3983 1458 4060 quatuor
1473 3996 1514 4042 cx
1530 3978 1624 4042 bonis
1641 3983 1674 4041 et
1689 3979 1832 4042 vetustis

301 4081 492 4164 Didymum,
518 4099 628 4164 neque
656 4088 751 4147 extra
778 4102 859 4164 rem,
883 4084 1044 4148 libentius
1089 4083 1181 4148 codd.
1198 4101 1275 4146 mss.
1292 4083 1462 4146 Vaticanis
1482 4082 1696 4145 reviviscunt.
