4006 6090
309 433 374 494 ενι
974 433 1184 496 numanus
1270 420 1283 448 ''

304 571 345 636 τά
360 592 428 650 σου,
444 571 495 634 ἐπί
511 572 550 636 τὸι
561 566 790 654 προστάγματα
805 589 872 649 σου,
885 568 953 634 ἐπεί
968 569 1050 632 είὸον
1097 573 1205 636 tiones
1227 574 1315 651 tude,
1339 575 1373 636 in
1397 581 1563 654 praecepte
1585 581 1654 654 tua,
1679 575 1840 654 quoniam

304 673 516 760 ἀποκειμένην
533 693 585 760 μοι
600 671 752 759 ἀμοιῦην·
772 671 845 756 1]ὸέ
865 671 980 758 ἀμοιῦη
999 673 1053 758 βα·
1097 678 1251 757 perspexi
1274 679 1453 758 repositam
1471 679 1556 741 mihi
1572 678 1840 742 retributionem.

305 776 406 843 σιλεία
421 777 514 858 Θεοῦ,
532 777 553 841 ὸ
568 775 728 862 ὸρθαλμὸς
748 778 807 841 οῦκ
829 777 901 860 είδε,
918 779 973 842 καί
998 780 1052 855 οῦς
1098 781 1177 854 Quae
1193 779 1369 844 retributio
1381 785 1433 844 est
1443 798 1589 861 regnum
1602 783 1673 860 Dei,
1689 799 1752 844 «ea
1763 797 1840 862 qum

306 885 365 948 οῦκ
379 886 509 969 ἤκουσε,
526 882 580 945 ιιαί
595 881 646 946 ἐπὶ
660 879 792 965 καρδίαν
808 879 971 965 ἀνθρώπου
994 883 1053 946 σιἰιι
1098 900 1160 946 nee
1171 885 1288 948 oculus
1304 885 1390 948 vidit
1405 903 1514 966 neque
1527 888 1619 950 auris
1632 887 1772 966 audivit,
1785 903 1841 950 ne-

305 985 414 1070 ίινὲὁη,
437 987 459 1049 a
482 983 645 1070 ἐτοίμασεν
667 982 685 1048 ὸ
709 985 790 1062 Θεὸς
813 985 976 1070 ἀγαπῶσιν
998 986 1052 1050 αῖι-
1099 1004 1165 1068 que
1193 988 1228 1050 in
1256 1006 1313 1052 eor
1338 989 1485 1054 hominis
1507 993 1741 1072 ascenderunt,
1769 1009 1844 1072 quae

307 1093 371 1158 τὸν.
1097 1093 1402 1173 praeparevitDeus
1418 1095 1641 1174 diligentibus
1657 1113 1735 1158 se.»

350 1215 381 1258 v.
403 1196 474 1260 113.
492 1191 701 1280 Παρανὸμους
720 1192 866 1280 ἐμίσησα,
886 1195 940 1258 τὸν
954 1194 990 1260 δὲ
1004 1194 1053 1258 νὸ-
1140 1211 1173 1256 v.
1191 1196 1263 1258 113.
1279 1197 1414 1278 Iniquus
1435 1197 1505 1262 odio
1519 1197 1626 1278 Ιισὸαί,
1652 1199 1753 1281 legem
1770 1215 1845 1263 veru

308 1319 365 1385 μον
381 1320 438 1365 σου
455 1299 620 1384 ἠγάπησα.
1098 1301 1187 1362 tuam
1200 1297 1312 1362 dilati.

349 1399 387 1468 Ὁ
399 1402 580 1488 παράνομος
592 1403 656 1485 οὖν,
668 1401 750 1467 καθὸ
760 1401 940 1486 παράνομος
952 1401 1051 1486 ὑπάρ·
1141 1403 1284 1483 Iniquus
1307 1405 1431 1485 igitur,
1455 1423 1523 1487 qua
1551 1407 1690 1486 iniquus
1716 1404 1845 1483 existit,
1873 1405 1876 1410 “

305 1529 365 1594 χει,
382 1507 512 1592 μισητὸς
526 1507 621 1588 ἐστιν,
636 1505 717 1572 καθὸ
732 1505 768 1570 δέ
783 1506 875 1571 είκίυν
885 1507 940 1569 καί
951 1506 1051 1571 πλίισ-
1097 1506 1173 1570 odio
1191 1507 1367 1573 habendus
1382 1515 1448 1589 est;
1471 1527 1539 1592 qua
1553 1527 1634 1574 vero
1648 1511 1710 1574 Dei
1731 1511 1846 1587 imago

306 1634 351 1698 μα
366 1610 458 1694 Θεοῦ,
474 1611 650 1696 ἀγαπητὸς.
1098 1614 1132 1673 et
1146 1610 1286 1693 factura,
1302 1613 1507 1693 diligendus.

346 1737 377 1781 v.
396 1718 468 1782 114.
484 1713 607 1799 Βοηθὸς
623 1735 683 1801 μου
698 1716 753 1778 καί
768 1711 965 1798 ἀντιληπτιυρ
989 1733 1049 1798 μου
1140 1734 1172 1778 v.
1190 1717 1262 1780 114.
1277 1717 1416 1798 Adjutor
1429 1733 1518 1782 αιεαε
1532 1721 1736 1798 στενοπορίαν·
1749 1733 1839 1784 mm

306 1821 335 1886 εί
349 1822 398 1903 σὺ,
415 1820 459 1897 εἰς
473 1822 545 1897 τοὺς
561 1818 673 1905 λόγους
689 1841 746 1886 σου
762 1817 931 1902 ἐπηλπισα.
1099 1835 1143 1899 ατ,
1161 1820 1199 1883 in
1212 1837 1373 1886 aerumnas
1388 1823 1459 1886 tuos
1472 1822 1706 1903 supersperavi.

347 1925 601 2012 Εὐχαριστείτῷ
623 1922 815 2010 6οηθήσαντι
838 1923 937 2010 ἐντῷ
959 1921 1052 1988 πολέ-
1142 1925 1276 1988 Gratias
1298 1927 1374 2004 agit
1395 1927 1576 1990 auxilianti
1607 1927 1643 1989 in
1671 1926 1762 2020 bellu
1783 1925 1840 1989 ad-

305 2051 362 2117 μιρ,
378 2038 423 2115 τῷ
444 2031 522 2115 πρὸς
537 2031 590 2094 τὸν
609 2027 754 2096 διάὸολον
776 2029 830 2092 καί
846 2029 919 2106 τοὺς
941 2025 1049 2112 δαίμο-
1098 2043 1216 2092 versus
1253 2028 1425 2093 diabolum
1459 2033 1493 2092 et
1528 2029 1717 2093 daemones.
1755 2028 1842 2105 Quid

303 2155 368 2211 νας.
392 2133 431 2198 Τί
454 2133 526 2198 τότε
547 2130 648 2197 τοίνυν
671 2130 802 2215 ἑποίεις;
825 2130 986 2216 ἐπήλπισα
1008 2131 1052 2208 είς
1098 2147 1196 2232 porro
1219 2133 1356 2196 interim
1379 2133 1529 2212 agebas?
1551 2134 1784 2214 Supersperdai
1807 2135 1846 2198 ia

302 2241 374 2315 τοὺς
388 2236 502 2322 λόγους
517 2256 583 2300 σου·
601 2235 643 2314 ὡς
659 2235 698 2321 δὴ
715 2245 753 2321 τῇ
770 2234 899 2318 τοιαύτη
914 2235 1052 2318 προιιὸπ-
1097 2253 1259 2302 seruabam
1274 2239 1354 2301 ίαὸι.
1378 2238 1503 2319 Utique
1518 2239 1554 2301 in
1573 2239 1678 2302 simili
1693 2255 1751 2319 spe
1773 2256 1845 2305 στε-

303 2339 492 2420 ebullata,
515 2340 574 2404 οὸιι
589 2340 674 2404 είπεν
688 2339 819 2426 ηλτασα,
837 2338 908 2402 ἀλλ’
919 2337 1052 2422 ἐπήλπι-
1099 2355 1207 2419 scens,
1228 2357 1294 2402 non
1310 2340 1397 2403 dixit
1410 2342 1548 2420 οραταοί,
1567 2341 1625 2404 sed
1640 2357 1846 2423 superspera-

306 2466 359 2509 σα.
392 2481 433 2492 -
456 2442 597 2529 Δεὸμεθα
618 2443 701 2510 Θεοῦ
728 2442 917 2529 βοηθοῦντος
950 2441 1054 2528 ἐντῷ
1098 2445 1142 2507 ui.
1161 2479 1199 2488 -
1216 2446 1307 2526 Opus
1323 2445 1419 2508 nobis
1434 2450 1485 2508 est
1500 2447 1569 2509 Deo
1589 2447 1787 2510 auxiliante.
1805 2449 1844 2510 In

305 2553 383 2634 πρὸς
398 2550 451 2612 τὸν
467 2546 612 2614 διάῦολον
627 2549 681 2612 καί
696 2549 768 2624 τοὺς
791 2545 941 2632 δαίμονας
957 2545 1052 2611 πολέ-
1099 2550 1282 2611 certamine
1305 2548 1466 2613 adversus
1486 2551 1644 2614 Seianam
1666 2554 1701 2614 et
1722 2551 1843 2615 daeme

306 2677 364 2742 μαρ,
380 2656 434 2719 καί
449 2654 466 2720 ὸ
481 2651 647 2739 προφήτης
662 2649 1054 2738 ἐὸοηθηθη.Ἀντελὸῦετσ
1100 2653 1168 2731 nia,
1191 2653 1355 2734 propheta
1381 2669 1514 2734 quoque
1536 2653 1674 2733 adjutus
1701 2659 1760 2718 eet.
1784 2657 1845 2718 Su·

305 2762 367 2847 γὸιρ
383 2760 481 2824 αὸτσῦ
493 2757 510 2822 ὸ
522 2757 612 2839 Θεὸς,
624 2759 679 2821 ιιαί
690 2757 741 2821 διὸ
755 2765 847 2821 τοῦτο
859 2757 1053 2841 εὐχαριστῶν
1099 2761 1252 2836 seeperat
1266 2757 1357 2819 enim
1372 2775 1450 2822 eum
1465 2759 1566 2837 Deus,
1578 2765 1612 2822 et
1625 2763 1761 2840 propter
1781 2759 1846 2823 hoe

305 2863 405 2929 ταῦτίι
419 2881 523 2948 φησιν.
540 2860 621 2926 Είτα
635 2860 665 2924 τί
678 2857 832 2944 πεποίηκε
845 2856 1054 2945 βοηθοῦμενος
1100 2865 1198 2937 grato
1209 2861 1323 2922 animo
1338 2860 1421 2924 dicit
1431 2862 1512 2926 haee.
1530 2863 1650 2925 Postea
1664 2864 1748 2944 quid
1765 2863 1846 2928 feeit

305 2968 366 3032 ὑπὸ
380 2977 436 3032 τοῦ
451 2965 550 3048 Θεοῦ;
570 2965 614 3041 τίς
629 2966 683 3028 τὸν
698 2962 792 3048 λόγον
807 2984 865 3030 σου
879 2962 1050 3048 ἐπηλτασα,
1099 2964 1236 3044 adJutus
1259 2981 1279 3026 a
1297 2965 1390 3028 Deo?
1403 2968 1446 3030 Ιπ
1467 2983 1627 3031 ταῦταποῦ
1640 2970 1712 3032 tuoe
1732 2983 1844 3049 svper·

305 3073 361 3136 καί
375 3070 474 3154 ζησὸν
497 3089 545 3154 με.
569 3066 627 3131 du
651 3065 683 3130 τί
704 3066 763 3130 οῦιι
785 3069 881 3132 είπεν·
904 3066 960 3144 Εἰς
981 3070 1054 3143 τοὺς
1099 3070 1237 3148 speravi,
1259 3067 1396 3132 vivifiea
1411 3086 1474 3132 me.
1487 3072 1645 3134 curvem
1661 3087 1729 3134 non
1744 3071 1846 3135 dixit:

306 3173 418 3259 λόγους
432 3172 562 3260 ἤλπισα,
581 3170 665 3236 ἀλλὰ
680 3168 852 3255 ἐπήλπισα;
867 3169 896 3234 σί
912 3168 1053 3247 ἐλπίζον·
1100 3174 1136 3236 in
1157 3190 1347 3237 sermonem
1369 3178 1468 3237 tuum
1489 3176 1622 3255 speravi
1650 3174 1709 3238 sed
1734 3190 1846 3254 super·

305 3300 357 3356 τες
372 3279 432 3363 οὐχ
448 3277 489 3354 ὡς
501 3278 653 3362 αργσνται
667 3283 724 3338 τοῦ
739 3271 886 3355 ἐλπίζειν,
902 3275 984 3337 οῦτοι
1002 3271 1055 3358 μί·
1098 3277 1250 3356 sperabi?
1273 3277 1336 3352 Qui
1351 3281 1498 3358 sperant,
1516 3294 1583 3341 uon
1595 3279 1696 3342 sicuti
1711 3295 1846 3360 sperare

306 3403 419 3463 νουσιν,
436 3380 507 3446 ἀλλ’
530 3381 558 3444 εί
579 3379 787 3464 προκόπτοιεν
811 3379 894 3443 αατὸι
909 3375 999 3460 Θεὸν,
1024 3377 1053 3441 ἐ·
1100 3382 1321 3462 ineoeperunt‚
1348 3387 1556 3462 permanent,
1578 3382 1637 3446 sed
1656 3384 1685 3446 si
1707 3398 1847 3464 progra-

305 3486 515 3567 παυξὰνσυσιν
530 3489 566 3550 τὸ
588 3482 734 3562 ἐλπίζειν,
750 3485 805 3547 ιιαί
828 3483 892 3567 ὸσιρ
906 3503 944 3566 γε
967 3482 1054 3560 αῦξει
1099 3484 1435 3548 diunturseeundum
1447 3484 1566 3565 Deum,
1578 3486 1722 3550 subinde
1734 3488 1770 3550 in
1785 3505 1845 3569 spe

304 3590 326 3676 ἡ
343 3592 464 3678 ἀγάπη,
488 3599 636 3656 τοσοῦτον
659 3587 745 3666 αὔξει
762 3587 784 3672 ἡ
804 3587 902 3668 ἐλπίς,
917 3587 973 3650 καί
995 3585 1053 3670 μά·
1099 3593 1265 3667 creseunt,
1289 3592 1408 3670 atquo
1429 3590 1508 3670 plus
1523 3589 1670 3654 charitas
1685 3594 1843 3670 augetur,

306 3695 399 3762 λιστα
414 3697 489 3761 ὅταν
505 3693 708 3780 βοηὸηθῦιμεν
723 3693 784 3756 ὑπὸ
799 3701 856 3756 τοῦ
871 3689 963 3774 Θεοῦ,
981 3691 1053 3755 τότε
1099 3697 1194 3756 tanto
1210 3693 1321 3770 magis
1336 3697 1484 3773 augetur
1498 3710 1584 3774 spes,
1601 3698 1675 3758 tum
1699 3697 1846 3760 maxime

307 3799 511 3885 προστίθεμεν
534 3807 572 3883 τῇ
595 3798 673 3881 πρὸς
695 3800 749 3862 τὸν
774 3793 871 3860 πόθον
892 3805 949 3860 τοῦ
971 3793 1055 3862 Θεοῦ
1100 3796 1280 3877 quandoa
1312 3797 1382 3860 Deo
1415 3797 1611 3877 praesidium
1644 3801 1846 3880 accepimus,

307 3904 420 3972 ἐλπίδι.
1100 3905 1183 3963 tune
1197 3899 1363 3964 secedunt
1377 3918 1420 3964 ex
1434 3917 1547 3964 amore
1569 3902 1631 3966 Dei
1646 3904 1719 3984 spei
1741 3904 1847 3966 inera-

1101 4011 1226 4067 menta.

351 4133 383 4177 v.
402 4115 474 4177 115.
497 4109 683 4176 Ἐκκλίνατε
706 4109 762 4174 ἀπ’
773 4109 860 4194 ἐμοῦ,
884 4110 1054 4195 πονηρευὸ-
1143 4127 1176 4170 v.
1192 4109 1263 4171 115.
1275 4107 1539 4188 Decliaateame,
1553 4109 1702 4192 αιαίίρπί,
1718 4113 1848 4176 acm

309 4236 405 4300 μενοι,
421 4217 475 4280 καί
490 4213 682 4300 ἐξερευνησον
694 4214 751 4291 τὸς
762 4213 893 4292 ἐντυλὸις
905 4223 959 4278 τοῦ
971 4214 1055 4283 Θεοῦ
1102 4213 1190 4277 tator
1204 4211 1356 4276 mandatu
1370 4213 1432 4275 Dei
1446 4214 1518 4277 mei.

309 4340 379 4404 μου.
1144 4319 1189 4380 Ut
1210 4317 1401 4380 dictumest
1414 4318 1558 4380 serutari
1574 4319 1765 4400 Scripturas
1784 4318 1846 4400 (in-

350 4417 406 4500 Ὦς
421 4422 543 4508 είρηται
558 4423 687 4506 ἐρευνᾶν
702 4423 758 4499 τὸις
773 4421 899 4507 γραφὰς
914 4419 1053 4502 (δέονται
1100 4423 1220 4501 digent
1235 4422 1325 4484 anim
1341 4422 1515 4501 scrutinia,
1531 4427 1571 4486 ut
1586 4421 1846 4506 intelligantur),

308 4527 371 4613 γὰρ
386 4526 525 4611 ἐρεύνης,
548 4527 600 4592 ἵνα
621 4527 676 4590 καί
698 4524 874 4611 νοηθῦισιν),
898 4527 979 4589 οῦτοι
1000 4527 1055 4590 καί
1100 4528 1148 4590 ita
1171 4525 1271 4589 illud:
1294 4524 1469 4591 summor
1484 4525 1636 4591 mandatu
1650 4528 1733 4608 Dei,·
1754 4527 1847 4592 haud

306 4633 354 4696 τὸ·
376 4629 591 4716 Ἐξερευνησοι
605 4633 662 4709 τὸις
677 4630 807 4707 ἐντολὸις
831 4639 886 4694 τοῦ
901 4627 1003 4705 Θεοῦ·
1018 4632 1055 4697 σίν
1100 4630 1756 4712 enim‚sieutnonnulliautumant,clara
1766 4636 1848 4697 sunt

307 4737 368 4820 γαρ
384 4733 426 4812 ὡς
442 4734 560 4800 οἴονταί
570 4757 664 4820 τινες,
680 4742 791 4821 σαφεῖς
801 4733 856 4798 καί
867 4741 932 4810 τοῖς
943 4745 1055 4820 τυχοῠ-
1100 4737 1135 4798 et
1150 4735 1273 4816 cuique
1289 4735 1461 4799 occurenti
1476 4735 1585 4800 obvia.

310 4859 341 4903 σι
356 4838 485 4923 ληπταί.

319 5053 322 5060 ’
343 5061 371 5100 v.
385 5044 445 5100 113.
459 5043 525 5100 Vat.
535 5046 582 5106 10.
1135 5060 1162 5100 τ.
1177 5043 1235 5100 115.
1250 5043 1316 5102 vet.
1329 5045 1355 5099 ί.

344 5147 371 5186 ν.
384 5131 444 5185 lla
458 5129 524 5193 Vnt.
537 5131 562 5200 5,
576 5134 619 5186 16.
