4020 6098
802 406 844 468 IN
858 354 1052 469 'ponhlios
1637 412 1702 475 219

202 561 234 608 v.
251 543 303 625 37,
323 544 375 608 38.
393 539 456 608 Καὶ
479 543 626 628 ἐοπετραν
649 542 775 629 ἀγροὺς,
797 546 852 610 καὶ
874 545 904 610 ἐ-
992 563 1023 607 ν.
1049 545 1100 625 37,
1128 545 1179 609 38.
1203 545 1250 612 et
1273 546 1513 615 seminaveruut
1530 565 1635 632 apros,
1666 557 1697 617 et

158 646 313 731 ιρύτευσαν
327 647 524 733 ἀμπελῶνας,
540 649 595 712 καί
609 646 762 734 ἐποίησαν
780 650 902 735 καρπόν
942 649 1178 730 plantaverint
1198 651 1320 730 τίνυται,
1339 651 1697 735 ctsaceraotsrtcttm

155 749 362 836 γεννήματος,
378 753 432 815 καὶ
447 751 618 836 εὐλόγησεν
634 752 756 829 αὐτοῦς.
948 752 1121 818 ειιιικόιιητ
1132 770 1244 836 ponar,
1263 760 1295 818 et
1308 755 1468 820 όεκοιίόαάί
1482 774 1542 820 eor.

200 853 239 920 Οἱ
262 855 325 919 όιπό
347 865 408 922 τῶν
430 856 580 942 χειρόνων
602 853 653 920 ἐπὶ
676 858 716 921 τόι
739 856 903 942 κρείττονα
991 859 1055 933 Qui
1078 875 1099 920 a
1124 857 1348 922 deterioribus
1374 859 1417 922 ad
1443 861 1584 923 meliora
1610 861 1696 924 alios

156 955 406 1044 μεταθάλλοντες
421 959 472 1024 διὰ
483 961 539 1037 τάς
561 971 622 1026 τῶν
643 960 827 1027 ἀποστόλων
842 983 902 1026 πα-
947 964 1117 1040 revocant,
1129 959 1230 1040 juxta
1241 964 1470 1042 apostolorum
1485 964 1694 1044 traditiones,

155 1062 306 1147 ραδόσεις,
322 1063 357 1128 ἐν
379 1073 447 1142 ταῖς
466 1074 528 1130 τῶν
547 1064 716 1151 ἀνθρώπων
731 1064 902 1132 κατασπεί-
947 1060 983 1123 in
994 1061 1172 1126 hominum
1181 1058 1361 1128 animabus
1372 1066 1551 1147 seminant,
1559 1071 1593 1129 et
1604 1068 1698 1147 plan·

154 1187 242 1250 ρουσι
257 1168 383 1253 ψυχαῖς,
399 1168 566 1253 ρυτεόουοί
581 1189 615 1233 τε
631 1169 831 1255 ἀμπελῶνας,
844 1171 901 1247 τὰς
946 1167 1021 1226 tant
1050 1167 1188 1246 vineas,
1220 1169 1378 1232 ecclesias
1409 1187 1469 1250 per
1499 1171 1694 1236 universam

154 1268 341 1355 ἁπανταχοῦ
363 1279 425 1356 γῆς
448 1271 631 1357 ἐκκλησίας.
664 1270 710 1338 Οὐ
733 1273 848 1352 πάντες
872 1272 902 1337 σί
945 1273 1070 1332 terram
1090 1272 1253 1336 conditas.
1271 1309 1309 1318 —
1327 1274 1399 1336 Non
1424 1276 1616 1356 omnesqui
1639 1277 1697 1339 ha-

152 1385 364 1460 γεωργοῦντες
379 1379 521 1461 καρποὺς
543 1376 722 1460 αἰσθητοὺς,
738 1377 902 1462 εθλογοῦν-
923 1365 928 1372 ’
946 1374 1028 1437 bent
1042 1374 1174 1438 fructus
1189 1376 1350 1456 visibiles,
1365 1377 1622 1458 benedicuntur,
1636 1379 1695 1442 sed

153 1499 214 1560 ται,
242 1477 314 1542 ἀλλ’
325 1478 354 1543 oi
380 1490 540 1557 ποιοῦντες
567 1485 708 1565 καρποὺς
735 1502 900 1567 πνευματι·
946 1479 1005 1558 qui
1029 1478 1159 1542 faciunt
1173 1477 1304 1543 fructus
1326 1481 1539 1561 spirituales:
1563 1483 1695 1545 fructus

153 1582 246 1660 κούς·
268 1583 285 1645 b
307 1603 370 1668 γαρ
393 1587 514 1667 καρπός
537 1594 592 1647 τοῦ
620 1582 795 1668 πνεύματός
818 1584 901 1648 ἐστιν
947 1589 1061 1646 autem
1076 1584 1216 1664 spiritus
1237 1589 1319 1647 sunt
1341 1585 1497 1664 charitas,
1513 1584 1692 1664 gaudium,

155 1686 275 1772 ἀγάπη,
298 1685 395 1772 χάρα,
419 1685 537 1772 εἰρήνη,
560 1685 767 1772 μακροθυμία,
790 1685 901 1768 πίστις,
946 1705 1022 1767 pax,
1046 1688 1322 1767 magnanimitas,
1344 1687 1437 1768 fides,
1458 1689 1694 1770 mansuetuda

154 1793 306 1876 πραΰτης,
322 1789 502 1876 ἐγκρατεία.
947 1793 1180 1872 temperantia.

198 1915 228 1960 v.
246 1897 298 1960 40.
314 1893 378 1959 Καί
401 1894 580 1980 ἐπλάνησεν
603 1895 716 1974 αὐτοὺς
738 1895 772 1962 ἐν
795 1895 902 1980 άόάτῳ
991 1913 1022 1957 ν.
1039 1896 1090 1958 40.
1103 1895 1476 1978 Etcrrereseciteosic
1490 1897 1696 1962 iccioetrwc

155 2001 211 2062 καί
226 1999 285 2084 οὐχ
301 1998 372 2084 ὁδῷ.
948 2000 987 2063 io
999 1999 1064 2062 cio.

198 2100 238 2168 Οί
252 2101 399 2167 Ἰουδαῖοι
418 2101 643 2188 παρῃτήσαντο
659 2105 717 2189 την
732 2101 782 2188 ἐφ’
793 2105 833 2188 ἦν
849 2103 901 2167 ἐκ·
990 2103 1012 2164 J
1014 2102 1102 2166 udaei
1118 2103 1373 2184 dereliquerunt
1392 2109 1517 2169 rectem
1534 2103 1576 2168 ad
1592 2121 1696 2184 quam

154 2204 308 2291 λήθησαν,
324 2205 447 2271 εὐθεῖαν
469 2206 560 2271 όδόν·
582 2206 705 2292 πλάνην
729 2208 784 2294 μὲν
807 2207 902 2293 γάρό
947 2208 1057 2270 vocati
1073 2207 1208 2271 fuerant
1230 2209 1331 2271 viam.
1355 2210 1489 2272 Etenim
1513 2210 1603 2272 Deus
1626 2226 1694 2271 non

155 2309 234 2386 Θεός
256 2311 315 2374 οὐκ
336 2310 457 2396 ἐπάγει,
481 2313 553 2387 τοὺς
575 2310 610 2374 δέ
634 2313 676 2397 μὴ
701 2310 902 2397 πειθομένους
947 2311 1079 2375 inducit
1093 2329 1249 2391 errorem,
1265 2313 1323 2376 sed
1347 2330 1402 2376 eos
1419 2315 1478 2393 qui
1495 2314 1559 2393 ipsi
1575 2329 1642 2375 non
1658 2330 1692 2375 o

155 2413 385 2498 ἀκυθερνήτους
400 2415 448 2498 ἑᾷ,
465 2415 519 2478 καὶ
536 2425 700 2501 πανταχοῦ
713 2415 901 2498 πλανῶνται,
947 2413 1098 2494 bediunt‚
1114 2417 1198 2479 sinit
1212 2434 1284 2480 esse
1308 2417 1539 2494 gubernaculo
1556 2415 1696 2479 destitu-

155 2523 208 2584 τόν
219 2514 672 2604 ὁδηγοῦνταάποθαλόντες.”0
685 2518 901 2604 δέΣύμμαχος
947 2523 1010 2598 toa,
1027 2522 1060 2582 et
1075 2517 1110 2581 hi
1132 2519 1368 2600 undecumque
1391 2527 1609 2599 amanteum
1632 2521 1696 2582 viae

155 2622 368 2707 μελλητυκῶς,
386 2623 466 2686 οίον·
485 2624 539 2686 καί
563 2619 718 2707 πλανησει
735 2622 847 2699 αὐτοὺς
869 2623 903 2687 ἐν
947 2621 1068 2685 ducem
1083 2621 1271 2703 rejecerint.
1295 2625 1517 2706 Symmachus
1534 2641 1614 2688 vero
1637 2643 1697 2705 per

157 2725 341 2812 ματαιότητι
363 2723 509 2804 διανοίας.
948 2715 1102 2790 futurum
1125 2727 1182 2806 ait,
1201 2728 1379 2791 nimirum:
1399 2729 1444 2794 Et
1465 2746 1577 2794 errore
1589 2729 1701 2812 societ

948 2846 1000 2896 cor
1014 2831 1051 2894 io
1064 2832 1208 2895 cecitate
1223 2833 1436 2914 cogitationis.

199 2956 231 3000 v.
257 2938 308 3000 41.
336 2934 401 3000 Καί
424 2933 601 3020 ἐάοηθησαν
628 2933 736 3020 πένητι
760 2934 797 3000 ἐκ
823 2955 903 2998 πτω·
991 2952 1023 2997 τ.
1040 2936 1092 2998 41.
1109 2937 1154 2998 Et
1175 2936 1304 3017 adjacit
1318 2954 1495 3018 pauperem
1516 2939 1554 3004 de
1575 2939 1696 3020 irropio,

155 3037 255 3126 χείας,
271 3041 325 3104 καί
339 3039 428 3105 ἔθετο
444 3039 485 3116 ὡς
500 3037 643 3124 πρόθατα
657 3041 799 3125 πατριάς.
948 3042 980 3102 et
993 3040 1108 3119 posca
1120 3039 1205 3104 sistet
1220 3057 1291 3105 obes
1303 3041 1473 3123 familior.

201 3143 255 3222 Τίς
280 3145 316 3208 δέ
338 3145 356 3209 ό
379 3143 544 3230 βοηθηθείς
566 3142 681 3229 πίνης,
708 3145 725 3208 ό
752 3145 785 3224 ἐξ
808 3145 903 3213 ἐθνῶν
992 3144 1074 3218 Quis
1089 3161 1169 3207 vero
1185 3145 1213 3208 is
1229 3161 1367 3226 pauper,
1384 3147 1443 3228 qui
1466 3147 1605 3227 adjutus
1625 3149 1698 3212 est?

155 3245 250 3324 λαός·
272 3253 312 3332 τη
332 3250 394 3332 γάρ
417 3258 472 3312 τοῦ
488 3247 627 3332 Χριστοῦ
650 3247 791 3334 πτωχείᾳ
810 3248 903 3334 ἡμεῖς
948 3248 1097 3330 Populus
1113 3249 1281 3326 gentium.
1302 3250 1425 3313 Christi
1442 3253 1537 3314 enim
1556 3269 1697 3333 pauper-

155 3349 817 3437 ἐπλουτίσθημεν·πσιτριόινδέόνομάζειτό
831 3352 904 3416 odo·
947 3357 1017 3416 tate
1037 3370 1098 3417 nos
1121 3353 1243 3418 divites
1266 3353 1346 3418 facti
1369 3374 1497 3418 sumus.
1521 3356 1698 3419 Familiam

154 3476 241 3540 τημα
251 3457 312 3521 τῶν
323 3457 376 3520 τόν
387 3455 476 3519 θεῖον
488 3454 668 3540 κατάλογον
687 3455 902 3541 συμπληροῦν·
948 3462 1061 3520 autem
1076 3462 1176 3521 vocat
1197 3463 1322 3521 coetum
1347 3477 1463 3522 eorum
1479 3461 1538 3538 qui
1560 3461 1595 3521 in
1612 3458 1696 3521 divi·

154 3557 903 3644 των,τουτέστισυντελοόντων.ΓΟμένἈκύλας·
948 3563 1695 3643 numcataloguincooptantur‚idestquiper·

152 3663 250 3748 θήσει
265 3661 307 3740 ὡς
330 3661 472 3749 ποίμνιον
495 3662 699 3749 συγγενείας].
716 3659 753 3726 ‘0
770 3663 804 3727 δὲ
820 3663 903 3748 Erip·
948 3665 1075 3729 fectum
1102 3667 1200 3730 illum
1227 3666 1388 3731 efficiunt.
1415 3667 1567 3750 [Aquila:
1598 3671 1698 3733 roret

154 3789 276 3853 μαχος·
299 3767 395 3846 Τάξει
417 3767 459 3844 ὡς
482 3766 610 3853 ποίμνια
629 3769 686 3844 τὰς
709 3767 901 3852 συγγενείας,
946 3771 1034 3837 sicta
1047 3771 1129 3834 crite
1151 3769 1372 3852 cognatioreesl,
1397 3772 1619 3853 Symmachus
1641 3791 1697 3836 ve·

153 3874 210 3948 τόις
226 3873 312 3936 κατὰ
334 3871 439 3949 πόλεις
461 3873 515 3935 καὶ
537 3871 645 3958 χώρας
668 3872 849 3955 ἐκκλησίας,
866 3872 904 3937 ἐκ
948 3890 1002 3937 ro:
1026 3875 1154 3939 Stctoet
1167 3875 1254 3938 sicot
1275 3876 1375 3938 critic
1390 3877 1611 3957 coemtionem
1635 3877 1698 3941 sci·

155 3975 312 4060 διαφόρων
325 3985 522 4053 συνεστῶτας
534 3985 728 4061 συγγενειῶν.
747 3975 857 4042 Ταῦτα
869 3975 904 4039 δὲ
948 3979 1027 4041 licet
1042 3978 1201 4041 ecclesias
1224 3997 1283 4060 per
1298 3980 1454 4042 civitates
1470 3997 1509 4043 ac
1536 3983 1694 4058 regiones

150 4079 310 4165 μέλλοντα
326 4079 452 4174 ἐσεσθαι
468 4081 504 4144 οῦ
528 4101 593 4157 πως
609 4079 644 4144 δέ
659 4083 744 4144 κατὰ
759 4081 812 4144 τόν
828 4081 903 4165 ἐνῷ
949 4099 990 4145 ex
1026 4083 1169 4147 diversis
1199 4083 1460 4161 cognationibus
1492 4090 1695 4149 constantes.
1751 4117 1767 4144 α

25 4191 31 4206 “
153 4181 371 4268 προυρήτευσε
408 4188 527 4269 καιρόν,
558 4187 635 4251 ὄντα
669 4183 902 4271 προεθέσπισεν.
947 4187 1027 4249 Haec
1041 4189 1155 4249 autem
1171 4185 1286 4249 futura
1304 4187 1508 4250 vaticinatus
1524 4192 1584 4266 est,
1600 4187 1692 4250 haud

154 4287 207 4352 Διό
224 4309 338 4373 φησιν·
534 4296 547 4325 ·
947 4296 1103 4371 respectu
1115 4290 1157 4353 ed
1169 4297 1302 4371 tempus
1315 4293 1350 4354 in
1366 4308 1433 4372 quo
1445 4291 1516 4355 liaeo
1531 4290 1693 4372 praedicit,

946 4395 1010 4459 sed
1025 4397 1204 4476 praesentia
1219 4403 1422 4476 auguratus,
1439 4397 1514 4461 ideo
1528 4397 1637 4461 addit:

189 4544 217 4582 v.
230 4525 273 4598 37,
286 4527 331 4582 θθ.
343 4529 411 4584 Vct.
421 4529 446 4599 4,
459 4529 484 4585 5.
497 4528 609 4586 Eadem
618 4529 713 4586 fusius
726 4531 843 4588 ornavit
852 4531 903 4586 Di·
946 4527 1035 4600 xeple
1047 4527 1084 4582 ci.
1097 4525 1190 4583 Field.
1210 4545 1243 4598 11,
1255 4529 1316 4598 264,
1331 4527 1382 4601 qni
1394 4533 1510 4584 tentum
1527 4547 1564 4585 ex
1582 4530 1698 4602 syriaco

154 4613 268 4685 dymno,
282 4613 352 4685 quin
364 4619 471 4686 tamen,
484 4615 515 4670 id
534 4613 612 4687 quod
625 4615 795 4689 optaverim,
808 4615 903 4687 magis
946 4614 1044 4670 infine
1054 4615 1205 4688 supplevit
1214 4618 1247 4669 δι’
1256 4619 1373 4681 ἀνοδίας.
1384 4615 1469 4672 Unde
1479 4615 1700 4687 disquirendum

153 4698 307 4771 perspicue
329 4700 522 4758 declaraverit
543 4699 617 4756 illud
639 4701 717 4772 quod
738 4701 841 4757 habet:
850 4703 904 4756 ‘aa
946 4707 1046 4757 utrum
1057 4700 1162 4756 melius
1175 4700 1215 4756 sit
1227 4718 1280 4774 pro
1293 4705 1410 4768 διανοίας
1423 4701 1555 4758 dividere
1574 4708 1604 4758 et
1622 4702 1700 4774 lege·

152 4791 202 4853 τῆς
213 4791 265 4840 τῶν
279 4789 434 4841 ἀποστόλων
444 4793 623 4856 παραδόσεως.
634 4787 779 4844 Caeterum
790 4805 849 4843 non
859 4805 903 4844 se·
946 4807 992 4845 re:
1002 4791 1035 4842 δι’
1045 4792 1146 4852 ἀνοίας.

154 4871 213 4926 mel
226 4870 368 4942 Origenes
381 4873 487 4933 alludit
499 4873 537 4929 ad
550 4874 691 4946 quasdam
703 4874 903 4948 apostolorum
981 4891 1010 4932 v.
1023 4875 1066 4930 41.
1079 4875 1146 4930 Vnt
1163 4873 1188 4929 5.
1201 4873 1237 4928 In
1247 4873 1329 4929 codd.
1339 4874 1450 4930 nostris
1467 4872 1650 4931 desideratur
1658 4875 1699 4932 A·

153 4959 293 5024 διατάξεις,
306 4958 368 5015 sive
381 4976 516 5030 cenonas,
529 4961 592 5016 sive
605 4959 788 5017 traditiones.
947 4962 1034 5034 quiin,
1048 4959 1098 5033 qui
1107 4959 1196 5015 toties
1209 4959 1285 5015 solet
1296 4959 1410 5033 praeire,
1420 4960 1535 5033 quoties
1549 4963 1697 5034 sequitur:

190 5063 218 5102 v.
240 5045 284 5100 40.
299 5045 365 5102 Vnt.
384 5047 409 5101 4.
423 5047 495 5115 Qnae
513 5047 711 5119 conglobatim
728 5047 904 5121 perstrinxit
946 5051 1159 5116 δδσΣῦμμαχος.
1169 5044 1205 5101 cf.
1217 5047 1361 5102 Eusebius
1371 5063 1408 5102 ex
1418 5063 1475 5118 quo
1485 5046 1694 5122 Hexaplasnp·

154 5133 339 5206 Heracleote,
352 5135 499 5210 excerpsit
517 5152 587 5195 vero
606 5135 760 5194 Eusebius.
778 5135 825 5194 Ad
842 5138 902 5196 He·
945 5137 1072 5210 plentur,
1085 5133 1286 5192 consentiente
1299 5133 1466 5192 Thodoreto
1476 5134 1635 5208 apudFiel.
1648 5136 1667 5192 l.
1678 5135 1697 5191 l.
