4044 6104
291 455 358 524 432
971 459 1181 528 ORIGENES

295 597 379 682 ρίους
401 597 570 686 ἐργάζεται
592 599 642 668 ἀεί
664 609 837 682 πεινῶντας
850 602 907 670 καὶ
929 601 1041 688 διψῶν·
1087 621 1155 668 σου
1180 599 1415 682 saturitatem
1432 595 1505 680 ejus
1529 595 1620 662 enim
1652 591 1752 658 arrha
1779 595 1840 673 est,

292 694 351 781 ’τας
366 702 649 793 τηνδικαιοσύνην.
1086 725 1163 789 quae
1178 706 1294 770 beatos
1319 721 1376 770 eos
1392 703 1497 768 efficit
1526 703 1586 784 qui
1608 717 1742 784 semper
1766 717 1842 764 esu-

1087 812 1182 876 riunt
1196 813 1231 874 et
1246 810 1368 874 sitiunt
1378 807 1559 889 justitiam.

874 1021 1046 1102 Ρεοίοιιιο
1070 1016 1268 1100 XXXIV.
1325 1015 1334 1030 '

336 1267 369 1314 v.
388 1249 416 1314 1.
436 1245 596 1330 Ὗπόθεσις
612 1249 777 1319 Εύοεύίου.
799 1248 970 1318 Ἐδιύκιτο
987 1250 1044 1337 μὲν
1087 1247 1324 1336 μαστιζόμενον,
1347 1243 1509 1333 κραταίως
1531 1243 1627 1321 αύτδς
1648 1239 1839 1308 παιδεύεται.

292 1357 381 1440 παρά
401 1364 458 1420 τοῦ
480 1355 588 1422 Σαούλ
602 1358 657 1423 καὶ
679 1367 741 1424 τῶν
763 1360 820 1424 σὺν
840 1357 935 1444 αύτῷ,
957 1355 1044 1422 καθά
1087 1352 1261 1439 Τετάρτην,
1276 1353 1312 1416 τὸ
1334 1355 1388 1418 τόν
1404 1345 1470 1438 βίον
1493 1349 1604 1435 λοιμοῦ
1626 1348 1682 1412 καί
1695 1345 1789 1412 νόσου
1804 1342 1841 1408 ἀ-

293 1460 350 1524 καί
363 1460 416 1525 διὰ
429 1468 486 1525 τοῦ
508 1459 722 1546 προλαόόντος
738 1461 865 1549 ψαλμοῦ
884 1459 1041 1546 ίδηλύθη.
1085 1455 1286 1522 παλλάττειν.
1303 1454 1465 1542 Πίμπτην,
1485 1455 1536 1520 ίνα
1552 1455 1596 1539 μὴ
1609 1452 1667 1518 καί
1682 1449 1774 1516 ἀλλοι
1784 1449 1840 1513 σύ·

292 1559 385 1649 Πλὴν
395 1565 432 1629 ού
442 1572 543 1630 πάσαι
554 1573 608 1630 νῦν
619 1567 692 1650 περὶ
703 1565 815 1632 τούτου
827 1553 998 1652 πρέπουσιν
1008 1563 1042 1629 αἱ
1084 1569 1129 1647 τῷ
1144 1559 1371 1647 μαθητευθῦσι,
1390 1560 1448 1636 τάς
1464 1552 1691 1644 ἐπενεχθείσας
1712 1552 1839 1639 πληγάς

292 1668 403 1751 φωναί,
420 1665 580 1752 φήσαντος
598 1677 655 1734 τοῦ
671 1666 785 1734 Δαυίδ·
806 1665 847 1735 Et
862 1665 1041 1735 ἀνταπίδω-
1083 1661 1283 1750 φοόηθίντες.
1303 1655 1436 1749 Ἐκτην,
1463 1663 1514 1727 ίνα
1537 1663 1580 1747 μὴ
1604 1653 1715 1726 είπωσί
1735 1661 1835 1734 τινες·

290 1791 335 1836 κα
349 1781 414 1850 τοῖς
430 1771 671 1840 ἀνταποδιδοῦσί
685 1796 738 1862 μοι
752 1775 857 1841 κακά·
872 1783 1040 1860 τοιγαροῦν
1083 1767 1152 1835 Ποῦ
1167 1769 1251 1834 ἐστιν
1267 1769 1284 1834 ό
1300 1766 1381 1845 Θεὸς
1403 1775 1459 1833 τοῦ
1474 1763 1588 1850 Δαυίδς
1612 1765 1655 1851 μὴ
1672 1763 1766 1829 αύτδν
1781 1761 1833 1826 ἐκ·

290 1871 440 1960 ἐφείσατο
462 1875 626 1962 πολλάκις,
650 1877 711 1944 ύπό
735 1886 830 1965 χεῖρα
854 1876 960 1943 λαόιλιν
985 1879 1039 1942 τόν
1083 1872 1234 1939 δικεῦκαὶ
1252 1871 1356 1952 σύζει.
1372 1869 1442 1936 Ούκ
1463 1872 1531 1936 ίστι
1544 1871 1607 1954 γάρ
1622 1865 1764 1951 σωτηρία
1778 1863 1834 1930 αύ-

290 1974 408 2064 Σαούλ,
433 1980 513 2044 ὥστε
536 1979 656 2065 μᾶλλον
677 1983 749 2067 περὶ
769 1991 831 2048 τῦν
852 1991 910 2069 τῆς
933 1981 1040 2067 ψυχης
1083 1985 1140 2042 τοῦ
1154 1975 1187 2042 ἐν
1201 1984 1247 2062 τῷ
1257 1974 1329 2060 Θεῷ
1344 1976 1451 2041 αύτοῦ.
1468 1971 1698 2058 Πολεμηθηναι
1711 1970 1747 2035 δὲ
1761 1971 1854 2062 τούς.

289 2080 447 2169 πολεμίων
469 2081 643 2170 άρμόσειεν.
668 2085 752 2171 Πρὸς
775 2087 829 2164 οὓς
856 2086 962 2172 πάσης
985 2086 1039 2152 άν-
1082 2080 1299 2167 πολεμοῦντας
1316 2081 1460 2166 εῦχεται,
1477 2077 1538 2164 οὐχ
1552 2076 1595 2156 ύς
1611 2073 1837 2162 μισάνθρωπος,

289 2183 445 2272 θῦωπίνῦς
470 2185 662 2274 ἀσθενούσης
687 2189 858 2277 δυνάμεως,
881 2195 959 2277 πρὸς
981 2193 1036 2258 τόν
1083 2185 1154 2252 ἀλλ’
1165 2185 1208 2265 ὡς
1230 2185 1453 2273 μισοπόνηρος.
1483 2182 1628 2266 Δίκασον,
1644 2179 1753 2265 Κύριε.
1771 2177 1840 2243 Ka-

288 2298 352 2356 τῦν
374 2291 456 2357 ύλων
478 2290 607 2372 εἰκότως
639 2295 834 2383 καταφεύγει
860 2296 951 2365 Θεόν.
979 2295 1040 2363 Ἐκ
1082 2290 1123 2377 λὴ
1140 2299 1202 2357 τῶν
1224 2287 1434 2377 είρημὲνωνή
1465 2286 1551 2367 τᾰξῑς
1565 2288 1621 2351 καὶ
1644 2295 1684 2371 τθ
1700 2287 1781 2349 ⁰51⁰)
1795 2283 1839 2347 δί’

289 2393 460 2478 προσύπου
475 2403 531 2460 τοῦ
546 2396 731 2475 πεποιθότος
753 2401 803 2466 ἐπὶ
818 2402 873 2466 τὸν
888 2399 970 2468 Θεὸν
984 2401 1040 2465 καί
1084 2393 1178 2468 καίου
1200 2395 1366 2481 πρέπουσα
1387 2401 1569 2480 προσευχῇ·
1591 2394 1692 2478 ότησῑ
1713 2391 1775 2476 γὰρ
1789 2389 1833 2453 &-

289 2495 526 2584 πολεμουμένου
552 2498 612 2565 ύπδ
639 2510 701 2567 τῦν
726 2501 856 2589 ἀφανῶν
877 2503 1039 2592 δυνάμεων
1083 2501 1181 2567 κάσαι
1196 2499 1348 2586 πρότερον
1363 2500 1417 2566 τὸν
1432 2507 1493 2564 τῶν
1508 2499 1590 2566 δλων
1605 2496 1697 2579 Θεὸν,
1712 2496 1767 2560 καί
1781 2493 1832 2560 τό·

290 2603 333 2668 τά
354 2598 546 2689 προκείμενα
560 2602 656 2690 λέγει,
679 2609 702 2694 η
725 2608 764 2673 ἐκ
777 2619 834 2674 τοῦ
856 2617 956 2696 χοροῦ
978 2619 1040 2677 τῦν
1084 2613 1188 2692 τετης
1199 2601 1348 2692 τιμωρίας
1364 2603 1545 2689 ἐπενεγκεῖν
1559 2603 1619 2686 την
1633 2602 1749 2686 ψῆφον.
1766 2601 1833 2666 Vat.

290 2705 486 2773 ἀποστόλων.
509 2706 683 2796 Είσάγεται
697 2710 733 2776 δὲ
754 2711 810 2778 καί
824 2719 880 2778 τοῦ
902 2713 1041 2798 Χριστοῦ
1087 2711 1188 2794 7,16.

289 2809 468 2895 πρόσωπον,
484 2811 525 2876 τά
539 2811 591 2876 ἐπὶ
605 2821 649 2899 τῷ
670 2812 765 2879 πάθει
779 2817 866 2900 παρὰ
886 2825 949 2885 τῦν
963 2815 1041 2884 'Iou-
1128 2833 1160 2880 v.
1177 2816 1208 2880 4.
1223 2811 1415 2901 Αίσχυνθείη
1422 2832 1484 2878 σαν
1496 2811 1553 2876 καί
1564 2805 1801 2893 ἐντραπείησαν.

290 2912 386 2981 δαίων
415 2915 459 2993 είς
484 2916 580 2981 αυτόν
610 2917 808 3004 γεγενημένα
833 2919 1040 3009 διηγούμενον
1127 2917 1377 3005 Κατάλληλοςὴ
1398 2915 1539 3003 αἰσχύνη
1562 2919 1628 2990 τοῖς
1649 2917 1835 2996 κερτομοῦσι

290 3019 369 3103 πρὸς
384 3018 546 3104 ὑπομονὴν
560 3020 616 3085 καὶ
630 3018 799 3107 καρτερίαν
811 3032 872 3090 τῶν
884 3025 1039 3112 πολεμου·
1082 3025 1156 3101 τοὺς
1170 3021 1287 3102 πύλας·
1301 3022 1349 3088 διδ
1364 3030 1428 3100 τοῖς
1444 3017 1579 3099 ἀλαζόσι
1599 3018 1655 3084 καὶ
1679 3013 1835 3103 μεγαλομ-

292 3121 393 3210 μίνων
407 3122 461 3188 διά
475 3122 622 3208 Χριστόν.
646 3126 814 3208 Υοίίο.10,
833 3131 884 3193 14.
1083 3125 1198 3214 ῥημοσι
1220 3137 1320 3193 ταῦτα
1350 3125 1368 3191 ὁ
1389 3121 1557 3212 προφήτης
1580 3121 1758 3208 ὶπηύξατο·
1780 3121 1836 3185 καί

334 3245 367 3292 v.
383 3229 414 3291 2.
431 3224 605 3311 Ἀστερίου.
622 3227 667 3293 Τὸ
682 3230 895 3316 κατεύχεσθαι
909 3239 971 3298 τῦν
986 3231 1040 3320 ἐχ·
1083 3242 1185 3299 ταῦτα
1198 3232 1250 3298 ίπί
1271 3241 1328 3298 τοῦ
1343 3239 1484 3316 σωτηρος
1506 3230 1542 3293 τό
1562 3225 1660 3312 πίρας
1682 3221 1830 3304 ίδίξατο·

290 3327 371 3418 θρῦν
386 3329 425 3394 δι’
435 3328 469 3410 ἓξ
489 3328 590 3410 αἰτίοις
612 3334 707 3418 φασί·
730 3331 823 3417 Μίαν,
840 3333 1039 3422 βελτιοῦσθαι
1084 3334 1119 3416 ἐξ
1134 3335 1258 3403 ἐκείνου
1272 3336 1334 3423 γάρ
1350 3336 1405 3400 καί
1420 3335 1464 3413 είς
1487 3333 1580 3419 δεῦρο
1595 3341 1651 3398 τοῦ
1666 3329 1782 3417 χρόνου
1796 3327 1833 3393 ἀ·

288 3438 362 3513 τοὺς
376 3433 509 3520 ἐχθροὺς
525 3432 730 3523 βουλόμενος·
745 3438 842 3503 τύπτε
856 3441 918 3526 γάρ
934 3440 1039 3507 ἀδόκι-
1082 3437 1260 3526 πεόόιμύνοι
1285 3442 1340 3505 καί
1369 3439 1545 3526 ἀπόβλητοι
1574 3436 1783 3522 τυγχάνουσιν
1804 3433 1835 3498 οί

290 3560 348 3626 μον
360 3539 516 3626 ἀργύριον,
524 3541 578 3604 καὶ
585 3538 862 3627 καθαρισθηοεται.
870 3543 1036 3630 Δεοτέραν,
1081 3543 1181 3610 πάλαι
1196 3552 1355 3630 κομῶντες
1372 3545 1423 3610 ἐπί
1446 3541 1574 3618 πολλοῖς
1588 3537 1789 3626 χαρίσμασιν,
1805 3535 1835 3600 οἱ

288 3643 340 3708 ίνα
354 3643 416 3708 ύδε
431 3640 651 3728 μαστιζόμενοι
664 3646 720 3710 καὶ
730 3645 969 3734 πολεμούμενοι,
982 3671 1036 3714 κο·
1081 3648 1116 3713 δὲ
1130 3649 1184 3714 τόν
1199 3646 1251 3713 ὑπ’
1262 3649 1365 3713 αύτῦν
1388 3641 1586 3732 ἀνηρημάνον
1600 3637 1834 3726 παραδεδεγμέ-

288 3746 429 3833 φύτερον
443 3745 636 3832 πειρασθῦσι
648 3757 706 3834 τῆς
722 3747 848 3815 αἰωνίου
863 3751 1036 3831 κολάσεως.
1080 3775 1127 3819 νοι
1142 3763 1206 3832 τοῐς
1221 3756 1274 3819 τόν
1289 3755 1341 3819 ἐπὶ
1357 3753 1482 3819 πάντων
1497 3747 1659 3816 εύσεύοῦσι
1681 3745 1771 3830 Θεὸν,
1788 3747 1832 3811 ὧν

289 3847 416 3937 Τρίτην,
432 3851 484 3916 ίνα
505 3858 574 3928 ταῖς
595 3850 715 3917 τούτων
738 3852 899 3940 μάστιγξιν
921 3853 1038 3935 ἀλλους
1083 3859 1140 3944 μὲν
1154 3865 1259 3943 χαράς
1274 3853 1391 3942 ἡμέραι
1405 3854 1610 3940 πληροῦνται,
1628 3850 1658 3915 οί
1673 3849 1709 3914 δὲ
1723 3849 1836 3936 σίσχύ-

287 3955 493 4041 παιδεύηται·
516 3957 693 4042 πανουργδς
721 3959 783 4042 γάρ
814 3957 887 4024 ίδὼν
914 3960 1038 4046 άφρονσι
1083 3983 1141 4048 νην
1156 3947 1343 4046 ἐκτήσαντο.
1368 3962 1467 4029 Vatic.
1483 3961 1514 4024 ’1.

323 4143 373 4200 Pu.
386 4160 494 4204 πων.
505 4142 669 4202 Defloiento
681 4146 778 4203 Vatio.
791 4147 834 4218 13,
847 4149 874 4205 εἰ
886 4151 1038 4224 emperia
1083 4153 1292 4210 commentario
1309 4149 1474 4208 redhibere.
1486 4145 1554 4205 Ησσ
1570 4153 1671 4204 tamen
1691 4143 1835 4202 adductus

289 4237 404 4288 οπεόασι
414 4231 559 4302 laciniam,
577 4232 678 4288 emtori
690 4231 808 4304 quidem
821 4235 887 4294 θεά.
901 4236 926 4308 ’1,
939 4239 981 4307 10,
995 4239 1038 4307 14,
1083 4244 1130 4296 σεε
1140 4237 1284 4309 Asterius,
1294 4236 1346 4310 qui
1356 4234 1475 4294 videtur
1493 4234 1582 4292 solita
1600 4232 1723 4290 Eusebii
1742 4229 1836 4290 verba

288 4318 323 4374 16
334 4316 461 4392 plurima
470 4316 631 4391 pmbuere,
644 4316 697 4374 sed
706 4318 855 4394 incompta
867 4327 899 4378 et
910 4322 1035 4380 dissolu·
1082 4341 1233 4399 usurpare,
1255 4332 1287 4382 et
1308 4325 1453 4382 solemnes
1474 4321 1612 4394 origenis
1629 4318 1769 4377 reffiom
1790 4317 1834 4374 di·

287 4409 328 4476 όο,
340 4421 406 4475 quae
418 4404 512 4461 satius
524 4403 622 4463 visum
643 4410 690 4462 εει
700 4405 831 4464 breviter
849 4413 880 4465 σε
891 4408 956 4466 sine
977 4411 1038 4468 ullo
1082 4411 1265 4468 stinotiones.

879 4601 1049 4685 Ρεοίοιιιε
1072 4603 1245 4687 XXXV.

331 4817 364 4863 v.
382 4799 431 4862 13.
447 4793 539 4862 Ἐκεῖ
558 4798 677 4862 ίπεσαν
699 4794 729 4862 οί
751 4795 958 4885 ἐργαζόμενοι
979 4801 1038 4887 τὴν
1126 4823 1158 4870 ν.
1178 4805 1227 4868 13.
1244 4797 1492 4870 macenorum
1504 4799 1563 4884 qui
1576 4801 1751 4883 operantur
1763 4797 1830 4865 τ’κί·

319 4989 370 5047 Pu.
383 5007 514 5062 mm,
527 4989 569 5046 13.
581 4990 649 5046 Vnt,
663 4989 707 5046 13.
719 4990 752 5047 si
762 4990 829 5064 quis
838 4991 876 5049 εδ
890 5009 958 5068 pag.
977 4994 1038 5052 6ου
1083 5011 1117 5050 σε
1127 4991 1219 5051 verbo.
1229 4989 1349 5048 referat.
1362 4989 1400 5048 σί.
1412 4989 1527 5047 Μεύάλ.
1545 4987 1737 5061 vm,12,Job
1754 5005 1774 5060 1,
1785 4987 1830 5058 21,

284 5077 490 5148 θτενετιοόοτ,
503 5075 587 5132 oculo
599 5080 631 5132 εί
641 5093 730 5132 manu
742 5078 878 5151 tetigerit
889 5079 1035 5152 quomodo
1079 5081 1129 5136 Ρε.
1141 5096 1207 5148 m,
1222 5079 1264 5149 17,
1283 5077 1325 5134 19.
1344 5077 1495 5134 Praetem
1511 5075 1544 5134 in
1561 5075 1663 5132 eodem
1679 5075 1775 5133 Vatia.
1795 5075 1829 5132 13

283 5163 429 5224 Eusebius
438 5163 575 5238 origenis
582 5180 643 5221 non
651 5165 779 5238 vestigia
791 5171 915 5240 tantum,
927 5168 980 5226 τεά
991 5167 1034 5244 ip-
1080 5166 1231 5241 sequentia
1242 5164 1408 5225 invenimus
1420 5163 1618 5240 conglobatim
1629 5163 1668 5222 ειί
1680 5181 1755 5224 νοτε.
1769 5165 1794 5220 1.
