3966 6108
849 467 1057 530 susumus
1282 539 1284 542 ¹
1657 469 1722 534 489

167 613 213 690 τῷ
227 603 393 690 άνθρώπῳ·
404 607 460 670 καί
471 603 625 692 έπιτάγει,
638 603 685 668 ὅτι
695 602 862 690 προφήτης
874 605 924 670 έσ-
970 607 1082 671 verbis
1097 614 1260 673 consonat
1275 627 1421 691 praesens
1446 611 1481 674 in
1505 610 1663 676 manibus
1685 629 1719 673 ο-

168 729 215 774 τιν
230 711 286 774 καὶ
308 708 431 790 εὔξεται
446 706 517 794 περί
540 730 606 774 σου.
624 705 666 798 ’ῼ
683 711 737 774 καί
762 710 843 795 μετὰ
857 717 924 796 χεῖ·
971 712 1136 791 racnlum,
1153 730 1294 777 monens
1309 715 1418 777 Deum
1442 715 1567 779 dixisse
1583 715 1637 778 his
1657 715 1717 795 qni

167 833 226 898 ρας
240 813 347 900 λόγιον
363 820 531 900 συμφωνεῖ,
548 813 672 897 φάσκον
692 812 853 898 εἰρηκέναι
867 817 922 879 τὸν
970 819 1052 879 tunc
1078 816 1219 880 insidias
1246 817 1425 880 nectebant
1448 818 1483 882 iu
1508 834 1574 880 eos:
1605 817 1716 882 Nolite

167 917 250 986 Θεὰν
264 927 329 996 τοῖς
353 918 425 984 τότε
440 916 699 984 έπιὸουλεύσασιν
720 919 844 997 αυτοῖς·
866 916 921 1003 Μὴ
969 924 1100 1002 lanam
1114 921 1252 986 christos
1266 937 1360 1000 meos,
1379 937 1479 1004 ιιοριιο
1500 921 1538 985 in
1549 921 1719 1001 prophetia

167 1022 294 1108 άψησθε
309 1033 370 1090 των
389 1031 526 1109 χριστῶν
551 1044 621 1108 μου,
638 1024 693 1088 καί
707 1021 741 1088 έν
763 1031 829 1098 τοῖς
849 1042 926 1105 προ-
968 1025 1051 1088 mcir
1069 1028 1165 1090 estote
1176 1024 1325 1106 ικοίίμκί.
1342 1027 1417 1090 Huc
1430 1024 1487 1088 ubi
1502 1026 1667 1105 pervenit,
1678 1025 1723 1088 si·

166 1126 282 1212 τρηταις
299 1149 358 1214 μου
374 1129 418 1214 μὴ
435 1126 662 1212 πονηρεύεσθε.
677 1127 782 1194 Ἔνθα
797 1126 926 1212 γενάμε·
969 1127 1148 1204 gnificavit
1166 1130 1340 1210 Scriptura
1351 1145 1494 1192 curnam
1508 1127 1652 1192 christos
1664 1145 1720 1190 eos

164 1252 227 1313 νος,
253 1229 425 1316 σημειώσει
446 1229 519 1297 τίνα
542 1231 658 1316 τρόπον
679 1231 697 1296 ὰ
721 1230 815 1316 λόγος
837 1237 926 1317 χρισ·
969 1237 1074 1311 vocet,
1094 1235 1153 1314 qui
1169 1232 1212 1295 ad
1223 1232 1393 1312 Abraham
1405 1233 1587 1313 pertinent,
1604 1248 1721 1313 quam-

163 1338 239 1414 τοὺς
255 1337 371 1414 αὐτοὺς
386 1333 527 1414 ἐκείνους
538 1337 612 1412 τοὺς
624 1337 695 1421 περὶ
708 1339 763 1402 τὸν
774 1332 924 1421 Ἀδραὰμ
968 1337 1020 1400 vis
1042 1337 1195 1400 sensibili
1219 1337 1291 1400 oleo
1311 1338 1508 1400 nullatenus
1532 1337 1627 1400 uncti
1650 1335 1721 1398 fuc-

164 1439 268 1520 καλεῖ,
292 1439 396 1504 καίτοι
421 1439 563 1524 αἰσθητῷ
579 1437 675 1523 ἐλαίῳ
699 1439 847 1526 μηδαμοῦ
870 1459 923 1502 κε·
967 1441 1046 1520 rint,
1071 1457 1182 1520 neque
1201 1439 1304 1520 juxta
1327 1442 1510 1504 mosaicam
1535 1441 1647 1519 legem
1666 1457 1720 1504 vc-

164 1543 363 1630 χρισμένους,
389 1544 473 1630 μηδέ
497 1545 581 1610 κατὰ
596 1546 650 1610 τὸν
666 1541 805 1612 Μωυσέα
826 1542 923 1630 νόμον
966 1544 1031 1606 luti
1058 1547 1169 1608 Aaron
1200 1544 1319 1608 christi
1349 1547 1428 1609 sint.
1462 1543 1642 1608 Undenam
1666 1561 1721 1608 ve·

167 1645 282 1733 ὁμοίως
313 1654 357 1732 τῷ
386 1646 513 1732 Ἀαρὼν
542 1649 690 1732 χριστοὺς
722 1647 919 1732 γενομένους.
966 1665 1003 1710 ro
1018 1649 1086 1712 alio
1102 1649 1172 1712 ritu
1188 1649 1308 1712 christi
1324 1647 1405 1713 facti
1426 1653 1518 1728 sunt,
1542 1650 1608 1712 nisi
1631 1666 1722 1712 com·

165 1749 269 1818 Πόθεν
291 1753 347 1817 οὖν
374 1749 508 1816 ἄλλοθεν
530 1750 698 1838 γεγόνασιν
724 1751 866 1836 χριστοί,
897 1751 919 1836 η
966 1754 1128 1818 munione
1145 1754 1246 1817 Verbi
1263 1755 1335 1833 Dei,
1360 1755 1419 1836 qni
1444 1753 1526 1835 ipsis
1550 1756 1717 1836 apparuit,

165 1855 229 1920 άπὸ
245 1865 302 1941 τῆς
318 1865 458 1941 μετοχῆς
473 1865 530 1920 τοῦ
545 1853 699 1941 φανέντος
714 1857 820 1932 αὐτοῖς
836 1854 920 1922 Θεοῦ
965 1873 1069 1937 quem
1092 1857 1314 1935 unigenitum
1338 1875 1412 1922 esse
1431 1858 1556 1921 Filium
1570 1856 1720 1920 credide·

164 1941 281 2046 Λάγου,
298 1960 403 2026 ὅντινα
425 1961 505 2024 εῖναι
519 1963 573 2024 τὸν
593 1968 750 2046 μονογενῇ
768 1958 850 2025 Ὑιὰν
866 1980 920 2024 πε-
963 1961 1067 2022 τουτί

163 2063 401 2148 πιστεύκαμενς

207 2188 239 2232 ν.
257 2170 309 2232 23.
325 2165 391 2231 Καὶ
413 2166 559 2253 είσηλθεν
581 2165 714 2253 Ἰσραὴλ
737 2169 781 2244 εἰς
796 2166 917 2253 Alpon-
1006 2188 1038 2233 ν.
1061 2171 1114 2234 23.
1130 2170 1176 2234 nc
1188 2169 1299 2234 Israel
1318 2170 1460 2234 introvit
1473 2170 1511 2234 in
1525 2171 1715 2252 AE'qpplttm,

162 2291 226 2352 τον,
243 2271 297 2335 καὶ
313 2267 429 2335 Ἰακὼὸ
447 2269 639 2355 παρῴκησεν
655 2269 688 2334 ἐν
704 2279 746 2356 γη
763 2270 851 2355 Χάμ.
961 2275 993 2338 εί
1005 2271 1100 2338 Jacob
1113 2271 1274 2338 Ιιοὰίίοοίί
1287 2274 1325 2336 in
1341 2276 1431 2338 terro
1451 2274 1559 2340 Clam.

207 2373 365 2458 ΥίοίΝωε,
379 2375 462 2461 Σημ,
476 2374 565 2460 Χὰμ,
576 2373 696 2463 Ἰάφεθ·
713 2383 769 2440 τοῦ
782 2375 817 2439 δὲ
828 2375 916 2463 Χὰμ,
1005 2378 1083 2441 Filii
1103 2379 1172 2442 Noc
1194 2381 1276 2440 sunt
1291 2381 1378 2457 Sem,
1402 2378 1507 2442 cham
1524 2379 1716 2460 misphat,

161 2477 307 2561 Χαναὰν,
319 2478 455 2546 Χαναὰν
467 2479 502 2543 δέ
514 2476 665 2563 ἐγέννησε
680 2482 734 2544 τὸν
746 2477 916 2564 Μιστραίμ,
961 2481 1080 2545 Chami
1096 2486 1210 2546 autem
1224 2481 1317 2546 filius
1329 2482 1501 2562 chanaam
1515 2488 1550 2546 et
1558 2482 1718 2548 chanaan

163 2583 198 2660 ὃς
213 2583 419 2668 ἑρμηνεύεται
434 2581 605 2669 Αἴγυπτος,
628 2582 682 2668 ἀφ’
695 2583 732 2647 οὑ
747 2580 838 2666 καὶὴ
855 2591 917 2668 xta
961 2587 1083 2662 genuit
1097 2587 1256 2666 Misra'im,
1275 2586 1336 2667 qui
1352 2589 1597 2668 interpretatur
1614 2591 1721 2670 AEgy-

163 2709 204 2772 ρα
219 2685 385 2772 κέκληται.
406 2681 485 2753 'Ore
507 2675 609 2752 τοίνυν
632 2687 778 2772 είσηλθεν
799 2684 916 2752 ’lasne
959 2694 1048 2769 ptus,
1061 2706 1103 2753 ex
1117 2705 1185 2771 quo
1203 2691 1307 2752 etiam
1323 2707 1448 2754 nomeu
1465 2691 1561 2770 regio
1576 2692 1716 2772 accepit.

160 2793 205 2870 είς
217 2790 388 2879 Αἴγυπτον,
404 2791 512 2869 καλῶς
530 2793 672 2876 εἴρηται·
687 2788 916 2876 παρῳκηκέται
959 2790 1098 2868 Quando
1106 2809 1189 2871 crgo
1197 2795 1218 2856 J
1220 2793 1302 2856 acob
1311 2793 1465 2858 introivit
1472 2795 1508 2857 in
1516 2797 1718 2887 egyptum,

162 2897 196 2963 έν
219 2906 262 2983 γη
285 2896 374 2982 Χὰμ.
398 2894 493 2973 Εἰκὸς
515 2897 577 2980 γὰρ
594 2895 672 2980 Χὰμ
686 2894 816 2960 πάππον
839 2895 916 2960 ὄντα
958 2901 1048 2962 recte
1070 2897 1199 2961 dictum
1217 2900 1267 2960 est
1289 2913 1369 2960 cnm
1388 2897 1559 2962 habitasse
1575 2899 1610 2962 in
1625 2903 1717 2962 terra

163 3011 222 3067 τοῦ
250 3000 410 3086 Μιστραίμ
438 3001 473 3066 ἐν
499 2997 651 3085 Αἰγύπτῳ
680 2997 914 3083 κατῳκηκέναι,
958 3003 1073 3067 cham.
1089 3004 1176 3066 Vero
1195 3002 1287 3066 enim
1311 3002 1422 3064 simile
1438 3004 1500 3082 est,
1523 3019 1601 3066 cum
1623 3001 1669 3064 sit
1684 3019 1719 3066 a·

163 3115 220 3170 roo
236 3105 370 3171 Χαναὰν
396 3105 448 3168 ἐπὶ
466 3113 524 3189 τῆς
547 3113 600 3168 νῦν
623 3101 823 3188 καλουμένης
846 3102 913 3168 Πα-
956 3125 1020 3170 vus
1037 3109 1197 3188 Misraim,
1216 3107 1323 3171 cham
1340 3106 1546 3172 habitavisse
1563 3109 1599 3170 iu
1615 3110 1719 3190 AEgy·

161 3207 339 3294 λαιστηνῶν
359 3207 562 3293 οἰκήσαντος·
577 3207 720 3272 ἐντεῦθεν
735 3203 838 3272 τοίνυν
862 3227 914 3292 με·
956 3217 1024 3292 pto,
1036 3212 1118 3274 dum
1142 3212 1303 3276 Chanaan
1319 3209 1530 3276 domicilium
1546 3213 1667 3276 habuit
1681 3213 1717 3276 in

162 3311 261 3389 ταὸὰς
278 3312 341 3377 άπὸ
363 3321 422 3396 της
444 3309 500 3376 τοῦ
522 3311 657 3377 Χαναὰν
672 3319 743 3396 γης,
767 3310 913 3394 είσηλθεν
957 3318 1098 3394 regione
1110 3335 1203 3379 nuuc
1215 3316 1307 3379 dicta
1319 3316 1509 3378 Palaestina.
1524 3317 1605 3380 Inde
1617 3331 1716 3397 porro

163 3416 393 3501 sichipertus,
415 3417 471 3479 καὶ
492 3413 681 3500 κατῴκησεν
704 3415 737 3480 έν
761 3424 800 3501 τη
822 3412 912 3499 Χάμ.
956 3421 1127 3483 transiens
1149 3439 1170 3482 ιι
1197 3423 1288 3483 terra
1314 3420 1484 3499 chanaan,
1513 3421 1656 3484 intravit
1679 3421 1714 3482 iu

163 3520 220 3599 Τίς
235 3521 269 3586 δέ
286 3520 354 3586 κτλ.
371 3519 452 3586 ndu.
469 3521 526 3587 col.
545 3519 629 3584 1308
650 3521 681 3586 O.
957 3527 1147 3606 AEgyptum
1163 3527 1197 3586 et
1213 3522 1382 3587 habitavit
1396 3525 1433 3588 in
1448 3529 1540 3587 terra
1555 3523 1671 3587 Oham.

206 3646 238 3689 ν.
256 3627 308 3706 26,
325 3627 378 3690 27.
391 3621 613 3702 Ἐξαπέστειλε
624 3620 765 3706 Μωυσῆν
777 3624 831 3687 τὸν
843 3623 914 3688 δοῦ·
1000 3646 1032 3690 v.
1051 3628 1104 3707 26,
1127 3628 1180 3691 27.
1197 3627 1295 3692 uait
1315 3629 1448 3708 Μομεονι
1462 3645 1593 3692 acroam
1619 3645 1716 3692 νοτίαν

163 3728 221 3797 λον
243 3729 351 3810 αὐτοῦ,
375 3729 429 3793 καί
443 3727 569 3812 Ἀαρὼν
592 3728 627 3792 ὃν
651 3725 782 3806 ἐλέξατο
806 3727 911 3810 αὑτὸν,
957 3735 989 3796 εί
1013 3737 1128 3796 Aaron
1149 3748 1242 3812 quem
1257 3732 1353 3814 clepit
1378 3731 1451 3796 cili.
1474 3733 1718 3799 noscitans

162 3833 251 3900 έθετο
274 3835 307 3898 έν
331 3832 438 3909 αὐτοῖς
460 3841 532 3910 τοῦς
555 3830 670 3917 λόγους
692 3839 752 3898 τῶν
775 3830 913 3918 σημείων
955 3835 1050 3902 aerbo
1087 3837 1254 3918 spanum
1284 3853 1417 3900 cuonem
1441 3841 1473 3902 εί
1493 3835 1719 3919 prodipiottmt

164 3938 262 4002 αὐτοῦ
277 3938 333 4002 καί
347 3938 408 4002 τῶν
421 3935 562 4020 τεράτων
577 3935 610 4002 έν
625 3944 667 4021 γη
683 3934 772 4021 Χὰμ.
957 3955 1092 4004 sermm
1107 3942 1146 4004 οἰι
1162 3944 1252 4005 terro
1270 3939 1377 4006 Clam.

207 4040 470 4126 Ἐπιτεμνόμενος
484 4042 544 4126 τὴν
566 4038 715 4124 ἱστορίαν,
731 4041 772 4105 τὰ
788 4041 844 4126 μὲν
860 4061 913 4126 με·
1005 4046 1128 4109 Coesim
1156 4045 1333 4108 historiam
1358 4047 1520 4126 recolens,
1550 4064 1643 4111 nuno
1666 4047 1717 4111 in·

163 4144 239 4225 ταξὺ
255 4143 501 4229 παραλιμπίινει,
513 4145 554 4209 τὰ
565 4145 600 4209 δέ
612 4142 721 4229 καίρια
732 4153 793 4220 των
805 4143 915 4229 διηγη-
957 4149 1121 4230 terposita
1147 4151 1388 4231 pretermittit,
1413 4169 1504 4214 nunc
1535 4152 1718 4216 committit

164 4249 271 4336 μάτων
287 4247 406 4334 τίθησι·
430 4247 536 4314 πάντα
555 4250 617 4334 γὰρ
635 4249 677 4314 τὰ
691 4247 730 4312 έκ
752 4257 808 4313 τοῦ
830 4247 914 4316 Θεοῦ
958 4255 1149 4332 opportuna
1173 4253 1376 4316 narrationi:
1400 4258 1523 4318 cuncta
1537 4257 1628 4319 enim
1651 4256 1714 4319 Dei

162 4356 208 4432 είς
220 4356 333 4431 αὐτοὺς
346 4351 586 4440 εὐεργετήματα
599 4353 775 4438 διαγράφει,
787 4351 843 4418 καί
853 4373 913 4438 φη·
958 4375 1042 4436 erga
1058 4358 1134 4422 illos
1150 4357 1315 4422 beneficia
1341 4363 1502 4438 recenset,
1519 4377 1558 4423 ao
1581 4359 1717 4423 disserit

163 4481 212 4524 σιν
227 4458 269 4537 ὡς
286 4459 365 4543 μετὰ
387 4459 423 4522 τὸ
439 4457 605 4542 αὐτάρκως
628 4460 742 4536 aaron:
765 4457 914 4542 κακωθη-
957 4462 1123 4543 quomodo
1159 4467 1336 4543 postquam
1353 4465 1436 4528 satis
1452 4463 1580 4528 fuerint
1602 4463 1644 4526 ab
1665 4465 1718 4526 Ε·

163 4585 213 4629 νοιι
233 4564 369 4630 ὑπάτων
388 4561 578 4649 Αἰγυπτίων,
602 4573 646 4649 τῷ
669 4563 773 4644 ἀξίους
796 4561 913 4628 τούτων
956 4565 1086 4648 gyptiis
1102 4567 1227 4644 vexati,
1246 4583 1327 4630 cum
1343 4566 1445 4644 digni
1467 4573 1582 4632 essent
1595 4568 1715 4646 salute,

162 4665 320 4753 γενέσθαι,
329 4669 388 4732 οὐκ
400 4669 444 4745 είς
451 4669 581 4788 μακρὰν
593 4667 708 4746 αίντοὺς
718 4665 912 4732 καταλείπει·
956 4685 1024 4732 non
1043 4668 1177 4732 deserat
1195 4686 1260 4748 cos,
1273 4668 1333 4733 sed
1355 4669 1471 4734 mittat
1482 4670 1526 4735 ad
1537 4671 1716 4734 salvandos

198 4876 226 4916 v.
241 4858 286 4912 26.
304 4857 399 4914 Vatia
418 4858 461 4913 16.
480 4859 552 4926 Quas
570 4857 649 4930 apud
667 4857 825 4929 Origonom
842 4856 914 4914 inci-
955 4859 1059 4932 polyto
1070 4856 1239 4930 ascriptum,
1251 4857 1283 4912 in
1295 4873 1354 4929 qno
1368 4857 1439 4914 fusa
1457 4858 1615 4931 exponitur
1626 4863 1717 4931 capnt

162 4945 248 5018 piant
259 4961 349 5018 snpra
359 4961 389 5016 p.
399 4944 460 5015 208,
470 4943 520 5000 hic
531 4949 635 5018 aperte
645 4945 838 5017 complentur,
848 4959 914 5017 qua
957 4941 1223 5015 othnographicum
1234 4941 1308 4998 Gen.
1321 4941 1373 4999 ra?
1388 4941 1435 4998 Of.
1448 4947 1470 4998 t.
1483 4960 1515 5014 n,
1527 4961 1556 5017 p.
1568 4944 1622 5000 274
1634 4959 1697 5016 οηη.

161 5030 333 5104 compendio
351 5029 535 5086 transierunt
553 5031 591 5086 ad
603 5029 801 5088 Athanasium
811 5030 914 5102 wilga-
992 5049 1020 5089 ν.
1033 5030 1077 5085 26.
1087 5029 1132 5084 at.
1144 5027 1219 5084 Ibid.
1230 5027 1267 5083 cf.
1281 5027 1460 5086 Theodoret.
1470 5027 1568 5101 qniah
1577 5029 1663 5086 initio
1674 5030 1715 5087 le-

161 5124 234 5188 tum,
253 5116 384 5187 otalios,
405 5116 554 5189 usquead
572 5115 766 5190 Euthymium
788 5116 914 5190 Zigabe·
955 5116 1002 5189 git
1011 5120 1047 5172 τὰ
1062 5119 1112 5184 μέν
1123 5119 1223 5184 μέτρια,
1235 5131 1290 5172 nac
1314 5115 1402 5172 mala
1422 5115 1528 5174 Omnia
1539 5117 1717 5175 Heracleote
1832 5144 1835 5150 v

163 5221 241 5261 num.
255 5203 333 5274 Quid
346 5203 372 5260 si
383 5203 448 5260 hmo
467 5204 651 5277 suggesserit
667 5203 825 5262 chronicon
842 5205 915 5279 Hip·
956 5203 1012 5260 sub
1031 5201 1124 5260 oculis
1135 5201 1248 5260 habuit.
