4044 6104
880 507 1086 574 EUSEBIUS
1687 515 1753 578 459

210 650 312 739 φήτου
335 651 492 738 δεδράκιι,
514 651 599 718 κατά
620 653 693 728 τοὺς
708 649 743 717 ἐν
763 659 833 728 ταῖς
855 647 957 729 νόσοις
1001 669 1060 715 sus
1071 617 1507 747 prophetamcommisisset,
1517 659 1555 720 ut
1564 657 1674 720 solent
1684 659 1744 739 qui
1840 707 1847 746 .·

94 747 98 758 ’
207 755 480 843 παρακόπτοντες,
496 756 595 821 almi
615 764 759 843 γονεῦσιν
779 757 834 820 καί
849 754 958 840 φιλτά-
1003 757 1039 820 in
1061 757 1187 822 morbis
1210 759 1401 841 delirantes,
1424 761 1548 842 saepius
1571 767 1605 824 et
1626 781 1745 843 paren·

206 882 271 940 τοις
291 863 346 927 καί
369 859 475 938 αύτοῐς
497 862 615 945 ἰατροῖς
637 859 858 926 ἐπανίστανται
880 857 956 924 πσλ-
1002 859 1094 924 tibus
1110 865 1145 924 et
1159 864 1278 928 amicis
1290 866 1417 947 stipsis
1429 866 1568 930 medicis
1583 867 1751 930 reluctan-

208 965 310 1044 λάκις.
1000 967 1067 1028 tur.

254 1068 358 1136 Ἀλλά
367 1070 429 1155 γὰρ
440 1067 504 1156 ήδη
519 1069 629 1152 καιρός
636 1069 691 1133 καί
702 1069 760 1155 τήν
771 1066 874 1133 αἰτίαν
885 1087 956 1133 συν-
1043 1069 1185 1159 sedium
1200 1076 1335 1156 tempus
1346 1077 1398 1138 est
1407 1075 1508 1139 etiam
1516 1074 1750 1139 considerandi

211 1171 286 1239 ιδείν
308 1172 347 1238 δι’
358 1172 398 1257 ἣν
424 1171 441 1236 ό
463 1180 613 1249 τοσοῦτος
634 1170 716 1257 ἀνήρ
742 1169 900 1249 τοιαύταις
922 1171 954 1236 ύ-
1000 1192 1138 1241 causam
1159 1179 1248 1241 uude
1271 1182 1388 1243 tantus
1402 1181 1456 1242 vir
1478 1180 1514 1242 iu
1529 1183 1599 1242 tam
1618 1179 1750 1243 nefaria

208 1274 372 1342 πέπτωκεν
395 1274 654 1361 ἀθεμισουργίαις.
671 1273 818 1341 Διδάσκει
832 1274 871 1360 δή
895 1278 954 1363 τήν
999 1278 1134 1359 flagitia
1160 1282 1329 1346 ceciderit.
1359 1283 1434 1363 Ipse
1459 1281 1557 1348 docet
1586 1283 1749 1364 propheta

205 1380 307 1446 αἰτίαν
323 1381 418 1458 αὐτός
433 1379 450 1444 ό
467 1378 633 1465 προφήτης
648 1379 701 1445 διόι
714 1389 770 1445 τοῦ
785 1378 955 1468 παραδείγ-
999 1403 1136 1449 causam
1148 1403 1208 1467 per
1220 1386 1424 1468 parabolam,
1434 1386 1559 1450 dicens:
1571 1386 1655 1451 duos
1666 1387 1748 1452 iuis-

203 1506 312 1572 ματος,
328 1485 385 1550 δύο
397 1484 502 1571 φήσας
517 1483 682 1572 γεγονέναι
693 1484 818 1570 ἄνδρας,
830 1486 884 1551 τόν
897 1486 954 1571 μὲν
999 1505 1036 1552 se
1052 1488 1215 1569 homines,
1227 1490 1368 1553 divitem
1379 1508 1498 1570 unum,
1510 1491 1655 1554 alterum
1667 1510 1748 1573 pau·
1777 1535 1780 1544 ι

201 1587 361 1671 πλούσιον,
377 1592 430 1655 τόν
453 1589 488 1654 δέ
508 1589 639 1676 πένητα,
663 1589 779 1674 ἐδήλου
801 1590 837 1655 δὲ
855 1589 954 1656 πλού-
996 1609 1122 1676 peram.
1143 1592 1356 1672 Significavit
1379 1596 1414 1659 iu
1437 1594 1543 1658 divite
1565 1595 1684 1674 David,
1704 1597 1748 1660 U·

202 1715 270 1760 σιον
283 1696 337 1760 τόν
351 1693 457 1777 Δαυίδ,
473 1693 596 1780 πένητα
606 1697 661 1760 τόν
672 1693 799 1781 Οὐρίαν·
811 1695 881 1760 είτα
892 1715 952 1758 τια-
997 1697 1083 1758 riam
1099 1697 1134 1760 in
1146 1714 1303 1778 paupere.
1315 1697 1444 1762 Deinde
1456 1698 1640 1762 introducit
1650 1717 1743 1780 pere·

200 1797 327 1883 ροδίτην
356 1798 477 1883 εἰσάγει
514 1797 602 1879 ξένον
631 1797 873 1884 ἐπιδημήσαντα
907 1807 951 1884 τῷ
996 1801 1137 1878 grinum
1162 1802 1338 1882 viatorem,
1357 1801 1472 1866 divitis
1490 1803 1635 1883 hospitio
1653 1821 1743 1867 rece·

198 1899 357 1986 πλουαίιρ·
380 1901 455 1969 ἔνθα
476 1903 531 1969 τόν
552 1912 626 1969 νοῦν
641 1902 810 1988 ἐπιστήσαι
831 1902 951 1989 προσή-
996 1909 1102 1986 ptum,
1119 1904 1178 1968 ubi
1201 1905 1538 1969 animadvertendum
1561 1911 1612 1990 est
1626 1905 1744 1970 docere
1817 1940 1820 1954 ·

200 2023 260 2086 κει,
276 2003 318 2082 ὡς
334 2002 421 2084 ξένον
444 2008 513 2071 τινὰ
528 2015 566 2092 τῇ
582 2007 671 2092 ψυχῇ
693 2015 750 2071 τοῦ
773 2004 869 2073 Δαυίδ
884 2007 951 2074 ἐπι·
994 2009 1203 2091 prophetam,
1223 2011 1373 2072 alienum
1389 2026 1462 2072 esse
1478 2008 1658 2090 quemdam
1672 2010 1745 2072 ani-

199 2104 414 2193 δεδημηκέναι
424 2108 576 2191 διδάσκει,
590 2111 757 2195 μονονουχὶ
771 2119 880 2195 σαφῶς
891 2131 951 2174 ιτα-
994 2130 1058 2176 mae
1080 2113 1218 2177 Davidis
1242 2115 1493 2176 immorantem:
1517 2116 1652 2175 tantum
1674 2129 1742 2176 non

197 2213 305 2296 ριστάς
319 2210 407 2291 ξένον
428 2233 458 2276 τι
471 2223 596 2299 πνεῦμα
617 2215 672 2278 καί
695 2210 880 2300 διαύολικήν
895 2213 946 2280 δύ-
993 2216 1169 2296 perspicus
1198 2232 1387 2298 proponens
1420 2216 1573 2302 aliquem¹
1592 2218 1743 2308 peregri·

197 2315 533 2402 ναμινσυνηρπακόναι
543 2314 704 2382 αύτόν.ού
714 2318 776 2402 γὰρ
788 2317 827 2382 ἀν
838 2319 945 2384 ποτεό
992 2338 1077 2386 num
1099 2322 1259 2404 spiritum
1275 2326 1308 2386 et
1321 2322 1508 2406 satanicam
1525 2323 1737 2404 potestatem,

196 2429 347 2498 τοσοῦτος
361 2421 405 2499 είς
428 2430 578 2489 τοσοῦτον
595 2420 734 2508 ήλαυνεν
756 2420 946 2508 ἀφροσύνης,
993 2444 1069 2508 quae
1084 2426 1247 2491 Davidem
1267 2427 1477 2508 corripuerit.
1497 2426 1635 2488 Minime
1650 2426 1741 2489 enim

198 2524 263 2591 οὐδ’
277 2527 359 2589 σύτο
382 2523 496 2612 χείρων
518 2523 644 2611 ἐγένετο
669 2527 817 2610 γυναικός
844 2526 948 2594 ἐπιθυ-
992 2530 1060 2594 fors
1080 2549 1233 2612 unquam
1254 2531 1290 2594 in
1312 2535 1443 2594 tantam
1466 2531 1634 2612 erupisset
1658 2531 1740 2595 insi·

198 2625 256 2716 μίρ
278 2629 359 2715 ἀνήρ
380 2630 414 2696 ἐν
433 2629 521 2716 ἀκμῇ
536 2638 595 2716 τῆς
609 2628 746 2716 ήλιιιίας,
762 2631 796 2696 ἐν
811 2634 896 2719 αὐτῷ
910 2653 946 2699 τε
990 2635 1174 2716 pientiam,
1205 2651 1315 2716 neque
1341 2637 1516 2716 tantopere
1542 2632 1740 2698 indulsisset

196 2741 241 2820 τῷ
253 2754 310 2820 της
331 2735 480 2822 νεότητος
496 2733 590 2817 ἀνύει,
614 2735 735 2822 πολλῆς
758 2735 945 2821 ἐγκρατείας
989 2744 1146 2820 protervo
1154 2740 1308 2804 mulieris
1319 2739 1484 2814 desiderio
1496 2740 1559 2817 vir,
1571 2740 1631 2821 qui
1643 2740 1679 2801 in
1686 2738 1742 2819 ju·

195 2837 341 2917 δεδυκόις
356 2837 499 2925 δοκιμήν·
512 2840 580 2926 είχε
593 2840 722 2926 μὲνγὰρ
737 2839 789 2905 ἐπί
803 2847 861 2924 τῆς
872 2838 946 2926 ἐρή-
989 2845 1140 2908 vertutis
1151 2844 1379 2908 teneritudine
1392 2847 1426 2907 et
1437 2845 1472 2906 in
1485 2845 1557 2925 ipso
1569 2841 1650 2906 flore
1662 2843 1739 2907 ado-

195 2962 264 3027 μου,
279 2944 333 3009 τόν
345 2943 453 3010 Σαούλ
468 2944 602 3030 φεύγων,
618 2945 677 3029 τήν
693 2942 857 3031 Ἀχινόαν·
875 2946 944 3031 εἶχε
989 2947 1159 3012 lescentiae
1174 2947 1267 3012 dedit
1280 2949 1395 3012 multoe
1411 2949 1628 3012 contineutiae
1639 2947 1740 3012 doou·

192 3045 945 3135 καίτήνἈόιγαίαν,μετάτὸνύάνατοντοῠταύ-
989 3056 1152 3116 mentum.
1163 3052 1291 3116 Habuit
1299 3053 1390 3116 euim
1402 3053 1436 3116 in
1445 3053 1629 3117 solitudine
1640 3053 1739 3116 Achi-

194 3169 252 3234 της
266 3150 389 3234 ἀνδρός·
405 3150 476 3216 ἀλλ’
487 3151 632 3238 οὐδαμῶς
650 3150 795 3237 φαίνεται
810 3152 944 3237 πλησιά-
988 3173 1099 3233 naam,
1126 3155 1207 3219 dum
1231 3161 1309 3220 ante
1333 3158 1413 3220 Saul
1448 3157 1593 3238 fugeret,
1616 3157 1738 3222 habuit

194 3275 252 3326 σας
267 3256 376 3332 αὐταῖς
391 3255 495 3320 πάντα
510 3257 564 3320 ’τόν
578 3256 692 3342 χρόνον
703 3265 761 3342 τής
779 3257 876 3321 αὐτοῦ
888 3278 944 3342 φυ·
988 3276 1122 3341 quoque
1149 3261 1303 3340 Abigael,
1335 3265 1410 3342 post
1435 3262 1593 3343 conjugis
1624 3264 1740 3326 interi·

196 3365 267 3444 γής·
283 3359 397 3423 ούκοῠν
412 3358 485 3423 οὐδὲ
507 3359 623 3440 παῖδας
641 3359 882 3446 ἀναγέγραπται
893 3363 944 3428 ἐα-
988 3367 1073 3426 tum.
1101 3363 1165 3426 Sed
1192 3365 1287 3428 nullo
1311 3367 1346 3429 in
1362 3383 1444 3429 casu
1459 3365 1594 3429 videtur
1615 3366 1658 3429 ad
1681 3384 1739 3430 eas

194 3461 316 3546 χηκὼς,
333 3463 359 3526 εί
375 3464 418 3548 μή
436 3464 516 3548 μετὰ
530 3465 589 3549 τήν
607 3463 761 3550 τελευτήν
776 3463 893 3530 Σαούλ·
909 3466 943 3531 ἐν
989 3467 1181 3548 accessisse,
1195 3469 1230 3530 iu
1246 3472 1316 3532 toto
1338 3469 1431 3552 fugae
1454 3487 1524 3532 suae
1547 3470 1737 3534 intervallo.

191 3573 276 3650 φυγή
285 3564 347 3649 γάρ
355 3563 587 3651 ἐξεταζόμενος,
596 3563 767 3651 ἱκετηρίαις
779 3568 834 3630 καί
845 3587 940 3651 προσ·
989 3572 1106 3653 Neque
1118 3572 1217 3636 ullibi
1240 3573 1368 3638 relatus
1384 3557 1435 3637 est
1457 3571 1545 3636 filios
1566 3572 1738 3652 habuisse,

191 3677 302 3755 ευχαίς
327 3678 552 3756 προσανεῖχεν·
577 3669 620 3748 ὡς
642 3669 669 3735 δ’
680 3670 857 3756 ἐκράτησεν
883 3681 941 3758 της
987 3675 1054 3738 nisi
1065 3679 1142 3756 post
1157 3680 1299 3739 mortem
1325 3678 1446 3740 Saulis.
1462 3678 1502 3740 Iu
1528 3676 1613 3756 fuga
1637 3680 1730 3741 euim

190 3770 362 3859 βασιλείας,
378 3785 551 3860 τηνικαῦτα
566 3773 588 3859 ή
604 3776 711 3861 γραφή
729 3783 881 3860 μαρτυρεῖ
890 3775 937 3842 ότι
986 3779 1097 3843 cribro
1123 3785 1272 3860 exactus,
1300 3782 1334 3843 in
1361 3779 1489 3843 flebilia
1513 3781 1665 3845 carmina
1695 3786 1730 3844 et

189 3874 334 3963 ἐγένοντο
350 3878 435 3964 αὐτῷ
451 3879 562 3957 παῖδες
574 3880 608 3945 ἐν
619 3877 760 3964 Χεύρύν.
778 3877 816 3946 Ὁ
828 3881 868 3966 δή
886 3881 941 3946 σύν
986 3901 1101 3967 preces
1124 3883 1288 3948 incubuit.
1305 3885 1369 3948 Ubi
1385 3889 1499 3974 autem
1515 3901 1662 3963 regnum
1677 3900 1731 3949 oc·
1801 3913 1804 3917 ·

190 3981 224 4047 ἐν
237 3982 361 4067 νεότητι
379 3985 435 4048 καί
449 3983 483 4051 ἐν
498 3985 586 4071 ἀκμή
610 3993 668 4068 της
682 3982 809 4069 ήλικίας
825 3985 940 4071 ἐγκρα-
985 3989 1225 4070 cupavit,tuno
1237 3989 1550 4069 temporistestatur
1561 3989 1734 4070 Scriptura

188 4086 349 4170 τέστατος,
380 4090 438 4154 οίικ
468 4089 508 4156 ἀν
536 4087 742 4175 πρσόεύηκὼς
771 4092 827 4155 καί
855 4093 941 4156 κατὰ
986 4093 1338 4158 illievenisseliberos
1356 4094 1391 4157 in
1408 4094 1552 4157 Hebron.
1566 4093 1631 4168 Qui
1642 4097 1734 4158 certe

193 4191 274 4260 Θεὸν
288 4203 464 4278 προκοπαῖς
479 4192 673 4280 διαλάμπυν,
694 4192 771 4280 δίχα
784 4194 865 4272 τινός
889 4215 942 4281 με·
985 4195 1218 4276 injuventute
1235 4202 1269 4262 et
1280 4199 1315 4262 in
1335 4196 1454 4262 florida
1469 4203 1568 4262 aetate
1588 4199 1735 4262 castissi-

178 4295 294 4381 ,γάλης
308 4299 364 4362 καὶ
379 4296 544 4383 ἀξιολόγου
561 4298 714 4386 ἀνάγκης,
732 4298 867 4385 [οὐκᾶν]
888 4299 941 4366 ἐπὶ
985 4319 1061 4365 mus
1084 4301 1157 4384 fuit,
1176 4300 1249 4382 jam
1270 4307 1449 4383 provectus
1472 4307 1506 4366 et
1520 4302 1635 4367 divino
1657 4319 1738 4384 pro-1

191 4401 227 4466 τό
252 4410 376 4466 τοιοῦτο
403 4401 519 4487 παρήει
540 4402 699 4489 τόλμημα·
727 4402 798 4468 ἀλλ’
813 4403 854 4488 ήν
876 4404 940 4489 ἀρα
984 4420 1108 4482 gressu
1129 4405 1348 4488 prefulgens,
1364 4407 1423 4470 vix
1442 4405 1578 4487 quidem
1600 4407 1674 4470 sine
1696 4424 1735 4478 aa

191 4503 290 4582 δείνός
301 4525 347 4602 τις
358 4503 444 4584 ξένος
456 4507 511 4572 καί
523 4505 687 4598 ἀλλότριος
698 4505 822 4594 ἐχθρός,
831 4507 936 4593 φιλίαν
983 4509 1078 4591 liqua
1099 4527 1234 4574 summa
1248 4513 1283 4572 et
1305 4511 1515 4574 memorabili
1531 4510 1731 4574 necessitate

192 4609 443 4696 ὑποκρινόμενος,
463 4611 480 4676 ό
498 4620 538 4698 τῇ
561 4613 659 4677 corno
681 4612 769 4697 ψυχῇ
788 4612 939 4697 περιπλα-
983 4629 1023 4676 eo
1048 4631 1157 4694 usque
1183 4614 1334 4678 audacie
1348 4615 1575 4694 processisset.
1598 4615 1681 4677 Erat
1695 4630 1729 4676 s·

189 4711 267 4790 κείς·
289 4715 332 4780 dv
344 4716 404 4780 ούιι
425 4714 548 4802 ἀγνοῶν
564 4713 715 4802 Σολομῶν
726 4713 874 4780 ἐδίδασκε
888 4715 939 4780 λέ-
982 4716 1054 4779 nim
1070 4732 1148 4779 vero
1163 4717 1358 4780 tremendus
1373 4717 1497 4797 aliquis
1513 4717 1618 4781 hostis
1634 4734 1730 4798 parea

188 4837 265 4901 γιον·
280 4815 357 4885 Ἐάν
368 4829 493 4906 πνεῦμα
506 4828 562 4884 τοῦ
585 4818 819 4900 ἐξουσιάζοντος
833 4819 937 4908 ἀναόή
981 4820 1104 4897 grinus
1123 4826 1157 4884 st
1179 4821 1321 4898 alienus,
1345 4820 1531 4884 amicitiam
1553 4821 1732 4902 simulans,

189 4919 242 4986 ἐπί
256 4922 303 5004 σὲ,
319 4920 415 4990 τόπον
430 4925 469 4988 σύ
486 4924 529 5010 μή
546 4922 640 5010 ἀφῇς.
981 4924 1095 5005 ipsius
1121 4925 1244 4988 animae
1276 4924 1480 5006 implicitus:
1506 4923 1596 5005 quod
1626 4941 1733 5004 quum

986 5044 1054 5091 non
1079 5026 1254 5106 ignoraret
1268 5029 1435 5108 Salomon,
1457 5027 1511 5092 his
1529 5028 1642 5093 verbis
1657 5027 1734 5094 ado-

987 5130 1103 5195 cahat:
1129 5132 1194 5196 «Si
1212 5132 1354 5214 spiritus
1366 5135 1565 5214 potestatem
1579 5133 1737 5198 habentis

980 5235 1119 5302 irruerit
1132 5236 1169 5300 iu
1186 5241 1231 5316 te,
1246 5237 1297 5300 illi
1311 5254 1353 5302 ue
1371 5238 1483 5313 locum
1503 5237 1611 5302 cedas.
1622 5258 1642 5297 ο
