4006 6090
309 429 373 496 ala
980 419 1189 495 oaroalllls

309 561 498 652 κεκραγὲναι
512 561 672 650 λεγόντες·
688 557 795 649 Κύριε,
816 559 908 648 ῥῦσαι
922 562 980 648 τὴν
996 561 1053 645 ψο-
1097 561 1178 645 quin
1194 564 1389 644 clamemus,
1413 559 1583 628 dieentes:
1607 557 1789 642 «Domine,
1803 556 1842 624 li·

309 670 374 758 χήν
389 691 458 757 μου.
1097 665 1179 731 bera
1193 666 1342 730 animam
1358 685 1511 732 meam.»

350 794 383 841 ν.
400 778 430 840 5.
447 769 688 858 Κατεοκήνιοοα
711 772 867 857 μετὰτῶν
885 764 1051 854 ακηνοηιά·
1140 785 1171 829 v.
1188 768 1218 831 5.
1234 768 1389 835 Habitari
1403 787 1482 836 cam
1497 767 1714 836 marascallo
1732 765 1841 834 θρόον.

309 895 372 946 τιον
386 877 512 962 Κηδάρ.

351 979 526 1067 Βαρόάριον
545 977 636 1065 γόνος
654 974 746 1043 τοῦτό
761 977 826 1044 ἐστι
844 972 1054 1062 inprobiore-
1139 977 1362 1042 Barbarorum
1389 978 1452 1042 hoe
1478 994 1587 1057 genus
1614 980 1675 1058 est,
1698 973 1838 1042 seviore

308 1102 363 1172 ρον
375 1082 586 1170 διακειμένων,
603 1081 668 1147 οῐόν
684 1079 760 1146 εἰσιν
776 1080 804 1145 οἱ
819 1077 959 1165 Ἀραόες
975 1099 1052 1164 σκη-
1097 1079 1170 1144 vita
1199 1098 1301 1162 quam
1325 1081 1472 1146 ferarum
1495 1083 1696 1162 viventium,
1723 1077 1841 1163 quales

306 1195 375 1267 ναῖς
386 1185 440 1253 καὶ
454 1184 607 1263 καλύόαις
621 1183 821 1272 κεχρημένοι,
834 1183 889 1248 οιαὶ
900 1186 978 1267 πρός
993 1184 1051 1268 τὴν
1095 1187 1176 1248 sunt
1187 1185 1323 1265 Arabes,
1340 1187 1469 1268 tesquis
1482 1191 1517 1250 et
1528 1187 1678 1265 tuguriis
1693 1189 1838 1264 utentes,

306 1301 368 1360 τόν
382 1285 503 1378 θηρίων
517 1289 690 1377 ἀγριότητα
706 1291 748 1376 μὴ
764 1285 1012 1363 ἐκπεπτωκότες.
1096 1289 1156 1371 qui
1172 1305 1193 1350 a
1208 1287 1356 1353 ruditate
1382 1289 1575 1354 belluarum
1590 1305 1657 1351 non
1673 1287 1843 1352 recedunt.

350 1413 382 1463 v.
398 1399 428 1462 6.
444 1394 555 1462 Πολλά
570 1390 794 1479 παρῴκησενὴ
818 1387 906 1477 ψυχή
923 1410 982 1477 μου
998 1411 1050 1476 με·
1139 1407 1173 1456 v.
1200 1395 1230 1456 6.
1259 1392 1402 1458 Multam
1426 1389 1532 1460 incolo
1544 1389 1623 1475 ficit
1642 1392 1753 1457 anima
1773 1404 1844 1456 mett

305 1502 346 1565 τὰ
362 1509 422 1566 τῶν
439 1499 609 1585 μισούντων
622 1499 682 1583 την
696 1495 835 1581 εἰρήνην.
1097 1493 1584 1579 εννιάἰοραίοάοπναίραοινα.

347 1597 440 1671 Ἀλλ’
450 1601 540 1668 οἰνόὲν
554 1602 649 1686 ηττον
665 1610 708 1686 τῷ
725 1599 826 1684 ἐαυτῷ
844 1593 975 1683 ἐποίηοό
990 1616 1018 1661 τι
1034 1593 1051 1661 ὁ
1136 1597 1229 1663 Nihil
1243 1601 1417 1664 molestius
1436 1600 1501 1664 sibi
1524 1599 1698 1664 obversari
1720 1594 1843 1662 habuit

305 1707 369 1773 ἀπό
389 1715 446 1792 της
468 1704 678 1792 Ἰερουσαλὴμ
700 1703 895 1790 ὁρμώμενος·
910 1703 979 1768 εἶτα
1001 1699 1050 1785 ἐρ·
1092 1702 1259 1785 profugus
1273 1704 1316 1769 ab
1338 1704 1560 1786 Hierusalem,
1584 1701 1700 1786 (quam
1722 1705 1841 1784 praete-

305 1811 473 1898 ρηνεότται
488 1805 614 1894 εἰρήνης
625 1807 742 1894 όρασις,
757 1807 795 1874 ἵν’
808 1807 837 1873 οἱ
848 1813 904 1872 τοῦ
916 1823 1050 1872 σκοταα·
1093 1826 1151 1872 rea
1162 1805 1727 1891 interpretanturVisionempaois),
1736 1824 1840 1890 quam

305 1925 365 2001 ροῦ
381 1923 439 2000 της
455 1910 568 1998 Κηδάρ
585 1909 851 1998 ἀποστρέφωνται.
1093 1919 1132 1978 ut
1148 1929 1190 1978 ex
1206 1913 1354 1977 tenebris
1369 1913 1475 1977 cedar
1490 1907 1629 1977 reduces
1644 1911 1738 1975 fiant.
1798 1935 1815 1983 ι

349 2038 381 2084 ν.
399 2021 428 2084 7.
444 2017 553 2104 Ἥρην
568 2016 731 2102 εἰρηνικός,
748 2015 826 2080 όταν
849 2011 982 2081 όλόιλοιιν
997 2011 1052 2076 ab·
1135 2034 1166 2081 ν.
1179 2017 1209 2082 7.
1221 2016 1501 2101 Ενανιροορῑονατς
1513 2033 1585 2084 οντα
1595 2012 1836 2099 loquebarillis,

304 2129 379 2204 τοῖς,
394 2119 568 2207 ἐπολέμουν
584 2139 622 2206 με
637 2119 768 2204 δωρεάν.
1092 2119 1514 2205 ἰννριιρπαάανιόνοαρναόίε.

350 2221 430 2290 Τότε
446 2223 584 2308 μάλιστα
605 2221 822 2308 χαλεπώτεροι
835 2216 973 2307 γίνονται
995 2241 1051 2285 πο-
1137 2225 1230 2290 Tune
1246 2227 1392 2289 maxime
1415 2226 1600 2308 asperiores
1616 2224 1703 2288 flunt
1718 2219 1839 2288 damo-

307 2327 473 2413 λεμοῠντες
489 2325 518 2392 οἱ
533 2324 686 2413 δαίμονες,
702 2324 778 2391 όταν
792 2345 837 2403 τις
852 2325 957 2401 αὐτοῖς
972 2327 1050 2408 πρός
1093 2347 1162 2408 nes,
1177 2329 1265 2392 bello
1281 2328 1414 2410 infensi,
1430 2329 1565 2411 quando
1580 2330 1657 2411 quis
1677 2326 1839 2392 adversus

305 2431 378 2511 τοὺς
399 2431 569 2518 λογισμοὺς
582 2427 807 2516 ἀποκρίνηται·
830 2429 886 2493 καὶ
907 2426 1048 2493 διδάσκει
1093 2433 1295 2496 tentationes
1318 2429 1386 2496 illis
1413 2429 1606 2514 respondet:
1631 2434 1665 2494 et
1686 2429 1840 2495 Christus

304 2533 389 2622 ἡμᾶς
404 2545 496 2600 τοῦτο
511 2542 609 2600 ποιεῖν
624 2535 642 2600 ό
657 2531 792 2619 Χριστὸς
804 2531 1047 2618 πειραζόμενος·
1094 2554 1154 2600 nos
1178 2537 1213 2600 in
1235 2551 1298 2600 sua
1323 2537 1510 2601 tentatione
1534 2537 1583 2600 sie
1608 2552 1711 2614 agere
1734 2535 1840 2598 dooet.

304 2640 465 2727 νηφούσης
479 2640 541 2725 γόιρ
556 2641 644 2704 ἔσται
659 2636 797 2716 διανοίας
816 2635 894 2726 πρός
908 2638 981 2714 τοὺς
996 2635 1050 2702 λο·
1093 2640 1279 2718 vigilantis
1294 2641 1384 2703 enim
1407 2640 1530 2704 animae
1549 2643 1600 2703 est
1622 2639 1841 2703 tentamentis

304 2746 436 2831 γιαμοὺς
451 2740 612 2808 ἀπαντᾶν·
626 2739 736 2827 νήφειν
747 2742 782 2807 δὲ
795 2737 881 2827 ἡμᾶς
891 2741 926 2806 ἔν
936 2749 977 2826 τη
992 2737 1051 2806 πό·
1094 2761 1278 2808 ooourrere.
1294 2742 1446 2822 vigilare
1472 2749 1586 2807 autem
1605 2761 1667 2809 nos
1689 2744 1725 2806 in
1748 2744 1841 2808 lucta

304 2846 345 2934 λη
361 2849 398 2913 οὐ
414 2845 578 2934 βούλονται
593 2844 622 2911 οἱ
644 2845 761 2933 ἐχθροὶ,
776 2844 828 2911 ἵνα
849 2847 893 2931 μὴ
917 2839 1050 2931 eamps-
1094 2848 1216 2911 nolunt
1229 2847 1369 2927 inimici,
1384 2864 1427 2911 ne
1442 2848 1539 2929 eopia
1560 2844 1771 2912 abundemus
1786 2864 1841 2910 oo-

305 2948 583 3038 οιορεννοηράτων
591 2943 881 3035 ἀντιαειρένοντοϊς
892 2947 1052 3036 λογισμοῖς
1094 2951 1300 3030 gitationum
1326 2969 1403 3033 quae
1432 2952 1568 3015 illorum
1595 2950 1840 3015 tentationibus

306 3057 419 3122 αὐτῶν·
435 3053 485 3140 ἐφ’
496 3053 570 3119 όοον
581 3054 644 3138 γάρ
659 3049 749 3119 οὐδὲν
761 3051 867 3131 αὐτοῖς
879 3051 1053 3139 προοφέρο·
1094 3055 1324 3119 adversentur.
1343 3056 1511 3131 Quamdiu
1521 3055 1612 3119 enim
1624 3055 1711 3119 nihil
1722 3058 1845 3138 sponte¹

306 3181 363 3247 μεν
378 3159 510 3240 οἴκοθεν,
533 3156 732 3243 χρονίζοντας
751 3158 854 3226 αὐτῶν
868 3158 902 3224 ἀν
923 3155 1001 3244 ἡμῖν
1023 3155 1052 3223 οἱ
1094 3164 1209 3223 nostra
1230 3159 1299 3223 illis
1321 3161 1531 3242 opponimus,
1553 3160 1756 3241 tentationes
1779 3158 1839 3223 diu

305 3262 448 3350 λογισμοὶ
462 3257 682 3347 διαστρόφουοι
703 3264 762 3349 τὴν
777 3260 902 3348 ψυχήν·
924 3263 972 3328 διὸ
994 3284 1051 3328 κα
1095 3265 1185 3328 intra
1212 3281 1273 3328 nos
1300 3268 1565 3344 commorantes,
1594 3263 1742 3326 animam
1768 3281 1843 3345 per·

304 3367 367 3446 λεῖος
378 3367 464 3453 λέγει
475 3368 508 3433 ἐν
519 3373 588 3444 ταῖς
600 3361 787 3452 Παροιμίαις
802 3366 855 3432 τό·
868 3363 1052 3453 Ἀποπόδη-
1094 3372 1250 3432 vertunt:
1274 3367 1365 3432 unde
1389 3368 1425 3432 in
1448 3367 1640 3432 Proverbiis
1662 3371 1739 3449 apte
1761 3369 1844 3432 diei-

305 3492 370 3556 οον,
387 3474 430 3558 μη
454 3465 602 3558 χρονίσης
617 3469 651 3535 ἐν
674 3479 718 3556 τῷ
740 3469 825 3555 τόπῳ
846 3467 954 3558 αὐτῆς,
971 3469 1052 3558 μηδὲ
1095 3475 1168 3536 tur:
1187 3473 1284 3536 «cito
1296 3467 1442 3551 recedas,
1455 3488 1497 3535 ne
1512 3471 1573 3534 diu
1587 3488 1724 3535 maneas
1740 3472 1776 3535 in
1791 3474 1840 3535 lo-

303 3575 475 3660 ἀπιοιηοης
494 3577 550 3639 σόν
573 3575 660 3660 όρηια
681 3575 757 3658 πρὸς
776 3571 885 3660 αὐτὴν,
905 3575 1052 3661 δηλονότι
1096 3592 1135 3640 co
1151 3574 1255 3656 illius,
1275 3593 1385 3658 neque
1404 3573 1504 3638 sistas
1525 3574 1662 3637 oculum
1685 3577 1784 3637 tuum
1804 3575 1841 3637 in

303 3679 362 3763 τὴν
377 3674 593 3761 ἀντικειμόνην
608 3675 747 3761 δύναμιν,
763 3677 856 3763 deta
870 3675 995 3764 πανίαν,
1011 3679 1053 3765 ἣν
1096 3697 1211 3760 eam,»
1230 3680 1388 3744 videlieet
1413 3679 1449 3742 in
1471 3677 1675 3742 contrariam
1696 3681 1842 3758 potesta-

304 3789 489 3867 σωματικῶς
503 3779 525 3864 ἡ
542 3773 638 3865 σοφία
654 3788 771 3866 ρορφοι
783 3781 826 3859 εἰς
842 3787 987 3868 γυναῖκα.
1099 3787 1167 3847 tem
1187 3785 1242 3848 vel
1264 3783 1440 3863 malitiam,
1455 3797 1558 3863 quam
1574 3781 1754 3863 Sapientia,
1770 3798 1842 3845 eor-

1097 3889 1188 3971 poris
1200 3887 1307 3952 iorma
1322 3891 1432 3968 utens,
1450 3885 1586 3951 exhibet
1601 3887 1637 3950 in
1652 3885 1841 3949 mulierem.

338 4106 367 4150 v.
380 4091 406 4162 5,
418 4089 486 4148 Vat.
496 4090 540 4148 14.
549 4085 638 4148 Haud
648 4085 740 4147 umal
748 4087 890 4163 Origenes
901 4090 1051 4152 invehitur
1128 4109 1157 4150 v.
1170 4091 1195 4164 6,
1205 4093 1230 4148 l.
1243 4092 1312 4149 Vat.
1322 4091 1347 4147 5.
1360 4087 1451 4162 augia
1468 4089 1595 4146 adducta
1605 4088 1842 4162 Proverbiorum,

305 4176 512 4237 latiomorum
522 4177 654 4236 Arabum
664 4175 811 4234 fernum
1095 4176 1473 4250 montanismum.
1486 4195 1515 4248 ν,
1527 4178 1553 4234 8.
1564 4175 1634 4234 coa.
1646 4179 1682 4248 μή
1695 4179 1845 4245 όχρονόαης.
