<?xml version="1.0" encoding="UTF-8"?>
<!DOCTYPE html PUBLIC "-//W3C//DTD XHTML 1.0 Transitional//EN"
    "http://www.w3.org/TR/xhtml1/DTD/xhtml1-transitional.dtd">
<html xmlns="http://www.w3.org/1999/xhtml" xml:lang="en" lang="en">
 <head>
  <title>
</title>
<meta http-equiv="Content-Type" content="text/html;charset=utf-8" />
  <meta name='ocr-system' content='tesseract 3.04.00' />
  <meta name='ocr-capabilities' content='ocr_page ocr_carea ocr_par ocr_line ocrx_word'/>
</head>
<body>
  <div class='ocr_page' id='page_1' title='image "./analectasacrasp00pitrgoog_0113.png"; bbox 0 0 4036 6090; ppageno 0'>
   <div class='ocr_carea' id='block_1_1' title="bbox 287 429 1171 494">
    <p class='ocr_par' dir='ltr' id='par_1_1' title="bbox 287 429 1171 494">
     <span class='ocr_line' id='line_1_1' title="bbox 287 429 1171 494; baseline 0.003 -6"><span class='ocrx_word' id='word_1_1' title='bbox 287 429 346 490; x_wconf 78' lang='lat' dir='ltr'>loa</span> <span class='ocrx_word' id='word_1_2' title='bbox 961 431 1171 494; x_wconf 85' lang='lat' dir='ltr'>OBIGENES</span> 
     </span>
    </p>
   </div>
   <div class='ocr_carea' id='block_1_2' title="bbox 280 568 1829 3556">
    <p class='ocr_par' dir='ltr' id='par_1_2' title="bbox 280 568 1829 3556">
     <span class='ocr_line' id='line_1_2' title="bbox 282 568 1823 655; baseline 0.002 -23"><span class='ocrx_word' id='word_1_3' title='bbox 282 569 356 647; x_wconf 91' lang='grc' dir='ltr'>λους</span> <span class='ocrx_word' id='word_1_4' title='bbox 369 571 535 655; x_wconf 84' lang='grc' dir='ltr'>φεύγοντες</span> <span class='ocrx_word' id='word_1_5' title='bbox 547 570 849 655; x_wconf 75' lang='grc' dir='ltr'>τίγνφθοράν,είτουν</span> <span class='ocrx_word' id='word_1_6' title='bbox 861 572 918 654; x_wconf 78' lang='grc' dir='ltr'>τὴν</span> <span class='ocrx_word' id='word_1_7' title='bbox 930 568 1029 654; x_wconf 85' lang='grc' dir='ltr'>άμαρ-</span> <span class='ocrx_word' id='word_1_8' title='bbox 1076 571 1303 634; x_wconf 89' lang='lat' dir='ltr'>summabunt.</span> <span class='ocrx_word' id='word_1_9' title='bbox 1318 572 1444 635; x_wconf 80' lang='lat' dir='ltr'>Idcirco</span> <span class='ocrx_word' id='word_1_10' title='bbox 1456 572 1582 634; x_wconf 89' lang='lat' dir='ltr'>dictum</span> <span class='ocrx_word' id='word_1_11' title='bbox 1603 579 1654 635; x_wconf 87' lang='lat' dir='ltr'>cst</span> <span class='ocrx_word' id='word_1_12' title='bbox 1669 573 1823 654; x_wconf 70' lang='lat' dir='ltr'>institam,</span> 
     </span>
     <span class='ocr_line' id='line_1_3' title="bbox 282 671 1826 760; baseline 0.002 -25"><span class='ocrx_word' id='word_1_13' title='bbox 282 671 361 756; x_wconf 99' lang='grc' dir='ltr'>τίαν,</span> <span class='ocrx_word' id='word_1_14' title='bbox 375 676 432 748; x_wconf 71' lang='grc' dir='ltr'>,καί</span> <span class='ocrx_word' id='word_1_15' title='bbox 448 675 481 740; x_wconf 87' lang='grc' dir='ltr'>έν</span> <span class='ocrx_word' id='word_1_16' title='bbox 497 673 658 760; x_wconf 78' lang='grc' dir='ltr'>άρθαρσίρ</span> <span class='ocrx_word' id='word_1_17' title='bbox 676 677 730 739; x_wconf 86' lang='grc' dir='ltr'>τὸν</span> <span class='ocrx_word' id='word_1_18' title='bbox 745 673 862 759; x_wconf 85' lang='grc' dir='ltr'>Κύριον</span> <span class='ocrx_word' id='word_1_19' title='bbox 882 675 1027 760; x_wconf 82' lang='grc' dir='ltr'>άγαπιῖιν-</span> <span class='ocrx_word' id='word_1_20' title='bbox 1075 692 1115 737; x_wconf 77' lang='lat' dir='ltr'>aa</span> <span class='ocrx_word' id='word_1_21' title='bbox 1129 692 1330 755; x_wconf 74' lang='lat' dir='ltr'>corrumpas,</span> <span class='ocrx_word' id='word_1_22' title='bbox 1355 681 1517 756; x_wconf 91' lang='lat' dir='ltr'>utusque</span> <span class='ocrx_word' id='word_1_23' title='bbox 1539 677 1576 738; x_wconf 82' lang='lat' dir='ltr'>iu</span> <span class='ocrx_word' id='word_1_24' title='bbox 1587 677 1692 758; x_wconf 77' lang='lat' dir='ltr'>stram</span> <span class='ocrx_word' id='word_1_25' title='bbox 1714 694 1734 738; x_wconf 93' lang='lat' dir='ltr'>a</span> <span class='ocrx_word' id='word_1_26' title='bbox 1757 692 1826 738; x_wconf 93' lang='lat' dir='ltr'>cor-</span> 
     </span>
     <span class='ocr_line' id='line_1_4' title="bbox 283 764 1829 865; baseline 0.001 -25"><span class='ocrx_word' id='word_1_27' title='bbox 283 797 345 857; x_wconf 93' lang='grc' dir='ltr'>τες,</span> <span class='ocrx_word' id='word_1_28' title='bbox 361 776 520 842; x_wconf 82' lang='grc' dir='ltr'><strong>τουτέστιν</strong></span> <span class='ocrx_word' id='word_1_29' title='bbox 535 777 568 843; x_wconf 90' lang='grc' dir='ltr'>έν</span> <span class='ocrx_word' id='word_1_30' title='bbox 584 777 691 862; x_wconf 71' lang='grc' dir='ltr'>ἀρετῇ,</span> <span class='ocrx_word' id='word_1_31' title='bbox 704 779 758 842; x_wconf 85' lang='grc' dir='ltr'>καὶ</span> <span class='ocrx_word' id='word_1_32' title='bbox 775 780 819 864; x_wconf 73' lang='grc' dir='ltr'>μὴ</span> <span class='ocrx_word' id='word_1_33' title='bbox 836 778 1032 865; x_wconf 84' lang='grc' dir='ltr'>διαφθείραν-</span> <span class='ocrx_word' id='word_1_34' title='bbox 1078 780 1234 859; x_wconf 86' lang='lat' dir='ltr'>ruptione</span> <span class='ocrx_word' id='word_1_35' title='bbox 1258 779 1439 857; x_wconf 78' lang='lat' dir='ltr'>mgientes,</span> <span class='ocrx_word' id='word_1_36' title='bbox 1455 764 1618 841; x_wconf 83' lang='lat' dir='ltr'>nimirum</span> <span class='ocrx_word' id='word_1_37' title='bbox 1642 797 1662 841; x_wconf 90' lang='lat' dir='ltr'>a</span> <span class='ocrx_word' id='word_1_38' title='bbox 1685 783 1829 860; x_wconf 88' lang='lat' dir='ltr'>peccato,</span> 
     </span>
     <span class='ocr_line' id='line_1_5' title="bbox 282 879 1828 968; baseline 0.001 -24"><span class='ocrx_word' id='word_1_39' title='bbox 282 901 334 958; x_wconf 87' lang='grc' dir='ltr'>τες</span> <span class='ocrx_word' id='word_1_40' title='bbox 349 883 422 959; x_wconf 84' lang='grc' dir='ltr'>τοὺς</span> <span class='ocrx_word' id='word_1_41' title='bbox 437 879 574 966; x_wconf 83' lang='grc' dir='ltr'>εὐσεβεῖς</span> <span class='ocrx_word' id='word_1_42' title='bbox 586 880 768 967; x_wconf 88' lang='grc' dir='ltr'>λογισμοὺς,</span> <span class='ocrx_word' id='word_1_43' title='bbox 784 884 842 968; x_wconf 84' lang='grc' dir='ltr'>τὴν</span> <span class='ocrx_word' id='word_1_44' title='bbox 854 882 1031 967; x_wconf 76' lang='grc' dir='ltr'>ἀφθαρσίαν</span> <span class='ocrx_word' id='word_1_45' title='bbox 1077 883 1161 943; x_wconf 91' lang='lat' dir='ltr'>etin</span> <span class='ocrx_word' id='word_1_46' title='bbox 1179 883 1381 960; x_wconf 86' lang='lat' dir='ltr'>integritate</span> <span class='ocrx_word' id='word_1_47' title='bbox 1407 882 1537 945; x_wconf 87' lang='lat' dir='ltr'>illibata</span> <span class='ocrx_word' id='word_1_48' title='bbox 1561 883 1743 961; x_wconf 85' lang='lat' dir='ltr'>diligentes</span> <span class='ocrx_word' id='word_1_49' title='bbox 1766 884 1828 946; x_wconf 93' lang='lat' dir='ltr'>Do-</span> 
     </span>
     <span class='ocr_line' id='line_1_6' title="bbox 282 983 1825 1070; baseline 0 -22"><span class='ocrx_word' id='word_1_50' title='bbox 282 983 572 1070; x_wconf 81' lang='grc' dir='ltr'>κληρονομήσωμεν</span> <span class='ocrx_word' id='word_1_51' title='bbox 583 988 667 1050; x_wconf 82' lang='grc' dir='ltr'>κατὰ</span> <span class='ocrx_word' id='word_1_52' title='bbox 680 988 737 1070; x_wconf 78' lang='grc' dir='ltr'>τὴν</span> <span class='ocrx_word' id='word_1_53' title='bbox 750 986 874 1051; x_wconf 86' lang='grc' dir='ltr'>δικαίαν</span> <span class='ocrx_word' id='word_1_54' title='bbox 885 997 941 1052; x_wconf 84' lang='grc' dir='ltr'>τοῦ</span> <span class='ocrx_word' id='word_1_55' title='bbox 949 986 1031 1053; x_wconf 84' lang='grc' dir='ltr'>Θεοῦ</span> <span class='ocrx_word' id='word_1_56' title='bbox 1079 987 1221 1064; x_wconf 90' lang='lat' dir='ltr'>minum,</span> <span class='ocrx_word' id='word_1_57' title='bbox 1238 985 1273 1049; x_wconf 94' lang='lat' dir='ltr'>id</span> <span class='ocrx_word' id='word_1_58' title='bbox 1296 990 1348 1049; x_wconf 90' lang='lat' dir='ltr'>est</span> <span class='ocrx_word' id='word_1_59' title='bbox 1370 987 1405 1048; x_wconf 92' lang='lat' dir='ltr'>in</span> <span class='ocrx_word' id='word_1_60' title='bbox 1428 987 1566 1064; x_wconf 86' lang='lat' dir='ltr'>virtute,</span> <span class='ocrx_word' id='word_1_61' title='bbox 1592 1003 1701 1065; x_wconf 90' lang='lat' dir='ltr'>neque</span> <span class='ocrx_word' id='word_1_62' title='bbox 1723 990 1825 1048; x_wconf 79' lang='lat' dir='ltr'>teme</span> 
     </span>
     <span class='ocr_line' id='line_1_7' title="bbox 283 1087 1827 1176; baseline 0 -24"><span class='ocrx_word' id='word_1_63' title='bbox 283 1087 393 1173; x_wconf 88' lang='grc' dir='ltr'>κρίσιν,</span> <span class='ocrx_word' id='word_1_64' title='bbox 405 1091 446 1173; x_wconf 68' lang='grc' dir='ltr'>ἧς</span> <span class='ocrx_word' id='word_1_65' title='bbox 457 1088 627 1174; x_wconf 77' lang='grc' dir='ltr'>πρόρρησιν</span> <span class='ocrx_word' id='word_1_66' title='bbox 635 1089 975 1176; x_wconf 82' lang='grc' dir='ltr'>έχειὺψαλμός·ὑγάρ</span> <span class='ocrx_word' id='word_1_67' title='bbox 987 1092 1031 1167; x_wconf 88' lang='grc' dir='ltr'>εἰς</span> <span class='ocrx_word' id='word_1_68' title='bbox 1079 1094 1193 1152; x_wconf 88' lang='lat' dir='ltr'>rantes</span> <span class='ocrx_word' id='word_1_69' title='bbox 1223 1089 1295 1169; x_wconf 92' lang='lat' dir='ltr'>pios</span> <span class='ocrx_word' id='word_1_70' title='bbox 1322 1089 1501 1167; x_wconf 82' lang='lat' dir='ltr'>cogitatus,</span> <span class='ocrx_word' id='word_1_71' title='bbox 1529 1088 1827 1170; x_wconf 88' lang='lat' dir='ltr'>incorruptibilita-</span> 
     </span>
     <span class='ocr_line' id='line_1_8' title="bbox 284 1191 1827 1279; baseline 0 -23"><span class='ocrx_word' id='word_1_72' title='bbox 284 1196 320 1257; x_wconf 83' lang='grc' dir='ltr'>τὸ</span> <span class='ocrx_word' id='word_1_73' title='bbox 332 1192 420 1270; x_wconf 82' lang='grc' dir='ltr'><strong>τέλος</strong></span> <span class='ocrx_word' id='word_1_74' title='bbox 436 1193 517 1277; x_wconf 81' lang='grc' dir='ltr'>ὑμῶν</span> <span class='ocrx_word' id='word_1_75' title='bbox 531 1195 586 1258; x_wconf 88' lang='grc' dir='ltr'>καί</span> <span class='ocrx_word' id='word_1_76' title='bbox 600 1203 696 1258; x_wconf 82' lang='grc' dir='ltr'>ποιῶν</span> <span class='ocrx_word' id='word_1_77' title='bbox 716 1196 751 1258; x_wconf 85' lang='grc' dir='ltr'>τὸ</span> <span class='ocrx_word' id='word_1_78' title='bbox 770 1204 827 1279; x_wconf 71' lang='grc' dir='ltr'>τῆς</span> <span class='ocrx_word' id='word_1_79' title='bbox 843 1192 1030 1279; x_wconf 82' lang='grc' dir='ltr'>ἀφθαρσίας,</span> <span class='ocrx_word' id='word_1_80' title='bbox 1079 1197 1147 1254; x_wconf 88' lang='lat' dir='ltr'>tem</span> <span class='ocrx_word' id='word_1_81' title='bbox 1159 1209 1407 1273; x_wconf 81' lang='lat' dir='ltr'>consequamur</span> <span class='ocrx_word' id='word_1_82' title='bbox 1418 1191 1496 1271; x_wconf 86' lang='lat' dir='ltr'>jure</span> <span class='ocrx_word' id='word_1_83' title='bbox 1508 1191 1827 1272; x_wconf 68' lang='lat' dir='ltr'>haereditatiaJuxta</span> 
     </span>
     <span class='ocr_line' id='line_1_9' title="bbox 283 1294 1826 1383; baseline -0.001 -23"><span class='ocrx_word' id='word_1_84' title='bbox 283 1295 422 1382; x_wconf 76' lang='grc' dir='ltr'>κέκραγε</span> <span class='ocrx_word' id='word_1_85' title='bbox 434 1296 469 1361; x_wconf 87' lang='grc' dir='ltr'>τό</span> <span class='ocrx_word' id='word_1_86' title='bbox 482 1318 489 1333; x_wconf 92' lang='grc'><em>·</em></span> <span class='ocrx_word' id='word_1_87' title='bbox 501 1296 554 1382; x_wconf 83' lang='grc' dir='ltr'>Μὴ</span> <span class='ocrx_word' id='word_1_88' title='bbox 568 1297 757 1382; x_wconf 71' lang='grc' dir='ltr'>διαφθείρῃς.</span> <span class='ocrx_word' id='word_1_89' title='bbox 771 1297 915 1383; x_wconf 86' lang='grc' dir='ltr'>Ὀργάνῳ</span> <span class='ocrx_word' id='word_1_90' title='bbox 927 1297 961 1362; x_wconf 83' lang='grc' dir='ltr'>δὲ</span> <span class='ocrx_word' id='word_1_91' title='bbox 976 1298 1031 1362; x_wconf 88' lang='grc' dir='ltr'>καί</span> <span class='ocrx_word' id='word_1_92' title='bbox 1081 1312 1219 1375; x_wconf 84' lang='lat' dir='ltr'>aequum</span> <span class='ocrx_word' id='word_1_93' title='bbox 1237 1297 1298 1358; x_wconf 91' lang='lat' dir='ltr'>Dei</span> <span class='ocrx_word' id='word_1_94' title='bbox 1310 1295 1489 1375; x_wconf 89' lang='lat' dir='ltr'>judicium,</span> <span class='ocrx_word' id='word_1_95' title='bbox 1505 1294 1602 1375; x_wconf 88' lang='lat' dir='ltr'>cujus</span> <span class='ocrx_word' id='word_1_96' title='bbox 1625 1297 1826 1376; x_wconf 80' lang='lat' dir='ltr'>procamium</span> 
     </span>
     <span class='ocr_line' id='line_1_10' title="bbox 282 1399 1826 1488; baseline -0.004 -20"><span class='ocrx_word' id='word_1_97' title='bbox 282 1411 370 1488; x_wconf 78' lang='grc' dir='ltr'>φωνῇ</span> <span class='ocrx_word' id='word_1_98' title='bbox 397 1403 415 1468; x_wconf 90' lang='grc' dir='ltr'>ὑ</span> <span class='ocrx_word' id='word_1_99' title='bbox 442 1402 566 1488; x_wconf 79' lang='grc' dir='ltr'>ψαλμὺς</span> <span class='ocrx_word' id='word_1_100' title='bbox 594 1403 812 1468; x_wconf 83' lang='grc' dir='ltr'>ἀποτελεῖται·</span> <span class='ocrx_word' id='word_1_101' title='bbox 835 1406 882 1469; x_wconf 85' lang='grc' dir='ltr'>διὸ</span> <span class='ocrx_word' id='word_1_102' title='bbox 906 1402 1030 1488; x_wconf 78' lang='grc' dir='ltr'>ψαλμθς</span> <span class='ocrx_word' id='word_1_103' title='bbox 1080 1401 1231 1480; x_wconf 88' lang='lat' dir='ltr'>psalmus</span> <span class='ocrx_word' id='word_1_104' title='bbox 1245 1400 1357 1462; x_wconf 89' lang='lat' dir='ltr'>habet.</span> <span class='ocrx_word' id='word_1_105' title='bbox 1373 1400 1436 1475; x_wconf 90' lang='lat' dir='ltr'>Qui</span> <span class='ocrx_word' id='word_1_106' title='bbox 1459 1399 1548 1462; x_wconf 90' lang='lat' dir='ltr'>enim</span> <span class='ocrx_word' id='word_1_107' title='bbox 1572 1399 1709 1479; x_wconf 83' lang='lat' dir='ltr'><strong>respicit</strong></span> <span class='ocrx_word' id='word_1_108' title='bbox 1730 1399 1768 1462; x_wconf 80' lang='lat' dir='ltr'>ia</span> <span class='ocrx_word' id='word_1_109' title='bbox 1778 1399 1826 1481; x_wconf 52' lang='lat' dir='ltr'>st*</span> 
     </span>
     <span class='ocr_line' id='line_1_11' title="bbox 280 1503 1827 1593; baseline -0.003 -23"><span class='ocrx_word' id='word_1_110' title='bbox 280 1507 365 1591; x_wconf 72' lang='grc' dir='ltr'><strong>ῲδῆς</strong></span> <span class='ocrx_word' id='word_1_111' title='bbox 380 1505 616 1593; x_wconf 79' lang='grc' dir='ltr'>ἐπιγέγραπται,</span> <span class='ocrx_word' id='word_1_112' title='bbox 639 1507 812 1592; x_wconf 83' lang='grc' dir='ltr'>δηλωτικὺς</span> <span class='ocrx_word' id='word_1_113' title='bbox 829 1507 872 1574; x_wconf 80' lang='grc' dir='ltr'>ὢν</span> <span class='ocrx_word' id='word_1_114' title='bbox 894 1518 950 1572; x_wconf 86' lang='grc' dir='ltr'>τοὺ</span> <span class='ocrx_word' id='word_1_115' title='bbox 965 1509 1029 1574; x_wconf 85' lang='grc' dir='ltr'>δεῖν</span> <span class='ocrx_word' id='word_1_116' title='bbox 1078 1519 1161 1581; x_wconf 72' lang='lat' dir='ltr'>mm,</span> <span class='ocrx_word' id='word_1_117' title='bbox 1182 1509 1215 1565; x_wconf 90' lang='lat' dir='ltr'>et</span> <span class='ocrx_word' id='word_1_118' title='bbox 1231 1503 1367 1583; x_wconf 79' lang='lat' dir='ltr'>peragit</span> <span class='ocrx_word' id='word_1_119' title='bbox 1381 1519 1483 1582; x_wconf 92' lang='lat' dir='ltr'>opera</span> <span class='ocrx_word' id='word_1_120' title='bbox 1498 1503 1706 1564; x_wconf 82' lang='lat' dir='ltr'>intemeratae</span> <span class='ocrx_word' id='word_1_121' title='bbox 1720 1503 1827 1565; x_wconf 84' lang='lat' dir='ltr'>virtu·</span> 
     </span>
     <span class='ocr_line' id='line_1_12' title="bbox 280 1606 1827 1697; baseline -0.005 -23"><span class='ocrx_word' id='word_1_122' title='bbox 280 1609 364 1695; x_wconf 84' lang='grc' dir='ltr'>ἡμᾶς</span> <span class='ocrx_word' id='word_1_123' title='bbox 379 1612 434 1674; x_wconf 82' lang='grc' dir='ltr'>καὶ</span> <span class='ocrx_word' id='word_1_124' title='bbox 449 1609 572 1695; x_wconf 77' lang='grc' dir='ltr'>ὀργάνῳ</span> <span class='ocrx_word' id='word_1_125' title='bbox 587 1611 639 1675; x_wconf 83' lang='grc' dir='ltr'>διά</span> <span class='ocrx_word' id='word_1_126' title='bbox 659 1621 720 1676; x_wconf 84' lang='grc' dir='ltr'>τῶν</span> <span class='ocrx_word' id='word_1_127' title='bbox 740 1621 927 1697; x_wconf 80' lang='grc' dir='ltr'>σωματικῶν</span> <span class='ocrx_word' id='word_1_128' title='bbox 942 1609 1029 1694; x_wconf 80' lang='grc' dir='ltr'>κινή-</span> <span class='ocrx_word' id='word_1_129' title='bbox 1081 1606 1135 1684; x_wconf 84' lang='lat' dir='ltr'>tis,</span> <span class='ocrx_word' id='word_1_130' title='bbox 1151 1607 1312 1668; x_wconf 86' lang='lat' dir='ltr'>clamavit</span> <span class='ocrx_word' id='word_1_131' title='bbox 1327 1606 1408 1669; x_wconf 89' lang='lat' dir='ltr'>hoc:</span> <span class='ocrx_word' id='word_1_132' title='bbox 1424 1623 1463 1669; x_wconf 84' lang='lat' dir='ltr'>ae</span> <span class='ocrx_word' id='word_1_133' title='bbox 1477 1609 1686 1685; x_wconf 75' lang='lat' dir='ltr'>corrumpas!</span> <span class='ocrx_word' id='word_1_134' title='bbox 1701 1608 1827 1669; x_wconf 89' lang='lat' dir='ltr'>Instru-</span> 
     </span>
     <span class='ocr_line' id='line_1_13' title="bbox 282 1709 1826 1802; baseline -0.005 -23"><span class='ocrx_word' id='word_1_135' title='bbox 282 1736 362 1780; x_wconf 89' lang='grc' dir='ltr'>σεων</span> <span class='ocrx_word' id='word_1_136' title='bbox 377 1715 482 1800; x_wconf 84' lang='grc' dir='ltr'>ὑμνεῖν</span> <span class='ocrx_word' id='word_1_137' title='bbox 497 1717 550 1779; x_wconf 78' lang='grc' dir='ltr'>τὸν</span> <span class='ocrx_word' id='word_1_138' title='bbox 566 1714 657 1796; x_wconf 86' lang='grc' dir='ltr'>Θεὸν,</span> <span class='ocrx_word' id='word_1_139' title='bbox 673 1718 728 1780; x_wconf 86' lang='grc' dir='ltr'>καί</span> <span class='ocrx_word' id='word_1_140' title='bbox 744 1725 830 1802; x_wconf 74' lang='grc' dir='ltr'>φωνῇ</span> <span class='ocrx_word' id='word_1_141' title='bbox 853 1725 961 1802; x_wconf 74' lang='grc' dir='ltr'>νοητῇ,</span> <span class='ocrx_word' id='word_1_142' title='bbox 978 1717 1030 1781; x_wconf 83' lang='grc' dir='ltr'>διά</span> <span class='ocrx_word' id='word_1_143' title='bbox 1082 1714 1196 1772; x_wconf 88' lang='lat' dir='ltr'>mento</span> <span class='ocrx_word' id='word_1_144' title='bbox 1209 1717 1323 1773; x_wconf 88' lang='lat' dir='ltr'>autem</span> <span class='ocrx_word' id='word_1_145' title='bbox 1335 1717 1368 1772; x_wconf 90' lang='lat' dir='ltr'>et</span> <span class='ocrx_word' id='word_1_146' title='bbox 1380 1727 1460 1774; x_wconf 87' lang='lat' dir='ltr'>voce</span> <span class='ocrx_word' id='word_1_147' title='bbox 1472 1712 1623 1791; x_wconf 86' lang='lat' dir='ltr'>psalmus</span> <span class='ocrx_word' id='word_1_148' title='bbox 1638 1709 1826 1789; x_wconf 69' lang='lat' dir='ltr'>conticitum</span> 
     </span>
     <span class='ocr_line' id='line_1_14' title="bbox 280 1813 1825 1907; baseline -0.002 -29"><span class='ocrx_word' id='word_1_149' title='bbox 280 1826 336 1882; x_wconf 83' lang='grc' dir='ltr'>τοῦ</span> <span class='ocrx_word' id='word_1_150' title='bbox 347 1821 401 1883; x_wconf 83' lang='grc' dir='ltr'>τὸν</span> <span class='ocrx_word' id='word_1_151' title='bbox 415 1828 488 1884; x_wconf 77' lang='grc' dir='ltr'>νοῦν</span> <span class='ocrx_word' id='word_1_152' title='bbox 500 1818 683 1885; x_wconf 75' lang='grc' dir='ltr'>ἀνακεῖσθαι</span> <span class='ocrx_word' id='word_1_153' title='bbox 694 1830 737 1906; x_wconf 74' lang='grc' dir='ltr'>τῷ</span> <span class='ocrx_word' id='word_1_154' title='bbox 758 1822 946 1907; x_wconf 67' lang='grc' dir='ltr'>δημιουργῷ,</span> <span class='ocrx_word' id='word_1_155' title='bbox 965 1819 1026 1886; x_wconf 66' lang='lat' dir='ltr'>Ae.</span> <span class='ocrx_word' id='word_1_156' title='bbox 1079 1813 1665 1895; x_wconf 79' lang='lat' dir='ltr'>ideopralmcscanticiinscribitur3</span> <span class='ocrx_word' id='word_1_157' title='bbox 1679 1829 1825 1894; x_wconf 82' lang='lat' dir='ltr'>quomo</span> 
     </span>
     <span class='ocr_line' id='line_1_15' title="bbox 280 1922 1827 2010; baseline -0.003 -26"><span class='ocrx_word' id='word_1_158' title='bbox 280 1943 370 2008; x_wconf 83' lang='grc' dir='ltr'>γεται</span> <span class='ocrx_word' id='word_1_159' title='bbox 386 1923 421 1987; x_wconf 83' lang='grc' dir='ltr'>δέ</span> <span class='ocrx_word' id='word_1_160' title='bbox 436 1925 520 1988; x_wconf 80' lang='grc' dir='ltr'>κατὰ</span> <span class='ocrx_word' id='word_1_161' title='bbox 532 1925 588 2010; x_wconf 78' lang='grc' dir='ltr'>μὲν</span> <span class='ocrx_word' id='word_1_162' title='bbox 603 1926 662 2009; x_wconf 75' lang='grc' dir='ltr'>τὴν</span> <span class='ocrx_word' id='word_1_163' title='bbox 685 1922 789 2010; x_wconf 77' lang='grc' dir='ltr'>ἀρχὴν</span> <span class='ocrx_word' id='word_1_164' title='bbox 804 1925 864 1990; x_wconf 72' lang='grc' dir='ltr'>ὑπὸ</span> <span class='ocrx_word' id='word_1_165' title='bbox 880 1923 1029 2009; x_wconf 67' lang='grc' dir='ltr'>πλήθους,</span> <span class='ocrx_word' id='word_1_166' title='bbox 1084 1935 1214 1996; x_wconf 88' lang='lat' dir='ltr'>nemur,</span> <span class='ocrx_word' id='word_1_167' title='bbox 1230 1922 1384 1998; x_wconf 87' lang='lat' dir='ltr'>oportere</span> <span class='ocrx_word' id='word_1_168' title='bbox 1398 1934 1459 1979; x_wconf 92' lang='lat' dir='ltr'>nos</span> <span class='ocrx_word' id='word_1_169' title='bbox 1475 1922 1601 1980; x_wconf 91' lang='lat' dir='ltr'>etcum</span> <span class='ocrx_word' id='word_1_170' title='bbox 1617 1933 1746 1996; x_wconf 90' lang='lat' dir='ltr'>organo</span> <span class='ocrx_word' id='word_1_171' title='bbox 1768 1935 1827 1998; x_wconf 92' lang='lat' dir='ltr'>per</span> 
     </span>
     <span class='ocr_line' id='line_1_16' title="bbox 282 2021 1824 2113; baseline -0.004 -25"><span class='ocrx_word' id='word_1_172' title='bbox 282 2026 354 2112; x_wconf 76' lang='grc' dir='ltr'>έξῆς</span> <span class='ocrx_word' id='word_1_173' title='bbox 377 2028 412 2091; x_wconf 80' lang='grc' dir='ltr'>δὲ</span> <span class='ocrx_word' id='word_1_174' title='bbox 434 2028 494 2091; x_wconf 81' lang='grc' dir='ltr'>ὑπὸ</span> <span class='ocrx_word' id='word_1_175' title='bbox 510 2027 588 2104; x_wconf 80' lang='grc' dir='ltr'>ἑνός,</span> <span class='ocrx_word' id='word_1_176' title='bbox 611 2026 686 2093; x_wconf 81' lang='grc' dir='ltr'>Νόει</span> <span class='ocrx_word' id='word_1_177' title='bbox 701 2039 755 2094; x_wconf 73' lang='grc' dir='ltr'>νῦν</span> <span class='ocrx_word' id='word_1_178' title='bbox 777 2030 813 2091; x_wconf 73' lang='grc' dir='ltr'>τὸ</span> <span class='ocrx_word' id='word_1_179' title='bbox 837 2029 894 2113; x_wconf 76' lang='grc' dir='ltr'>μὲν</span> <span class='ocrx_word' id='word_1_180' title='bbox 909 2029 1029 2113; x_wconf 71' lang='grc' dir='ltr'>πλῆθος</span> <span class='ocrx_word' id='word_1_181' title='bbox 1081 2038 1257 2102; x_wconf 89' lang='lat' dir='ltr'>corporeos</span> <span class='ocrx_word' id='word_1_182' title='bbox 1269 2026 1380 2084; x_wconf 91' lang='lat' dir='ltr'>motus</span> <span class='ocrx_word' id='word_1_183' title='bbox 1392 2021 1561 2085; x_wconf 89' lang='lat' dir='ltr'>celebrare</span> <span class='ocrx_word' id='word_1_184' title='bbox 1571 2023 1690 2102; x_wconf 88' lang='lat' dir='ltr'>Deum,</span> <span class='ocrx_word' id='word_1_185' title='bbox 1702 2025 1736 2084; x_wconf 89' lang='lat' dir='ltr'>et</span> <span class='ocrx_word' id='word_1_186' title='bbox 1746 2039 1824 2084; x_wconf 92' lang='lat' dir='ltr'>cum</span> 
     </span>
     <span class='ocr_line' id='line_1_17' title="bbox 283 2123 1822 2217; baseline -0.003 -25"><span class='ocrx_word' id='word_1_187' title='bbox 283 2132 342 2216; x_wconf 69' lang='grc' dir='ltr'>τὴν</span> <span class='ocrx_word' id='word_1_188' title='bbox 353 2128 527 2215; x_wconf 76' lang='grc' dir='ltr'>ἐκκλησίαν</span> <span class='ocrx_word' id='word_1_189' title='bbox 538 2132 627 2212; x_wconf 78' lang='grc' dir='ltr'>εῖναι,</span> <span class='ocrx_word' id='word_1_190' title='bbox 643 2134 700 2217; x_wconf 72' lang='grc' dir='ltr'>τὴν</span> <span class='ocrx_word' id='word_1_191' title='bbox 716 2131 779 2195; x_wconf 79' lang='grc' dir='ltr'>ἀπὸ</span> <span class='ocrx_word' id='word_1_192' title='bbox 801 2130 898 2197; x_wconf 76' lang='grc' dir='ltr'>ἐθνῶν</span> <span class='ocrx_word' id='word_1_193' title='bbox 913 2131 1029 2217; x_wconf 70' lang='grc' dir='ltr'>κεκλη-</span> <span class='ocrx_word' id='word_1_194' title='bbox 1077 2142 1158 2188; x_wconf 87' lang='lat' dir='ltr'>voce</span> <span class='ocrx_word' id='word_1_195' title='bbox 1180 2125 1350 2205; x_wconf 80' lang='lat' dir='ltr'>spirituali</span> <span class='ocrx_word' id='word_1_196' title='bbox 1374 2142 1434 2206; x_wconf 92' lang='lat' dir='ltr'>per</span> <span class='ocrx_word' id='word_1_197' title='bbox 1456 2129 1605 2188; x_wconf 89' lang='lat' dir='ltr'>mentem</span> <span class='ocrx_word' id='word_1_198' title='bbox 1634 2123 1822 2204; x_wconf 84' lang='lat' dir='ltr'>subjectam</span> 
     </span>
     <span class='ocr_line' id='line_1_18' title="bbox 284 2228 1821 2321; baseline -0.004 -25"><span class='ocrx_word' id='word_1_199' title='bbox 284 2233 381 2320; x_wconf 79' lang='grc' dir='ltr'>μένην</span> <span class='ocrx_word' id='word_1_200' title='bbox 393 2237 447 2299; x_wconf 84' lang='grc' dir='ltr'>καί</span> <span class='ocrx_word' id='word_1_201' title='bbox 459 2235 685 2301; x_wconf 80' lang='grc' dir='ltr'>ὑπακούσασαν</span> <span class='ocrx_word' id='word_1_202' title='bbox 697 2244 740 2320; x_wconf 76' lang='grc' dir='ltr'>τῷ</span> <span class='ocrx_word' id='word_1_203' title='bbox 752 2234 940 2301; x_wconf 74' lang='grc' dir='ltr'>καλέσαντι·</span> <span class='ocrx_word' id='word_1_204' title='bbox 953 2235 1031 2321; x_wconf 80' lang='grc' dir='ltr'>μᾶλ-</span> <span class='ocrx_word' id='word_1_205' title='bbox 1077 2229 1236 2291; x_wconf 84' lang='lat' dir='ltr'>Creatori.</span> <span class='ocrx_word' id='word_1_206' title='bbox 1253 2228 1501 2291; x_wconf 89' lang='lat' dir='ltr'>Pronunciatur</span> <span class='ocrx_word' id='word_1_207' title='bbox 1516 2233 1630 2291; x_wconf 89' lang='lat' dir='ltr'>autem</span> <span class='ocrx_word' id='word_1_208' title='bbox 1647 2229 1682 2290; x_wconf 92' lang='lat' dir='ltr'>in</span> <span class='ocrx_word' id='word_1_209' title='bbox 1698 2228 1821 2309; x_wconf 92' lang='lat' dir='ltr'>princi·</span> 
     </span>
     <span class='ocr_line' id='line_1_19' title="bbox 284 2331 1821 2423; baseline -0.004 -23"><span class='ocrx_word' id='word_1_210' title='bbox 284 2331 340 2400; x_wconf 84' lang='grc' dir='ltr'>λον</span> <span class='ocrx_word' id='word_1_211' title='bbox 355 2337 390 2400; x_wconf 80' lang='grc' dir='ltr'>δὲ</span> <span class='ocrx_word' id='word_1_212' title='bbox 405 2338 441 2400; x_wconf 83' lang='grc' dir='ltr'>τὸ</span> <span class='ocrx_word' id='word_1_213' title='bbox 456 2346 518 2402; x_wconf 82' lang='grc' dir='ltr'>τῶν</span> <span class='ocrx_word' id='word_1_214' title='bbox 533 2337 716 2404; x_wconf 79' lang='grc' dir='ltr'>ἀποστόλων</span> <span class='ocrx_word' id='word_1_215' title='bbox 727 2336 903 2422; x_wconf 81' lang='grc' dir='ltr'>πρόσωπον,</span> <span class='ocrx_word' id='word_1_216' title='bbox 919 2360 1031 2423; x_wconf 89' lang='grc' dir='ltr'>παραι-</span> <span class='ocrx_word' id='word_1_217' title='bbox 1077 2334 1133 2414; x_wconf 89' lang='lat' dir='ltr'>pio</span> <span class='ocrx_word' id='word_1_218' title='bbox 1148 2351 1168 2395; x_wconf 90' lang='lat' dir='ltr'>a</span> <span class='ocrx_word' id='word_1_219' title='bbox 1183 2333 1413 2413; x_wconf 90' lang='lat' dir='ltr'>multitudine,</span> <span class='ocrx_word' id='word_1_220' title='bbox 1437 2337 1551 2414; x_wconf 89' lang='lat' dir='ltr'>postea</span> <span class='ocrx_word' id='word_1_221' title='bbox 1574 2349 1654 2395; x_wconf 90' lang='lat' dir='ltr'>vero</span> <span class='ocrx_word' id='word_1_222' title='bbox 1677 2333 1720 2395; x_wconf 92' lang='lat' dir='ltr'>ab</span> <span class='ocrx_word' id='word_1_223' title='bbox 1744 2349 1821 2396; x_wconf 93' lang='lat' dir='ltr'>uno.</span> 
     </span>
     <span class='ocr_line' id='line_1_20' title="bbox 285 2436 1821 2528; baseline -0.005 -22"><span class='ocrx_word' id='word_1_224' title='bbox 285 2451 357 2506; x_wconf 84' lang='grc' dir='ltr'>νοὺν</span> <span class='ocrx_word' id='word_1_225' title='bbox 371 2450 435 2517; x_wconf 89' lang='grc' dir='ltr'>τοῖς</span> <span class='ocrx_word' id='word_1_226' title='bbox 451 2440 624 2524; x_wconf 78' lang='grc' dir='ltr'>ἀνθρώποις</span> <span class='ocrx_word' id='word_1_227' title='bbox 640 2442 797 2525; x_wconf 79' lang='grc' dir='ltr'>σωτηρίας</span> <span class='ocrx_word' id='word_1_228' title='bbox 811 2440 951 2528; x_wconf 80' lang='grc' dir='ltr'>ἔχεσθαι,</span> <span class='ocrx_word' id='word_1_229' title='bbox 968 2443 1033 2526; x_wconf 85' lang='grc' dir='ltr'>[διά</span> <span class='ocrx_word' id='word_1_230' title='bbox 1077 2439 1166 2501; x_wconf 85' lang='lat' dir='ltr'>Scito</span> <span class='ocrx_word' id='word_1_231' title='bbox 1189 2441 1280 2500; x_wconf 83' lang='lat' dir='ltr'>nunc</span> <span class='ocrx_word' id='word_1_232' title='bbox 1303 2438 1452 2518; x_wconf 90' lang='lat' dir='ltr'>primum</span> <span class='ocrx_word' id='word_1_233' title='bbox 1473 2436 1726 2500; x_wconf 84' lang='lat' dir='ltr'>multitudinem</span> <span class='ocrx_word' id='word_1_234' title='bbox 1750 2453 1821 2500; x_wconf 88' lang='lat' dir='ltr'>esse</span> 
     </span>
     <span class='ocr_line' id='line_1_21' title="bbox 286 2541 1826 2630; baseline -0.003 -22"><span class='ocrx_word' id='word_1_235' title='bbox 286 2545 335 2629; x_wconf 87' lang='grc' dir='ltr'>τὸ]</span> <span class='ocrx_word' id='word_1_236' title='bbox 352 2544 571 2630; x_wconf 84' lang='grc' dir='ltr'>ὑποτιθέμενον</span> <span class='ocrx_word' id='word_1_237' title='bbox 583 2549 690 2623; x_wconf 84' lang='grc' dir='ltr'>αὐτοῖς</span> <span class='ocrx_word' id='word_1_238' title='bbox 704 2548 739 2610; x_wconf 83' lang='grc' dir='ltr'>τὸ</span> <span class='ocrx_word' id='word_1_239' title='bbox 755 2544 848 2612; x_wconf 88' lang='grc' dir='ltr'>Θεῖον</span> <span class='ocrx_word' id='word_1_240' title='bbox 860 2547 962 2612; x_wconf 87' lang='grc' dir='ltr'>έκεῖνο</span> <span class='ocrx_word' id='word_1_241' title='bbox 977 2548 1032 2610; x_wconf 89' lang='grc' dir='ltr'>καί</span> <span class='ocrx_word' id='word_1_242' title='bbox 1077 2543 1303 2620; x_wconf 87' lang='lat' dir='ltr'>Ecclesiam,a</span> <span class='ocrx_word' id='word_1_243' title='bbox 1315 2541 1476 2619; x_wconf 84' lang='lat' dir='ltr'>gentibus</span> <span class='ocrx_word' id='word_1_244' title='bbox 1492 2542 1633 2604; x_wconf 89' lang='lat' dir='ltr'>electam</span> <span class='ocrx_word' id='word_1_245' title='bbox 1646 2545 1680 2603; x_wconf 90' lang='lat' dir='ltr'>et</span> <span class='ocrx_word' id='word_1_246' title='bbox 1692 2557 1826 2621; x_wconf 90' lang='lat' dir='ltr'>respon-</span> 
     </span>
     <span class='ocr_line' id='line_1_22' title="bbox 285 2645 1821 2734; baseline -0.003 -23"><span class='ocrx_word' id='word_1_247' title='bbox 285 2646 424 2733; x_wconf 85' lang='grc' dir='ltr'>ροὺηρὸν</span> <span class='ocrx_word' id='word_1_248' title='bbox 447 2647 656 2734; x_wconf 75' lang='grc' dir='ltr'>δικαστήριον.</span> <span class='ocrx_word' id='word_1_249' title='bbox 682 2649 744 2714; x_wconf 86' lang='grc' dir='ltr'>Τὸν</span> <span class='ocrx_word' id='word_1_250' title='bbox 768 2649 804 2714; x_wconf 83' lang='grc' dir='ltr'>δὲ</span> <span class='ocrx_word' id='word_1_251' title='bbox 828 2652 884 2715; x_wconf 90' lang='grc' dir='ltr'>ένα</span> <span class='ocrx_word' id='word_1_252' title='bbox 898 2652 952 2717; x_wconf 84' lang='grc' dir='ltr'>τὸν</span> <span class='ocrx_word' id='word_1_253' title='bbox 967 2649 1032 2714; x_wconf 90' lang='grc' dir='ltr'>Κὺ-</span> <span class='ocrx_word' id='word_1_254' title='bbox 1076 2646 1210 2709; x_wconf 84' lang='lat' dir='ltr'>dentem</span> <span class='ocrx_word' id='word_1_255' title='bbox 1223 2647 1357 2710; x_wconf 87' lang='lat' dir='ltr'>vocanti</span> <span class='ocrx_word' id='word_1_256' title='bbox 1370 2663 1454 2725; x_wconf 88' lang='lat' dir='ltr'>eam;</span> <span class='ocrx_word' id='word_1_257' title='bbox 1466 2648 1521 2709; x_wconf 86' lang='lat' dir='ltr'>vel</span> <span class='ocrx_word' id='word_1_258' title='bbox 1533 2647 1645 2726; x_wconf 88' lang='lat' dir='ltr'>potius</span> <span class='ocrx_word' id='word_1_259' title='bbox 1657 2645 1821 2725; x_wconf 77' lang='lat' dir='ltr'>apostolo</span> 
     </span>
     <span class='ocr_line' id='line_1_23' title="bbox 288 2749 1820 2840; baseline -0.004 -23"><span class='ocrx_word' id='word_1_260' title='bbox 288 2773 352 2836; x_wconf 92' lang='grc' dir='ltr'>ριον</span> <span class='ocrx_word' id='word_1_261' title='bbox 368 2755 614 2840; x_wconf 83' lang='grc' dir='ltr'>εὑχαριστοὺντα</span> <span class='ocrx_word' id='word_1_262' title='bbox 630 2755 680 2818; x_wconf 82' lang='grc' dir='ltr'>έπῖ</span> <span class='ocrx_word' id='word_1_263' title='bbox 694 2763 733 2840; x_wconf 75' lang='grc' dir='ltr'>τῇ</span> <span class='ocrx_word' id='word_1_264' title='bbox 748 2752 914 2839; x_wconf 75' lang='grc' dir='ltr'>ἐκκλησίᾳ.</span> <span class='ocrx_word' id='word_1_265' title='bbox 1079 2769 1154 2813; x_wconf 90' lang='lat' dir='ltr'>rum</span> <span class='ocrx_word' id='word_1_266' title='bbox 1169 2766 1347 2831; x_wconf 90' lang='lat' dir='ltr'>personam</span> <span class='ocrx_word' id='word_1_267' title='bbox 1368 2768 1451 2829; x_wconf 84' lang='lat' dir='ltr'>esse,</span> <span class='ocrx_word' id='word_1_268' title='bbox 1466 2750 1620 2812; x_wconf 92' lang='lat' dir='ltr'>homines</span> <span class='ocrx_word' id='word_1_269' title='bbox 1642 2749 1820 2812; x_wconf 79' lang='lat' dir='ltr'>exhortan-</span> 
     </span>
     <span class='ocr_line' id='line_1_24' title="bbox 1077 2854 1824 2944; baseline -0.003 -28"><span class='ocrx_word' id='word_1_270' title='bbox 1077 2855 1164 2918; x_wconf 91' lang='lat' dir='ltr'>tium</span> <span class='ocrx_word' id='word_1_271' title='bbox 1190 2854 1232 2918; x_wconf 91' lang='lat' dir='ltr'>ad</span> <span class='ocrx_word' id='word_1_272' title='bbox 1258 2856 1412 2933; x_wconf 89' lang='lat' dir='ltr'>salutern,</span> <span class='ocrx_word' id='word_1_273' title='bbox 1440 2854 1483 2916; x_wconf 92' lang='lat' dir='ltr'>ob</span> <span class='ocrx_word' id='word_1_274' title='bbox 1508 2855 1591 2935; x_wconf 88' lang='lat' dir='ltr'>ipsis</span> <span class='ocrx_word' id='word_1_275' title='bbox 1612 2857 1824 2944; x_wconf 76' lang='lat' dir='ltr'>reservatum¹</span> 
     </span>
     <span class='ocr_line' id='line_1_25' title="bbox 1078 2957 1822 3022; baseline -0.004 -1"><span class='ocrx_word' id='word_1_276' title='bbox 1078 2959 1233 3022; x_wconf 87' lang='lat' dir='ltr'>divinum</span> <span class='ocrx_word' id='word_1_277' title='bbox 1250 2957 1713 3021; x_wconf 88' lang='lat' dir='ltr'>tribuualacformidandum.</span> <span class='ocrx_word' id='word_1_278' title='bbox 1723 2957 1822 3019; x_wconf 89' lang='lat' dir='ltr'>Dein·</span> 
     </span>
     <span class='ocr_line' id='line_1_26' title="bbox 1077 3061 1820 3139; baseline -0.004 -14"><span class='ocrx_word' id='word_1_279' title='bbox 1077 3062 1118 3125; x_wconf 93' lang='lat' dir='ltr'>de</span> <span class='ocrx_word' id='word_1_280' title='bbox 1145 3064 1228 3126; x_wconf 89' lang='lat' dir='ltr'>scito</span> <span class='ocrx_word' id='word_1_281' title='bbox 1252 3081 1359 3125; x_wconf 91' lang='lat' dir='ltr'>unum</span> <span class='ocrx_word' id='word_1_282' title='bbox 1386 3080 1459 3125; x_wconf 87' lang='lat' dir='ltr'>esse</span> <span class='ocrx_word' id='word_1_283' title='bbox 1485 3063 1666 3125; x_wconf 90' lang='lat' dir='ltr'>Dominum</span> <span class='ocrx_word' id='word_1_284' title='bbox 1691 3061 1820 3139; x_wconf 91' lang='lat' dir='ltr'>gratias</span> 
     </span>
     <span class='ocr_line' id='line_1_27' title="bbox 1077 3166 1497 3245; baseline -0.002 -17"><span class='ocrx_word' id='word_1_285' title='bbox 1077 3182 1137 3245; x_wconf 92' lang='lat' dir='ltr'>pro</span> <span class='ocrx_word' id='word_1_286' title='bbox 1154 3166 1306 3229; x_wconf 78' lang='lat' dir='ltr'>Ecclesia</span> <span class='ocrx_word' id='word_1_287' title='bbox 1327 3169 1497 3244; x_wconf 89' lang='lat' dir='ltr'>agentem.</span> 
     </span>
     <span class='ocr_line' id='line_1_28' title="bbox 332 3267 1824 3366; baseline -0.011 -20"><span class='ocrx_word' id='word_1_288' title='bbox 332 3299 362 3342; x_wconf 87' lang='lat' dir='ltr'>v.</span> <span class='ocrx_word' id='word_1_289' title='bbox 380 3283 410 3344; x_wconf 85' lang='lat'>2.</span> <span class='ocrx_word' id='word_1_290' title='bbox 427 3278 744 3366; x_wconf 81' lang='grc' dir='ltr'>Ἐξομολογησόμεθά</span> <span class='ocrx_word' id='word_1_291' title='bbox 767 3299 826 3362; x_wconf 92' lang='grc' dir='ltr'>σοι,</span> <span class='ocrx_word' id='word_1_292' title='bbox 850 3278 867 3342; x_wconf 89' lang='grc' dir='ltr'>ὑ</span> <span class='ocrx_word' id='word_1_293' title='bbox 890 3277 981 3358; x_wconf 82' lang='grc' dir='ltr'>Θεὸς,</span> <span class='ocrx_word' id='word_1_294' title='bbox 1004 3278 1034 3341; x_wconf 78' lang='grc' dir='ltr'>ὲ-</span> <span class='ocrx_word' id='word_1_295' title='bbox 1122 3287 1152 3330; x_wconf 86' lang='lat' dir='ltr'>v.</span> <span class='ocrx_word' id='word_1_296' title='bbox 1170 3270 1201 3332; x_wconf 85' lang='lat'>2.</span> <span class='ocrx_word' id='word_1_297' title='bbox 1220 3267 1443 3351; x_wconf 80' lang='lat' dir='ltr'>Confitedimur</span> <span class='ocrx_word' id='word_1_298' title='bbox 1466 3267 1526 3332; x_wconf 80' lang='lat' dir='ltr'>tibi</span> <span class='ocrx_word' id='word_1_299' title='bbox 1548 3271 1644 3347; x_wconf 80' lang='lat' dir='ltr'>Deus,</span> <span class='ocrx_word' id='word_1_300' title='bbox 1667 3267 1824 3351; x_wconf 77' lang='lat' dir='ltr'>confitebi-</span> 
     </span>
     <span class='ocr_line' id='line_1_29' title="bbox 287 3371 1757 3536; baseline 0 -103"><span class='ocrx_word' id='word_1_301' title='bbox 287 3382 566 3536; x_wconf 61' lang='grc' dir='ltr'>ξοάμολορησκμεθα</span> <span class='ocrx_word' id='word_1_302' title='bbox 584 3385 639 3448; x_wconf 67' lang='grc' dir='ltr'>χαὶ</span> <span class='ocrx_word' id='word_1_303' title='bbox 654 3382 906 3468; x_wconf 59' lang='grc' dir='ltr'>ἐπίχαλεσόμεθα</span> <span class='ocrx_word' id='word_1_304' title='bbox 918 3386 953 3446; x_wconf 61' lang='grc' dir='ltr'>τὸ</span> <span class='ocrx_word' id='word_1_305' title='bbox 965 3384 1032 3446; x_wconf 63' lang='grc' dir='ltr'>ὀνο.</span> <span class='ocrx_word' id='word_1_306' title='bbox 1077 3371 1235 3450; x_wconf 78' lang='lat' dir='ltr'>martiii,</span> <span class='ocrx_word' id='word_1_307' title='bbox 1254 3376 1286 3435; x_wconf 84' lang='lat' dir='ltr'>et</span> <span class='ocrx_word' id='word_1_308' title='bbox 1299 3372 1515 3438; x_wconf 77' lang='grc' dir='ltr'>ιἰιοοοιιὺῑιιιιιο</span> <span class='ocrx_word' id='word_1_309' title='bbox 1531 3390 1642 3438; x_wconf 77' lang='lat' dir='ltr'>nomeu</span> <span class='ocrx_word' id='word_1_310' title='bbox 1658 3376 1757 3435; x_wconf 81' lang='lat' dir='ltr'>trram.</span> 
     </span>
     <span class='ocr_line' id='line_1_30' title="bbox 288 3493 415 3556; baseline 0 -20"><span class='ocrx_word' id='word_1_311' title='bbox 288 3493 309 3556; x_wconf 91' lang='grc' dir='ltr'>μ</span> <span class='ocrx_word' id='word_1_312' title='bbox 348 3493 415 3536; x_wconf 89' lang='grc' dir='ltr'>σου.</span> 
     </span>
    </p>
   </div>
   <div class='ocr_carea' id='block_1_3' title="bbox 279 3577 1830 4810">
    <p class='ocr_par' dir='ltr' id='par_1_3' title="bbox 279 3577 1830 4810">
     <span class='ocr_line' id='line_1_31' title="bbox 331 3577 1823 3665; baseline 0.001 -22"><span class='ocrx_word' id='word_1_313' title='bbox 331 3577 612 3664; x_wconf 78' lang='grc' dir='ltr'>Εὑχαριστίγσομέν</span> <span class='ocrx_word' id='word_1_314' title='bbox 625 3601 673 3644; x_wconf 91' lang='grc' dir='ltr'>σοι</span> <span class='ocrx_word' id='word_1_315' title='bbox 686 3578 807 3665; x_wconf 80' lang='grc' dir='ltr'>σφόδρα</span> <span class='ocrx_word' id='word_1_316' title='bbox 822 3580 900 3663; x_wconf 82' lang='grc' dir='ltr'>ὑπὲρ</span> <span class='ocrx_word' id='word_1_317' title='bbox 911 3587 972 3643; x_wconf 82' lang='grc' dir='ltr'>τῶν</span> <span class='ocrx_word' id='word_1_318' title='bbox 983 3598 1034 3662; x_wconf 84' lang='grc' dir='ltr'>γε·</span> <span class='ocrx_word' id='word_1_319' title='bbox 1122 3582 1256 3644; x_wconf 85' lang='lat' dir='ltr'>Gratias</span> <span class='ocrx_word' id='word_1_320' title='bbox 1271 3581 1333 3645; x_wconf 89' lang='lat' dir='ltr'>tibi</span> <span class='ocrx_word' id='word_1_321' title='bbox 1356 3582 1574 3645; x_wconf 85' lang='lat' dir='ltr'>vehementer</span> <span class='ocrx_word' id='word_1_322' title='bbox 1596 3598 1740 3660; x_wconf 89' lang='lat' dir='ltr'>agemus</span> <span class='ocrx_word' id='word_1_323' title='bbox 1763 3600 1823 3664; x_wconf 88' lang='lat' dir='ltr'>pro</span> 
     </span>
     <span class='ocr_line' id='line_1_32' title="bbox 279 3681 1826 3769; baseline 0 -23"><span class='ocrx_word' id='word_1_324' title='bbox 279 3682 473 3768; x_wconf 82' lang='grc' dir='ltr'>γενιγμένων·</span> <span class='ocrx_word' id='word_1_325' title='bbox 489 3682 506 3747; x_wconf 88' lang='grc' dir='ltr'>ὑ</span> <span class='ocrx_word' id='word_1_326' title='bbox 521 3684 583 3769; x_wconf 81' lang='grc' dir='ltr'>γάρ</span> <span class='ocrx_word' id='word_1_327' title='bbox 598 3683 824 3768; x_wconf 85' lang='grc' dir='ltr'>διπλασιασμὸς</span> <span class='ocrx_word' id='word_1_328' title='bbox 847 3685 905 3767; x_wconf 75' lang='grc' dir='ltr'>τὴν</span> <span class='ocrx_word' id='word_1_329' title='bbox 926 3681 1031 3748; x_wconf 85' lang='grc' dir='ltr'>έπίτα-</span> <span class='ocrx_word' id='word_1_330' title='bbox 1079 3684 1120 3747; x_wconf 89' lang='lat' dir='ltr'>iis</span> <span class='ocrx_word' id='word_1_331' title='bbox 1138 3702 1213 3766; x_wconf 86' lang='lat' dir='ltr'>quae</span> <span class='ocrx_word' id='word_1_332' title='bbox 1228 3685 1316 3748; x_wconf 82' lang='lat' dir='ltr'>facto</span> <span class='ocrx_word' id='word_1_333' title='bbox 1336 3685 1444 3748; x_wconf 83' lang='lat' dir='ltr'>fuere:</span> <span class='ocrx_word' id='word_1_334' title='bbox 1460 3685 1647 3763; x_wconf 87' lang='lat' dir='ltr'>geminatio</span> <span class='ocrx_word' id='word_1_335' title='bbox 1670 3686 1760 3748; x_wconf 92' lang='lat' dir='ltr'>enim</span> <span class='ocrx_word' id='word_1_336' title='bbox 1777 3686 1826 3747; x_wconf 93' lang='lat' dir='ltr'>in-</span> 
     </span>
     <span class='ocr_line' id='line_1_33' title="bbox 283 3785 1824 3880; baseline -0.001 -28"><span class='ocrx_word' id='word_1_337' title='bbox 283 3809 331 3854; x_wconf 91' lang='grc' dir='ltr'>σιν</span> <span class='ocrx_word' id='word_1_338' title='bbox 341 3796 399 3872; x_wconf 78' lang='grc' dir='ltr'>τῆς</span> <span class='ocrx_word' id='word_1_339' title='bbox 414 3785 613 3880; x_wconf 79' lang='grc' dir='ltr'>εὐχαριστίας</span> <span class='ocrx_word' id='word_1_340' title='bbox 636 3785 779 3852; x_wconf 88' lang='grc' dir='ltr'>δείκνυσι.</span> <span class='ocrx_word' id='word_1_341' title='bbox 796 3785 861 3850; x_wconf 84' lang='grc' dir='ltr'>Καί</span> <span class='ocrx_word' id='word_1_342' title='bbox 876 3789 912 3849; x_wconf 84' lang='grc' dir='ltr'>τὸ</span> <span class='ocrx_word' id='word_1_343' title='bbox 929 3789 984 3852; x_wconf 85' lang='grc' dir='ltr'>σὺν</span> <span class='ocrx_word' id='word_1_344' title='bbox 1001 3787 1032 3849; x_wconf 86' lang='grc' dir='ltr'>ὑ·</span> <span class='ocrx_word' id='word_1_345' title='bbox 1079 3791 1258 3862; x_wconf 79' lang='lat' dir='ltr'>tentiorem</span> <span class='ocrx_word' id='word_1_346' title='bbox 1274 3790 1520 3868; x_wconf 85' lang='lat' dir='ltr'>gratitudinem</span> <span class='ocrx_word' id='word_1_347' title='bbox 1536 3789 1692 3853; x_wconf 88' lang='lat' dir='ltr'>ostendit.</span> <span class='ocrx_word' id='word_1_348' title='bbox 1708 3792 1755 3852; x_wconf 82' lang='lat' dir='ltr'>Ac</span> <span class='ocrx_word' id='word_1_349' title='bbox 1768 3806 1824 3851; x_wconf 80' lang='lat' dir='ltr'>no</span> 
     </span>
     <span class='ocr_line' id='line_1_34' title="bbox 284 3888 1824 3975; baseline 0 -21"><span class='ocrx_word' id='word_1_350' title='bbox 284 3911 375 3975; x_wconf 90' lang='grc' dir='ltr'>νομα,</span> <span class='ocrx_word' id='word_1_351' title='bbox 391 3892 427 3953; x_wconf 85' lang='grc' dir='ltr'>τὺ</span> <span class='ocrx_word' id='word_1_352' title='bbox 439 3891 498 3953; x_wconf 84' lang='grc' dir='ltr'>ὑπὸ</span> <span class='ocrx_word' id='word_1_353' title='bbox 515 3901 576 3955; x_wconf 84' lang='grc' dir='ltr'>τῶν</span> <span class='ocrx_word' id='word_1_354' title='bbox 587 3888 761 3974; x_wconf 89' lang='grc' dir='ltr'>Ἀσσυρίων</span> <span class='ocrx_word' id='word_1_355' title='bbox 777 3889 953 3971; x_wconf 81' lang='grc' dir='ltr'>ὑνειὸισθέν,</span> <span class='ocrx_word' id='word_1_356' title='bbox 970 3891 1034 3954; x_wconf 88' lang='grc' dir='ltr'>έπι·</span> <span class='ocrx_word' id='word_1_357' title='bbox 1079 3909 1157 3955; x_wconf 91' lang='lat' dir='ltr'>men</span> <span class='ocrx_word' id='word_1_358' title='bbox 1173 3897 1281 3972; x_wconf 89' lang='lat' dir='ltr'>tuum,</span> <span class='ocrx_word' id='word_1_359' title='bbox 1298 3893 1340 3955; x_wconf 89' lang='lat' dir='ltr'>ab</span> <span class='ocrx_word' id='word_1_360' title='bbox 1355 3892 1502 3974; x_wconf 85' lang='lat' dir='ltr'>Assyriis</span> <span class='ocrx_word' id='word_1_361' title='bbox 1526 3893 1757 3974; x_wconf 81' lang='lat' dir='ltr'>exprobatum,</span> <span class='ocrx_word' id='word_1_362' title='bbox 1775 3894 1824 3955; x_wconf 91' lang='lat' dir='ltr'>in-</span> 
     </span>
     <span class='ocr_line' id='line_1_35' title="bbox 282 3989 1823 4080; baseline -0.001 -21"><span class='ocrx_word' id='word_1_363' title='bbox 282 3993 492 4080; x_wconf 86' lang='grc' dir='ltr'>καλεσὺμεθα.</span> <span class='ocrx_word' id='word_1_364' title='bbox 509 3989 554 4059; x_wconf 92' lang='grc' dir='ltr'>Ἢ</span> <span class='ocrx_word' id='word_1_365' title='bbox 577 3994 640 4060; x_wconf 83' lang='grc' dir='ltr'>άπὸ</span> <span class='ocrx_word' id='word_1_366' title='bbox 656 4005 712 4059; x_wconf 81' lang='grc' dir='ltr'>τοῦ</span> <span class='ocrx_word' id='word_1_367' title='bbox 727 3993 879 4079; x_wconf 81' lang='grc' dir='ltr'>ὀνόματος</span> <span class='ocrx_word' id='word_1_368' title='bbox 894 4014 1032 4078; x_wconf 83' lang='grc' dir='ltr'>γριστια-</span> <span class='ocrx_word' id='word_1_369' title='bbox 1079 3996 1284 4060; x_wconf 87' lang='lat' dir='ltr'>vocabimus.</span> <span class='ocrx_word' id='word_1_370' title='bbox 1301 3999 1361 4060; x_wconf 90' lang='lat' dir='ltr'>Vel</span> <span class='ocrx_word' id='word_1_371' title='bbox 1385 4015 1426 4059; x_wconf 89' lang='lat' dir='ltr'>ex</span> <span class='ocrx_word' id='word_1_372' title='bbox 1450 3997 1585 4060; x_wconf 90' lang='lat' dir='ltr'>nomine</span> <span class='ocrx_word' id='word_1_373' title='bbox 1609 3997 1667 4060; x_wconf 93' lang='lat' dir='ltr'>illo</span> <span class='ocrx_word' id='word_1_374' title='bbox 1691 4000 1823 4059; x_wconf 84' lang='lat' dir='ltr'>nosmet</span> 
     </span>
     <span class='ocr_line' id='line_1_36' title="bbox 285 4096 1828 4183; baseline 0.001 -22"><span class='ocrx_word' id='word_1_375' title='bbox 285 4101 357 4175; x_wconf 88' lang='grc' dir='ltr'>νοὺς</span> <span class='ocrx_word' id='word_1_376' title='bbox 380 4097 556 4183; x_wconf 85' lang='grc' dir='ltr'>καλέσομεν</span> <span class='ocrx_word' id='word_1_377' title='bbox 587 4098 728 4180; x_wconf 81' lang='grc' dir='ltr'>ἑαυτοὺς,</span> <span class='ocrx_word' id='word_1_378' title='bbox 759 4098 815 4161; x_wconf 86' lang='grc' dir='ltr'>καί</span> <span class='ocrx_word' id='word_1_379' title='bbox 835 4097 933 4182; x_wconf 82' lang='grc' dir='ltr'>τούτῳ</span> <span class='ocrx_word' id='word_1_380' title='bbox 956 4096 1035 4183; x_wconf 82' lang='grc' dir='ltr'>λαμ·</span> <span class='ocrx_word' id='word_1_381' title='bbox 1080 4101 1325 4180; x_wconf 87' lang='lat' dir='ltr'>appellabimus</span> <span class='ocrx_word' id='word_1_382' title='bbox 1338 4101 1556 4178; x_wconf 79' lang='lat' dir='ltr'>Christianos,</span> <span class='ocrx_word' id='word_1_383' title='bbox 1572 4117 1639 4181; x_wconf 90' lang='lat' dir='ltr'>quo</span> <span class='ocrx_word' id='word_1_384' title='bbox 1656 4101 1828 4178; x_wconf 88' lang='lat' dir='ltr'>cognomi·</span> 
     </span>
     <span class='ocr_line' id='line_1_37' title="bbox 285 4201 1828 4290; baseline 0.002 -24"><span class='ocrx_word' id='word_1_385' title='bbox 285 4202 536 4289; x_wconf 86' lang='grc' dir='ltr'>πρυνθησὺμεθα.</span> <span class='ocrx_word' id='word_1_386' title='bbox 554 4202 649 4290; x_wconf 84' lang='grc' dir='ltr'>Τάχα</span> <span class='ocrx_word' id='word_1_387' title='bbox 672 4204 706 4268; x_wconf 80' lang='grc' dir='ltr'>δέ</span> <span class='ocrx_word' id='word_1_388' title='bbox 730 4201 758 4266; x_wconf 88' lang='grc' dir='ltr'>οῖ</span> <span class='ocrx_word' id='word_1_389' title='bbox 774 4205 818 4288; x_wconf 79' lang='grc' dir='ltr'>μὴ</span> <span class='ocrx_word' id='word_1_390' title='bbox 835 4201 946 4266; x_wconf 88' lang='grc' dir='ltr'>τέλειοι</span> <span class='ocrx_word' id='word_1_391' title='bbox 969 4201 1034 4281; x_wconf 72' lang='grc' dir='ltr'>ἐξα</span> <span class='ocrx_word' id='word_1_392' title='bbox 1082 4221 1124 4266; x_wconf 90' lang='lat' dir='ltr'>ne</span> <span class='ocrx_word' id='word_1_393' title='bbox 1151 4205 1416 4268; x_wconf 91' lang='lat' dir='ltr'>nobilitabimur.</span> <span class='ocrx_word' id='word_1_394' title='bbox 1442 4207 1597 4269; x_wconf 84' lang='lat' dir='ltr'>Fortasse</span> <span class='ocrx_word' id='word_1_395' title='bbox 1626 4211 1740 4270; x_wconf 89' lang='lat' dir='ltr'>autem</span> <span class='ocrx_word' id='word_1_396' title='bbox 1768 4207 1828 4286; x_wconf 90' lang='lat' dir='ltr'>qui</span> 
     </span>
     <span class='ocr_line' id='line_1_38' title="bbox 283 4305 1827 4393; baseline 0.001 -21"><span class='ocrx_word' id='word_1_397' title='bbox 283 4307 491 4393; x_wconf 83' lang='grc' dir='ltr'>μολογοῡνται</span> <span class='ocrx_word' id='word_1_398' title='bbox 508 4309 563 4393; x_wconf 83' lang='grc' dir='ltr'>μὲν</span> <span class='ocrx_word' id='word_1_399' title='bbox 586 4310 738 4391; x_wconf 82' lang='grc' dir='ltr'>περὶτῶν</span> <span class='ocrx_word' id='word_1_400' title='bbox 761 4305 962 4391; x_wconf 83' lang='grc' dir='ltr'>ὑπαρξάντων</span> <span class='ocrx_word' id='word_1_401' title='bbox 979 4308 1033 4371; x_wconf 84' lang='grc' dir='ltr'>αὑ·</span> <span class='ocrx_word' id='word_1_402' title='bbox 1081 4307 1231 4370; x_wconf 90' lang='lat' dir='ltr'>nondum</span> <span class='ocrx_word' id='word_1_403' title='bbox 1251 4307 1389 4389; x_wconf 84' lang='lat' dir='ltr'>perfecti</span> <span class='ocrx_word' id='word_1_404' title='bbox 1412 4314 1502 4387; x_wconf 84' lang='lat' dir='ltr'>sunt,</span> <span class='ocrx_word' id='word_1_405' title='bbox 1526 4308 1731 4372; x_wconf 87' lang='lat' dir='ltr'>confitentur</span> <span class='ocrx_word' id='word_1_406' title='bbox 1754 4311 1827 4390; x_wconf 91' lang='lat' dir='ltr'>qui-</span> 
     </span>
     <span class='ocr_line' id='line_1_39' title="bbox 282 4410 1830 4498; baseline 0.001 -23"><span class='ocrx_word' id='word_1_407' title='bbox 282 4420 348 4490; x_wconf 85' lang='grc' dir='ltr'>τοῖς</span> <span class='ocrx_word' id='word_1_408' title='bbox 374 4411 521 4498; x_wconf 84' lang='grc' dir='ltr'>ἀγαθῶν,</span> <span class='ocrx_word' id='word_1_409' title='bbox 549 4411 771 4476; x_wconf 80' lang='grc' dir='ltr'>ἐπικαλοῦνται</span> <span class='ocrx_word' id='word_1_410' title='bbox 808 4411 844 4474; x_wconf 85' lang='grc' dir='ltr'>δέ</span> <span class='ocrx_word' id='word_1_411' title='bbox 874 4411 952 4494; x_wconf 84' lang='grc' dir='ltr'>ὑπὲρ</span> <span class='ocrx_word' id='word_1_412' title='bbox 978 4420 1034 4475; x_wconf 84' lang='grc' dir='ltr'>τοῦ</span> <span class='ocrx_word' id='word_1_413' title='bbox 1086 4410 1162 4473; x_wconf 92' lang='lat' dir='ltr'>dem</span> <span class='ocrx_word' id='word_1_414' title='bbox 1178 4410 1329 4474; x_wconf 89' lang='lat' dir='ltr'>debonis</span> <span class='ocrx_word' id='word_1_415' title='bbox 1345 4430 1419 4493; x_wconf 85' lang='lat' dir='ltr'>quae</span> <span class='ocrx_word' id='word_1_416' title='bbox 1435 4414 1517 4494; x_wconf 91' lang='lat' dir='ltr'>ipsis</span> <span class='ocrx_word' id='word_1_417' title='bbox 1533 4414 1768 4492; x_wconf 90' lang='lat' dir='ltr'>contigerunt;</span> <span class='ocrx_word' id='word_1_418' title='bbox 1781 4416 1830 4476; x_wconf 95' lang='lat' dir='ltr'>in·</span> 
     </span>
     <span class='ocr_line' id='line_1_40' title="bbox 285 4513 1825 4600; baseline 0 -21"><span class='ocrx_word' id='word_1_419' title='bbox 285 4513 370 4579; x_wconf 82' lang='grc' dir='ltr'>ᾶλλα</span> <span class='ocrx_word' id='word_1_420' title='bbox 386 4513 508 4580; x_wconf 80' lang='grc' dir='ltr'>λαθεῖν·</span> <span class='ocrx_word' id='word_1_421' title='bbox 531 4514 559 4578; x_wconf 87' lang='grc' dir='ltr'>οῖ</span> <span class='ocrx_word' id='word_1_422' title='bbox 575 4515 610 4579; x_wconf 80' lang='grc' dir='ltr'>δὲ</span> <span class='ocrx_word' id='word_1_423' title='bbox 633 4513 746 4579; x_wconf 88' lang='grc' dir='ltr'>τέλειοι</span> <span class='ocrx_word' id='word_1_424' title='bbox 768 4515 846 4599; x_wconf 84' lang='grc' dir='ltr'>ὑπὲρ</span> <span class='ocrx_word' id='word_1_425' title='bbox 861 4523 919 4600; x_wconf 78' lang='grc' dir='ltr'>τῆς</span> <span class='ocrx_word' id='word_1_426' title='bbox 934 4515 1033 4599; x_wconf 89' lang='grc' dir='ltr'>ψυλα-</span> <span class='ocrx_word' id='word_1_427' title='bbox 1084 4519 1207 4579; x_wconf 88' lang='lat' dir='ltr'>vocant</span> <span class='ocrx_word' id='word_1_428' title='bbox 1222 4520 1346 4595; x_wconf 88' lang='lat' dir='ltr'>autem,</span> <span class='ocrx_word' id='word_1_429' title='bbox 1359 4518 1476 4579; x_wconf 92' lang='lat' dir='ltr'>utalia</span> <span class='ocrx_word' id='word_1_430' title='bbox 1489 4517 1669 4599; x_wconf 82' lang='lat' dir='ltr'>recipiant3</span> <span class='ocrx_word' id='word_1_431' title='bbox 1686 4516 1825 4598; x_wconf 87' lang='lat' dir='ltr'>perfecti</span> 
     </span>
     <span class='ocr_line' id='line_1_41' title="bbox 283 4613 1829 4704; baseline 0 -20"><span class='ocrx_word' id='word_1_432' title='bbox 283 4629 344 4704; x_wconf 73' lang='grc' dir='ltr'>κῆς</span> <span class='ocrx_word' id='word_1_433' title='bbox 360 4622 402 4685; x_wconf 88' lang='grc' dir='ltr'>ὑν</span> <span class='ocrx_word' id='word_1_434' title='bbox 418 4617 542 4684; x_wconf 78' lang='grc' dir='ltr'>ἔλαθον.</span> <span class='ocrx_word' id='word_1_435' title='bbox 559 4613 605 4684; x_wconf 92' lang='grc' dir='ltr'><strong><em>Ἢ</em></strong></span> <span class='ocrx_word' id='word_1_436' title='bbox 621 4619 690 4684; x_wconf 85' lang='grc' dir='ltr'>ἐπεί</span> <span class='ocrx_word' id='word_1_437' title='bbox 705 4619 806 4696; x_wconf 83' lang='grc' dir='ltr'>διττὸς</span> <span class='ocrx_word' id='word_1_438' title='bbox 821 4619 838 4683; x_wconf 88' lang='grc' dir='ltr'>ὑ</span> <span class='ocrx_word' id='word_1_439' title='bbox 853 4627 912 4702; x_wconf 77' lang='grc' dir='ltr'>τῆς</span> <span class='ocrx_word' id='word_1_440' title='bbox 926 4617 1034 4704; x_wconf 81' lang='grc' dir='ltr'>έξομο-</span> <span class='ocrx_word' id='word_1_441' title='bbox 1081 4637 1161 4683; x_wconf 83' lang='lat' dir='ltr'>vero</span> <span class='ocrx_word' id='word_1_442' title='bbox 1177 4637 1237 4700; x_wconf 91' lang='lat' dir='ltr'>pro</span> <span class='ocrx_word' id='word_1_443' title='bbox 1252 4619 1480 4684; x_wconf 88' lang='lat' dir='ltr'>custodiendis</span> <span class='ocrx_word' id='word_1_444' title='bbox 1496 4621 1593 4684; x_wconf 90' lang='lat' dir='ltr'>bonis</span> <span class='ocrx_word' id='word_1_445' title='bbox 1610 4639 1685 4702; x_wconf 85' lang='lat' dir='ltr'>quae</span> <span class='ocrx_word' id='word_1_446' title='bbox 1698 4637 1829 4702; x_wconf 91' lang='lat' dir='ltr'>recepe·</span> 
     </span>
     <span class='ocr_line' id='line_1_42' title="bbox 282 4721 1828 4810; baseline -0.001 -22"><span class='ocrx_word' id='word_1_447' title='bbox 282 4723 446 4810; x_wconf 78' lang='grc' dir='ltr'>λογήσεως</span> <span class='ocrx_word' id='word_1_448' title='bbox 468 4725 593 4809; x_wconf 85' lang='grc' dir='ltr'>τρόπος,</span> <span class='ocrx_word' id='word_1_449' title='bbox 616 4723 662 4801; x_wconf 86' lang='grc' dir='ltr'>δίς</span> <span class='ocrx_word' id='word_1_450' title='bbox 685 4725 808 4808; x_wconf 84' lang='grc' dir='ltr'>είρηται</span> <span class='ocrx_word' id='word_1_451' title='bbox 829 4725 865 4788; x_wconf 84' lang='grc' dir='ltr'>τὸ</span> <span class='ocrx_word' id='word_1_452' title='bbox 888 4721 1033 4808; x_wconf 78' lang='grc' dir='ltr'>ἐξομολο</span> <span class='ocrx_word' id='word_1_453' title='bbox 1080 4729 1169 4787; x_wconf 88' lang='lat' dir='ltr'>runt.</span> <span class='ocrx_word' id='word_1_454' title='bbox 1183 4727 1243 4787; x_wconf 91' lang='lat' dir='ltr'>Vel</span> <span class='ocrx_word' id='word_1_455' title='bbox 1260 4725 1420 4805; x_wconf 90' lang='lat' dir='ltr'>quoniam</span> <span class='ocrx_word' id='word_1_456' title='bbox 1433 4727 1572 4804; x_wconf 87' lang='lat' dir='ltr'>gemina</span> <span class='ocrx_word' id='word_1_457' title='bbox 1587 4731 1640 4789; x_wconf 91' lang='lat' dir='ltr'>est</span> <span class='ocrx_word' id='word_1_458' title='bbox 1649 4725 1828 4789; x_wconf 86' lang='lat' dir='ltr'>confessio-</span> 
     </span>
    </p>
   </div>
   <div class='ocr_carea' id='block_1_4' title="bbox 283 4958 1826 5205">
    <p class='ocr_par' dir='ltr' id='par_1_4' title="bbox 283 4958 1826 5205">
     <span class='ocr_line' id='line_1_43' title="bbox 317 4958 1826 5034; baseline -0.005 -16"><span class='ocrx_word' id='word_1_459' title='bbox 317 4977 344 5018; x_wconf 86' lang='lat' dir='ltr'>v.</span> <span class='ocrx_word' id='word_1_460' title='bbox 357 4961 384 5015; x_wconf 74' lang='grc'>2.</span> <span class='ocrx_word' id='word_1_461' title='bbox 399 4962 465 5018; x_wconf 89' lang='lat' dir='ltr'>Vat.</span> <span class='ocrx_word' id='word_1_462' title='bbox 477 4963 519 5017; x_wconf 84' lang='lat'>15.</span> <span class='ocrx_word' id='word_1_463' title='bbox 530 4959 625 5016; x_wconf 77' lang='lat' dir='ltr'>Multa</span> <span class='ocrx_word' id='word_1_464' title='bbox 638 4960 766 5033; x_wconf 83' lang='lat' dir='ltr'>priscam</span> <span class='ocrx_word' id='word_1_465' title='bbox 778 4965 895 5017; x_wconf 78' lang='lat' dir='ltr'>aetatem</span> <span class='ocrx_word' id='word_1_466' title='bbox 908 4961 1033 5034; x_wconf 81' lang='lat' dir='ltr'>sapiunt,</span> <span class='ocrx_word' id='word_1_467' title='bbox 1077 4958 1232 5032; x_wconf 84' lang='lat' dir='ltr'>perfectos,</span> <span class='ocrx_word' id='word_1_468' title='bbox 1251 4965 1314 5014; x_wconf 89' lang='lat' dir='ltr'>tum</span> <span class='ocrx_word' id='word_1_469' title='bbox 1332 4958 1441 5033; x_wconf 84' lang='lat' dir='ltr'>duplex</span> <span class='ocrx_word' id='word_1_470' title='bbox 1460 4959 1614 5027; x_wconf 81' lang='lat' dir='ltr'>confessio,</span> <span class='ocrx_word' id='word_1_471' title='bbox 1624 4975 1682 5013; x_wconf 84' lang='lat' dir='ltr'>una</span> <span class='ocrx_word' id='word_1_472' title='bbox 1694 4961 1826 5028; x_wconf 67' lang='lat' dir='ltr'>peccato</span> 
     </span>
     <span class='ocr_line' id='line_1_44' title="bbox 284 5043 1826 5118; baseline 0 -19"><span class='ocrx_word' id='word_1_473' title='bbox 284 5045 328 5099; x_wconf 85' lang='lat' dir='ltr'>nti</span> <span class='ocrx_word' id='word_1_474' title='bbox 341 5043 510 5102; x_wconf 80' lang='lat' dir='ltr'>affectatum</span> <span class='ocrx_word' id='word_1_475' title='bbox 524 5045 608 5118; x_wconf 83' lang='lat' dir='ltr'>quasi</span> <span class='ocrx_word' id='word_1_476' title='bbox 620 5063 843 5102; x_wconf 85' lang='lat' dir='ltr'>novumnomen</span> <span class='ocrx_word' id='word_1_477' title='bbox 853 5045 1033 5102; x_wconf 81' lang='lat' dir='ltr'>Christiano·</span> <span class='ocrx_word' id='word_1_478' title='bbox 1077 5063 1152 5116; x_wconf 73' lang='grc' dir='ltr'>τοτα,</span> <span class='ocrx_word' id='word_1_479' title='bbox 1171 5047 1264 5101; x_wconf 86' lang='lat' dir='ltr'>altera</span> <span class='ocrx_word' id='word_1_480' title='bbox 1281 5047 1451 5116; x_wconf 73' lang='lat' dir='ltr'>gratiarum,</span> <span class='ocrx_word' id='word_1_481' title='bbox 1472 5051 1502 5101; x_wconf 86' lang='lat' dir='ltr'>et</span> <span class='ocrx_word' id='word_1_482' title='bbox 1520 5051 1643 5114; x_wconf 86' lang='lat' dir='ltr'>utraque</span> <span class='ocrx_word' id='word_1_483' title='bbox 1666 5047 1826 5114; x_wconf 80' lang='lat' dir='ltr'>spontanea</span> 
     </span>
     <span class='ocr_line' id='line_1_45' title="bbox 283 5131 1297 5205; baseline -0.002 -17"><span class='ocrx_word' id='word_1_484' title='bbox 283 5149 357 5204; x_wconf 88' lang='lat' dir='ltr'>rum,</span> <span class='ocrx_word' id='word_1_485' title='bbox 372 5138 434 5187; x_wconf 84' lang='lat' dir='ltr'>tum</span> <span class='ocrx_word' id='word_1_486' title='bbox 453 5131 609 5188; x_wconf 85' lang='lat' dir='ltr'>discrimen</span> <span class='ocrx_word' id='word_1_487' title='bbox 627 5133 705 5190; x_wconf 87' lang='lat' dir='ltr'>inter</span> <span class='ocrx_word' id='word_1_488' title='bbox 723 5131 871 5205; x_wconf 82' lang='lat' dir='ltr'>perfectos</span> <span class='ocrx_word' id='word_1_489' title='bbox 889 5137 919 5188; x_wconf 87' lang='lat' dir='ltr'>et</span> <span class='ocrx_word' id='word_1_490' title='bbox 937 5131 1033 5186; x_wconf 85' lang='lat' dir='ltr'>minus</span> <span class='ocrx_word' id='word_1_491' title='bbox 1078 5139 1108 5188; x_wconf 84' lang='lat' dir='ltr'>et</span> <span class='ocrx_word' id='word_1_492' title='bbox 1121 5131 1237 5204; x_wconf 86' lang='lat' dir='ltr'>publica</span> <span class='ocrx_word' id='word_1_493' title='bbox 1251 5131 1297 5186; x_wconf 85' lang='lat' dir='ltr'>sit.</span> 
     </span>
    </p>
   </div>
   <div class='ocr_carea' id='block_1_5' title="bbox 2002 378 2011 502">
    <p class='ocr_par' dir='ltr' id='par_1_5' title="bbox 2002 378 2011 502">
     <span class='ocr_line' id='line_1_46' title="bbox 2002 378 2011 502; baseline 0 0"><span class='ocrx_word' id='word_1_494' title='bbox 2002 378 2011 502; x_wconf 78' lang='lat' dir='ltr'>i</span> 
     </span>
    </p>
   </div>
   <div class='ocr_carea' id='block_1_6' title="bbox 2006 1063 2011 1230">
    <p class='ocr_par' dir='ltr' id='par_1_6' title="bbox 2006 1063 2011 1230">
     <span class='ocr_line' id='line_1_47' title="bbox 2006 1063 2011 1230; baseline 0 0"><span class='ocrx_word' id='word_1_495' title='bbox 2006 1063 2011 1230; x_wconf 81' lang='lat' dir='ltr'>l</span> 
     </span>
    </p>
   </div>
   <div class='ocr_carea' id='block_1_7' title="bbox 0 0 2025 6088">
    <p class='ocr_par' dir='ltr' id='par_1_7' title="bbox 0 0 2025 6088">
     <span class='ocr_line' id='line_1_48' title="bbox 0 0 2025 6088; baseline 0 0"><span class='ocrx_word' id='word_1_496' title='bbox 0 0 2025 6088; x_wconf 95' lang='lat' dir='ltr'> </span> 
     </span>
    </p>
   </div>
  </div>
 </body>
</html>
