3966 6104
756 432 820 498 ΕΡ.
837 429 892 500 lin
907 433 1070 500 Mennis
1627 429 1689 498 621

147 549 350 654 auriga‘est.
368 573 464 638 Unde
480 576 627 655 quatuor
642 574 805 638 animalia
827 593 899 638 esse
943 579 1069 656 menta,
1089 578 1123 639 et
1145 575 1370 658 quatruplieis
1392 573 1593 641 conditionis
1617 592 1692 640 esse

147 678 288 756 singula
295 677 396 758 juxta
407 678 557 758 singula,
569 678 733 761 propheta
743 679 898 761 subjecit,
944 696 1020 760 quae
1046 679 1239 744 subsistunt
1261 698 1303 744 ex
1326 680 1395 745 illis
1417 678 1579 744 conflatas
1601 697 1694 744 orea-

144 782 347 861 signifieans
366 786 437 846 tota
453 801 512 864 per
528 783 643 846 omnia
657 783 815 864 prodesse
831 785 896 847 ele·
940 786 1046 846 turns.

188 888 324 951 Goislin.
348 886 371 950 f.
394 886 466 950 160.
495 883 573 969 Περὶ
597 884 810 962 ἀναστάσεως.
834 882 895 949 Oi·
981 887 1030 950 Dr
1052 887 1309 952 Resurrectione.
1325 889 1442 951 Nonne
1462 887 1607 951 dicimus
1623 903 1693 950 om·

141 997 218 1054 κοῠν
233 989 354 1066 πάντας
369 997 429 1054 τῶν
445 986 633 1073 ἑτεροδόξων
653 991 725 1066 τούς
741 990 893 1074 σοφιστάς
937 1006 998 1052 nes
1014 990 1296 1054 heterodoxorum
1307 991 1479 1073 suphistas
1491 1009 1563 1055 esse
1576 992 1690 1054 imita·

142 1095 280 1178 μιμητάς
307 1093 445 1158 εἰδώλων
471 1089 623 1178 ἀληθείας
645 1093 780 1182 λέγομεν
802 1095 891 1178 εἶναι,
936 1096 1026 1156 tores
1041 1093 1302 1158 simulacrorum
1317 1095 1482 1176 veritatis,
1495 1097 1554 1177 qui
1567 1096 1690 1158 verita-

141 1195 294 1282 άλήθειαν
311 1200 353 1284 μὴ
369 1197 593 1284 γινώσκοντας,
610 1197 754 1283 καθάπερ
770 1198 892 1286 ζωγρά-
936 1203 1004 1260 tem
1022 1198 1192 1278 ignorant,
1215 1199 1354 1281 perinde
1369 1217 1409 1263 ae
1424 1200 1592 1281 pictores?
1614 1200 1692 1262 Ete-

141 1321 236 1384 ρουςς
259 1301 313 1364 κοιλ
328 1302 389 1386 γάρ
406 1301 492 1366 οὑτοι
515 1301 674 1387 μιμεῖσθαι
697 1303 753 1387 μέν
769 1321 889 1386 ναυπη-
933 1301 1005 1364 nim
1018 1301 1075 1364 isti
1087 1292 1212 1367 imitari
1221 1302 1687 1367 conanturnoviumlabrloa·

139 1407 216 1488 γοὺς
235 1405 289 1468 καὶ
312 1404 409 1470 πλοῖα
422 1406 477 1469 καὶ
499 1403 694 1492 κυόιρνητας
716 1407 890 1492 έπιχτιροῶ·
934 1410 1024 1469 tores
1040 1411 1074 1468 et
1090 1406 1228 1489 cymbas
1244 1411 1279 1470 et
1292 1407 1479 1487 naucleros,
1496 1407 1580 1488 quin
1597 1407 1691 1471 navi-

140 1529 199 1590 σιν,
222 1517 396 1592 ναυπηγεῖν
418 1511 473 1573 καὶ
495 1505 649 1594 κυύερνάν
664 1511 701 1575 ού
715 1508 889 1594 λεγόμενοι.
936 1527 1022 1589 gare
1037 1515 1098 1572 aut
1109 1511 1244 1573 olavum
1260 1515 1376 1574 tenere
1388 1509 1554 1573 dieantur.
1571 1510 1688 1572 Nonne

141 1608 890 1700 Ούκοῶνἀποξέονταιτάχρώματαπειθόμτνοιό)
936 1616 1692 1697 expungunteolores,arguentespuerosesse

141 1713 256 1792 αύτούς
278 1713 504 1800 θαυμάζοντας
519 1717 576 1793 τὰς
597 1715 744 1793 τοιαύτας
766 1719 892 1803 γραφάς
937 1735 994 1781 eos
1017 1719 1076 1799 qui
1100 1719 1269 1782 mirantur
1284 1718 1413 1782 similes
1436 1718 1595 1800 picturas,
1616 1717 1692 1780 ideo

142 1815 263 1902 παιδία,
277 1820 322 1884 ότι
338 1821 411 1883 οὔτε
423 1820 459 1883 τό
469 1819 580 1884 πλοῖον
594 1831 697 1904 τοῦτο,
714 1821 823 1887 πλοῖόν
840 1823 892 1886 lo·
937 1822 1026 1904 quod
1038 1822 1108 1886 haeo
1120 1823 1228 1902 nevis,
1241 1823 1338 1886 navis
1351 1817 1491 1901 nonest,
1505 1837 1615 1902 neque
1631 1838 1690 1883 na·

141 1943 180 2006 τι,
207 1924 279 1987 οὔτε
305 1921 322 1986 ό
343 1921 547 2008 κυύερνητης,
574 1922 779 2009 κυύερνήτης,
807 1924 892 1990 ἀλλά
936 1928 1031 1990 vium
1046 1927 1126 2006 dux,
1142 1926 1213 1990 dux
1229 1929 1289 2006 est,
1305 1927 1364 1990 sed
1380 1943 1510 2004 murus,
1529 1926 1589 2005 qui
1604 1922 1686 1988 foris

141 2034 249 2112 τοῖχος
270 2024 487 2112 έξωθενπρός
513 2026 621 2113 τέρψιν
646 2027 810 2115 χρώμασιν
836 2030 891 2095 καὶ
934 2031 977 2094 ob
994 2032 1233 2095 amoenitatem
1249 2029 1418 2094 coloribus
1434 2035 1470 2094 et
1483 2031 1625 2111 picturis
1638 2046 1692 2093 or.

140 2139 279 2216 γραφαῖς
298 2131 553 2217 κεκοσμημένοςς
576 2132 631 2196 καὶ
646 2131 688 2208 ώς
712 2125 741 2217 ⁹)
758 2134 890 2219 μιμηταὶ
935 2139 1037 2208 natus
1046 2136 1221 2217 estilltqui
1230 2135 1284 2199 his
1292 2135 1353 2216 qui
1361 2133 1500 2214 fingunt
1508 2135 1693 2198 simulacra

142 2238 200 2321 μέν
216 2234 353 2303 εἰδώλων
368 2235 479 2302 πλοίου
493 2239 547 2302 καὶ
569 2235 771 2322 κυόερνήτου,
788 2239 817 2304 οἱ
837 2239 891 2326 δη·
934 2239 1063 2323 eymbae
1087 2243 1121 2302 et
1136 2239 1297 2303 navarohi
1313 2240 1441 2304 similes
1464 2243 1546 2303 sunt
1560 2240 1621 2320 qui
1638 2256 1693 2304 eo·

142 2338 390 2426 μιουργήσαντες
403 2343 478 2406 εἰσὶν
490 2341 553 2406 ἀπὸ
562 2351 622 2408 τῶν
629 2343 806 2429 χρωμάτων
817 2353 891 2408 ταῶ
934 2343 1063 2409 loribus
1078 2343 1245 2408 fabricant
1259 2347 1441 2408 creaturas.
1455 2345 1540 2407 Nam
1553 2359 1595 2406 ex
1607 2341 1693 2406 divi·

141 2446 242 2509 τα·τά
253 2443 456 2529 γάράπότῶν
467 2443 687 2511 θεοπνεύστων
698 2446 893 2533 γραμμάτων
937 2449 990 2513 nis
1011 2448 1194 2530 Soripturis
1214 2448 1319 2512 verba
1337 2447 1461 2530 qulbus
1480 2445 1619 2512 suffusis
1637 2465 1692 2510 eo·

142 2547 281 2634 ῥήματα,
305 2549 351 2624 οἷς
384 2545 689 2634 έπιχρωματέζοντες
715 2548 893 2616 ποικάλλου-
935 2553 1065 2617 loribus
1095 2554 1191 2616 varia
1216 2551 1410 2632 finguntur,
1436 2552 1518 2634 ipsis
1545 2551 1692 2616 ludibrio
1781 2581 1785 2590 -

141 2673 201 2736 σιν,
218 2652 338 2720 ἑαυτῶν
360 2655 437 2738 πρός
454 2653 598 2738 ἀπάτην·
622 2655 708 2719 ούτοι
723 2656 783 2740 τὴν
797 2653 892 2734 δόξαν
935 2663 1026 2722 suut
1042 2656 1149 2721 Iidem
1161 2657 1242 2720 dum
1254 2658 1400 2736 gloriam
1412 2659 1540 2720 temere
1556 2659 1590 2719 et
1603 2654 1690 2720 falso

141 2758 344 2842 δικαιοσύνην
360 2757 502 2836 αύθαδῶς
518 2758 572 2822 καὶ
586 2757 670 2845 [οὐκ]
692 2757 847 2843 ἀληθινῶς
861 2758 893 2823 ό-
931 2759 1102 2842 justitiam
1119 2763 1302 2845 appellant,
1324 2776 1431 2842 quum
1447 2776 1515 2823 non
1532 2762 1691 2823 noverint

140 2860 348 2947 νομάζοντες·
370 2861 408 2926 οὐ
433 2860 639 2945 γινώσκοντες
666 2862 747 2940 όλως
772 2862 894 2928 δικαιο-
931 2865 1112 2948 justitiam,
1129 2867 1159 2932 si
1171 2867 1248 2949 quis
1260 2866 1377 2930 fuoum
1393 2865 1566 2945 deleverit,
1581 2882 1690 2946 quan-

143 2964 251 3050 σύνην·
263 2965 293 3030 εἴ
306 2986 351 3043 τις
363 2963 523 3052 ἀφέλοιτο,
538 2964 638 3034 πόσον
654 2967 704 3051 οἵη
717 2967 893 3054 γυμνωθέν-
936 2975 1010 3035 tum
1025 2971 1197 3036 censuerit
1210 2970 1431 3052 vapulaturos
1444 2985 1500 3034 eos
1513 2985 1599 3048 esse,
1615 2985 1692 3050 spo-

142 3089 199 3146 τας
214 3068 329 3147 αὐτούς
344 3068 565 3134 τῶντοιούτων
581 3070 742 3157 ὀνομάτων
758 3071 894 3158 χλευασ·
937 3075 1038 3139 liatos
1054 3077 1153 3140 istius
1168 3072 1260 3140 modi
1275 3073 1472 3139 voeabullsi

142 3171 307 3259 θήσεσθαι.

898 3338 939 3400 ΙΙ.

284 3473 349 3542 Tot
365 3475 462 3540 αύτοῶ
477 3477 547 3561 περὶ
564 3473 745 3562 μαρτυρίας.
1112 3477 1507 3590 δ’]’τττάανκάσΜονόμνία

185 3625 299 3711 Πάσης
314 3624 467 3711 άγαθηςὴ
480 3627 629 3711 καταρχη
646 3623 787 3710 πράξεως
803 3625 839 3692 ἐν
851 3635 891 3712 τῇ
982 3629 1123 3692 Initium
1136 3627 1382 3711 cujuscumque
1393 3629 1490 3692 bonae
1498 3629 1644 3693 aetionis
1657 3629 1693 3694 in

26 3767 35 3784 ·
141 3731 284 3820 ἡμετέρᾳ
301 3730 398 3819 βουλῇ
414 3732 473 3816 τὴν
487 3729 659 3796 ὑπόστασιν
675 3727 839 3815 κέκτηται,
857 3734 893 3796 τό
938 3739 1053 3798 τιθοῖτο
1078 3734 1254 3797 voluntate
1281 3732 1396 3796 sedem
1423 3732 1534 3813 habet,
1562 3734 1598 3796 ln
1625 3734 1695 3797 Deo

144 3838 179 3903 δὲ
195 3836 407 3923 συμπέρασμα
422 3833 456 3899 ἐν
471 3843 515 3921 τῷ
530 3833 601 3921 Θεῷ
612 3829 651 3919 ⁵).
790 3919 792 3924 Ι
940 3842 1055 3902 autem
1071 3839 1231 3902 ultimum
1247 3837 1505 3900 incrementum.

180 4013 208 4084 1)
221 4013 373 4081 Πειδόμενα
385 4025 485 4084 apogr.
499 4007 575 4066 Ibid.
588 4011 703 4074 ἀποξόον
715 4027 746 4065 τε
757 4012 800 4066 τό.
942 4025 980 4067 ne
998 4007 1243 4083 semipelagianos
1257 4006 1343 4064 oleat
1356 4005 1506 4078 Sinoeram
1518 4013 1619 4071 tamen
1631 4023 1697 4066 esse

180 4099 209 4171 2)
221 4101 275 4154 Καὶ
291 4100 333 4152 ότι
350 4101 459 4167 μιμηταί
476 4113 523 4166 μεν
540 4099 653 4151 εἴδωλον
672 4100 784 4152 εἰδώλου
803 4094 846 4152 εἰσ
858 4093 899 4152 id.
943 4097 1137 4154 suadetloons
1148 4093 1593 4165 ssptpapulpnvquemservavit
1603 4093 1696 4151 Theo-

146 4184 253 4242 Totum
264 4189 447 4257 segmentum
459 4183 533 4240 mihi
545 4183 716 4254 obnobilum
728 4191 781 4241 est
944 4183 1065 4240 doretus
1076 4182 1149 4239 Diui,
1165 4187 1188 4250 1,
1200 4181 1222 4240 J
1222 4181 1290 4238 ahu.
1302 4186 1328 4248 o,
1342 4180 1401 4248 108,
1414 4179 1467 4236 aad
1484 4179 1617 4238 brevitas
1630 4197 1696 4237 sen-

182 4273 211 4344 3)
224 4271 345 4327 coislin.
358 4269 378 4332 f.
392 4275 452 4326 251.
465 4269 558 4326 Caute
570 4269 678 4326 lacinia
694 4269 836 4327 sumenda
845 4275 899 4342 est,
943 4269 1069 4327 tentiam
1081 4269 1227 4326 obseurat.

891 4401 949 4463 111.

744 4551 793 4616 De
815 4546 915 4615 libero
936 4548 1092 4614 Arbitrio.

194 4709 331 4776 Uorslio.
355 4709 377 4772 f.
402 4709 473 4774 141.
496 4707 621 4774 Potrol.
645 4709 709 4772 248
733 4710 773 4772 B.
797 4709 894 4772 John.
984 4703 1099 4771 Μεθόδ.
1117 4703 1185 4793 Τὴν
1208 4707 1296 4791 μένω·
1312 4703 1368 4770 καί
1384 4726 1441 4770 σου
1457 4706 1528 4790 περὶ
1543 4713 1606 4774 τῶν
1629 4714 1693 4772 σῶν

148 4799 199 4863 56.
217 4802 260 4863 Ia
274 4797 337 4864 cod.
353 4815 455 4881 morp.
472 4795 673 4882 Ἀγλαοφῶν.
698 4794 812 4879 Διόπερ
828 4795 895 4859 ἔδο-
940 4791 1043 4879 λόγων
1059 4794 1200 4878 σπουδήν
1216 4794 1344 4876 ἐπαινῶ,
1360 4795 1408 4858 ότι
1423 4794 1458 4858 δὲ
1478 4796 1550 4879 περὶ
1572 4803 1627 4859 τοῦ
1642 4814 1692 4858 το-

146 4886 212 4965 ξε...
229 4888 327 4963 οὕτως
337 4896 414 4970 γοῦν
425 4885 690 4972 ἐδημιούργησε...
706 4883 843 4968 ἐπιρρεῖν
855 4885 897 4949 τὰ
941 4883 1076 4948 τούτου...
1089 4882 1247 4959 κάκείνοις
1264 4919 1305 4932 -—
1318 4881 1454 4962 ἔδοξεν...
1472 4880 1541 4947 Ούκ
1556 4883 1595 4968 ἐᾷ
1609 4885 1693 4949 mal·

146 4976 241 5057 κατόι,
256 4982 294 5043 at
314 4975 402 5056 aptat
421 4975 593 5041 Ptotivoa..
611 4991 670 5039 om.
687 4972 803 5053 καλῶς,
819 4991 896 5055 per·
940 4974 987 5040 tis
1001 4991 1059 5038 om.
1077 4974 1133 5039 col.
1151 4975 1215 5038 249
1230 4981 1281 5038 A:
1304 4971 1347 5037 El
1361 4992 1411 5036 σοι
1426 4969 1562 5037 τοίνυν...

144 5067 197 5148 pit
223 5063 366 5148 εἰρῆσθαι
388 5062 465 5148 πρός
488 5083 527 5149 με
549 5061 772 5146 ἀνθυποφέρων
799 5057 896 5148 λέγε,
986 5059 1100 5126 Meto.
1130 5057 1203 5126 Ὅτι
1236 5061 1293 5146 μέν
1319 5059 1473 5126 ἀδύνατον
1506 5059 1693 5146 ὑπάρχειν...

150 5153 280 5239 καῑγόιρ
296 5153 378 5218 πάνυ
392 5152 462 5237 περὶ
476 5151 655 5218 τοιούτων...
942 5149 1037 5236 λόγῳ.
1060 5150 1105 5217 Τό
1125 5149 1281 5227 πάντως...
1304 5149 1422 5234 ταύτης
1444 5150 1626 5236 κιγχάνει...
1649 5171 1696 5228 τις
