3966 6104
779 477 843 541 EP.
866 477 920 542 ΕΤ
936 477 1060 543 MART.

642 725 879 808 Prosotiwelo
900 727 993 793 Petit·
1016 720 1199 810 mainetii)

184 933 276 989 Amor
298 939 329 990 et
353 932 508 990 charitatis
526 940 557 992 et
573 936 722 993 vinculum
739 935 829 1008 pacis,
847 953 897 990 no·
942 933 1019 990 dum.
1037 935 1122 990 Nunc
1140 916 1219 1005 uero,
1237 951 1297 991 non
1315 940 1348 991 ut
1366 941 1476 991 temere
1494 935 1654 991 arbitretur
1674 953 1693 990 a

153 1027 246 1076 strum
264 1021 342 1076 circa
359 1028 491 1078 vestrum
512 1022 620 1096 saepius
641 1019 805 1079 inflammat
822 1020 898 1078 desi·
941 1019 1123 1091 quibusdam,
1140 1026 1274 1077 nostrum
1291 1021 1402 1094 aliquid
1425 1021 1594 1077 inferimus:
1622 1019 1691 1092 quis

153 1106 265 1162 derium
277 1105 383 1163 cordis.
402 1108 477 1163 Nam
488 1107 565 1163 huuc
581 1108 680 1163 nullus
692 1107 817 1178 ambigit
834 1095 898 1164 esse
941 1123 1000 1162 nou
1013 1106 1126 1176 desunt,
1139 1106 1189 1177 qui
1202 1107 1358 1162 carnaliter
1371 1107 1528 1180 sepientes,
1538 1106 1690 1162 insultant:

149 1193 336 1249 dilectionem
348 1194 467 1250 minime
479 1211 588 1263 veram,
600 1211 666 1267 quae
679 1193 752 1250 illud
764 1194 897 1266 decalogi
941 1191 1059 1249 etiamsi
1082 1209 1183 1248 eorum
1206 1193 1326 1248 auribus
1349 1193 1530 1266 aliorumque
1554 1194 1690 1267 proficiat

148 1295 206 1334 non
228 1278 332 1352 implet
353 1278 488 1336 effatum:
509 1280 658 1352 “Diliges
676 1282 780 1354 inquit,
799 1281 896 1354 proxi·
940 1280 1076 1338 veritatis
1094 1279 1220 1346 auditus,
1239 1285 1270 1335 et
1286 1281 1413 1336 maxime
1436 1280 1483 1336 his
1500 1279 1689 1354 temporibus,

147 1383 227 1420 mum
239 1365 316 1420 sicut
335 1371 366 1422 te
382 1367 488 1440 ipsum.
500 1405 515 1436 „
534 1366 621 1423 Hunc
632 1385 686 1422 nos
704 1384 818 1439 quoque
835 1372 897 1422 tem
940 1366 1046 1438 quibus
1077 1384 1131 1422 nos
1156 1367 1350 1440 conspicimus
1381 1373 1412 1424 et
1435 1367 1524 1424 iactis
1549 1367 1688 1439 vitiisque

148 1451 241 1508 divini
262 1452 400 1508 carminis
417 1451 594 1510 meditantes
611 1453 796 1524 versiculum,
815 1459 896 1527 opta·
941 1451 1110 1525 constringi,
1123 1452 1317 1526 presentibus
1329 1470 1419 1526 prave
1432 1454 1615 1526 contemptis,
1629 1472 1688 1510 me·

147 1555 213 1593 mus
224 1537 324 1596 vocari
341 1537 435 1611 ipsius
454 1546 564 1596 sanctas
581 1541 715 1597 caritatis
732 1550 896 1613 consortem
942 1539 999 1595 lius
1020 1541 1068 1598 vel
1086 1540 1298 1614 competentius
1317 1539 1451 1596 sensibus
1471 1541 1689 1614 praeteritorum

148 1624 226 1680 unde
238 1642 337 1681 amore
349 1627 492 1699 compulsi
510 1627 625 1684 dilecte
637 1634 744 1685 vestrae
761 1627 897 1685 fraterni·
941 1626 1111 1698 doctorum,
1131 1645 1183 1684 seu
1206 1627 1368 1700 priscorum
1385 1633 1520 1700 patrum,
1543 1627 1686 1684 dormien-

147 1711 228 1783 tetis,
239 1729 298 1767 uon
317 1712 401 1783 quasi
419 1711 573 1784 doctiores,
587 1712 640 1769 sed
657 1719 692 1769 ut
708 1731 778 1771 vere
795 1715 827 1770 in
838 1713 896 1770 vir-
941 1712 1072 1786 tiumque
1079 1712 1252 1786 jamdudum
1260 1713 1517 1770 inebriatoBeeti
1527 1712 1620 1786 igitur
1628 1713 1690 1770 Me·

147 1803 244 1852 tutum
256 1797 375 1854 tremite
389 1798 475 1856 valde
487 1799 623 1870 minores,
634 1805 665 1855 et
678 1799 709 1856 in
718 1801 785 1872 lege
797 1801 898 1860 divina
941 1799 1036 1855 thodii
1048 1799 1178 1873 episcopi
1196 1804 1226 1855 et
1243 1799 1383 1873 martyris
1401 1798 1481 1854 dictu
1493 1797 1530 1854 de
1548 1815 1645 1871 graeco
1656 1800 1688 1860 iu

147 1884 272 1939 multum
284 1883 489 1957 imperitiores,
507 1885 560 1942 sed
572 1893 606 1942 ut
621 1887 763 1959 praefatus
781 1906 853 1958 sum,
865 1907 896 1944 a·
940 1885 1064 1942 latinum
1085 1885 1247 1942 transferre
1259 1902 1421 1942 sermonem
1443 1883 1553 1940 cursu.
1566 1885 1606 1940 Et
1618 1902 1689 1956 quo-

148 1988 213 2026 mor
230 1971 357 2044 imperet
374 1971 452 2043 quod
469 1979 593 2044 ematur,
605 1974 698 2030 instat
715 1979 749 2030 ut
765 1982 895 2045 meneat3
939 1972 1019 2028 niam
1036 1972 1145 2028 nostris
1164 1977 1234 2028 sunt
1250 1970 1348 2044 aptius
1370 1967 1689 2044 prophetiae'tempori·

147 2075 248 2114 amans
259 2075 330 2116 vero
343 2058 507 2115 obediendo
520 2059 664 2118 cervicem
676 2061 815 2135 supponit
829 2080 895 2135 pro·
939 2058 1030 2131 ribus,
1042 2060 1073 2114 iu
1086 2076 1158 2131 quos
1171 2059 1240 2114 fluis
1253 2059 1434 2128 saeculomm,
1447 2056 1525 2113 sicut
1537 2058 1688 2130 apostolus

147 2149 212 2217 pter
230 2145 442 2217 subjectionem
459 2146 602 2202 sscrificio
618 2147 742 2204 meliori.
759 2148 896 2205 Charites
939 2149 1036 2220 iuquit
1052 2149 1171 2218 Paulus,
1189 2151 1394 2221 pervenerunt,
1416 2150 1450 2200 ut
1468 2145 1532 2218 jam
1552 2162 1606 2218 per
1623 2145 1689 2218 ipsa

147 2237 218 2302 ergo
229 2237 325 2302 urget,
338 2249 397 2288 nou
409 2232 569 2302 humilitas,
579 2234 693 2305 aliquos
703 2234 788 2293 vobis
797 2235 896 2310 apices
939 2253 1005 2308 quae
1016 2237 1127 2292 uostris
1144 2235 1290 2292 cernimus
1302 2235 1403 2304 oculis,
1421 2249 1492 2291 vera
1510 2250 1575 2290 esse
1587 2233 1688 2290 crede·

147 2316 183 2372 de
195 2315 355 2390 Scripturis
367 2319 477 2374 sanctis
489 2319 635 2389 intimare,
647 2321 685 2377 ab
701 2320 791 2378 animi
802 2322 895 2379 vestri
938 2340 1013 2394 mus,
1025 2340 1060 2379 ea
1072 2339 1137 2394 quae
1148 2321 1290 2394 praedicta
1303 2327 1372 2377 sunt
1384 2338 1402 2377 a
1414 2319 1547 2394 patribus
1559 2319 1685 2376 nostris:

145 2403 290 2461 desiderio
314 2407 420 2478 rogati,
441 2408 521 2480 qnod
543 2427 598 2466 nos
619 2415 739 2483 propter
758 2409 894 2468 obedien·
936 2417 1058 2484 propter
1078 2408 1156 2481 quod
1172 2407 1269 2480 magis
1286 2407 1447 2464 arbitratus
1467 2423 1533 2462 sum
1554 2405 1632 2462 hunc
1649 2407 1685 2462 li-

144 2492 218 2546 tiam
235 2490 390 2547 charitatis
408 2495 611 2567 respondimus
628 2513 692 2553 esse
709 2495 849 2567 futurum,
867 2496 894 2553 ei
939 2496 1021 2554 brum
1033 2496 1070 2553 de
1082 2512 1180 2568 graeco
1191 2495 1224 2552 in
1235 2495 1359 2552 latinum
1371 2499 1487 2553 vertere
1497 2492 1629 2549 laborem
1640 2493 1673 2564 ι).
1729 2533 1732 2539 -

143 2578 206 2636 vita
224 2583 323 2636 tumen
341 2579 480 2637 fueritin
497 2583 553 2639 Dei
575 2582 707 2655 erbitrio‚
724 2588 755 2640 et
771 2583 893 2658 implen-

180 2755 208 2828 1)
221 2756 329 2812 Petrus
341 2755 402 2826 ille,
415 2755 501 2830 plane
513 2758 641 2829 ignotus,
658 2757 892 2815 annumerandas
936 2761 977 2816 ric
986 2776 1084 2816 'senno
1098 2759 1131 2814 de
1143 2775 1175 2814 re
1193 2775 1259 2814 nam
1271 2759 1337 2832 (sic)
1355 2764 1384 2814 et
1400 2757 1430 2813 in
1446 2757 1606 2816 murinas
1619 2763 1685 2814 um·

144 2833 190 2883 est
207 2827 392 2900 paucissimis
410 2830 460 2900 qui
478 2829 586 2886 sseeulo
608 2848 664 2888 vui
685 2846 781 2902 graece
805 2830 891 2885 celle·
931 2831 1053 2904 potibat.
1076 2830 1163 2886 Scien
1184 2848 1233 2886 um
1250 2847 1375 2913 namque
1399 2829 1456 2885 erit
1482 2829 1627 2900 quomodo
1654 2847 1684 2886 e·

142 2897 293 2968 bant‚nisi
367 2917 402 2954 ca
419 2900 525 2957 callide
537 2907 571 2957 ut
583 2900 722 2960 hederam
739 2905 808 2958 ente
825 2918 891 2974 pos·
935 2909 1085 2960 senates...
1106 2901 1236 2958 Desinit:
1263 2899 1352 2974 Impri
1373 2906 1472 2956 autem
1492 2900 1686 2975 projicientur

143 2975 220 3026 tosa
241 2987 298 3043 peu
320 2971 385 3026 erit.
934 2973 1132 3044 ministrum,
1145 2989 1253 3056 exque
1269 2971 1427 3056 eripiamur
1464 2988 1496 3027 er
1513 2972 1640 3042 gratiam
1653 2977 1684 3027 et

176 3040 205 3111 2)
220 2988 357 3113 Sequitur
376 3040 481 3097 titulus
498 3041 670 3116 prophetias,
688 3047 722 3098 ut
739 3042 771 3098 in
788 3043 891 3100 biblio-
933 3045 1146 3100 humanitatem
1156 3043 1419 3113 De1‚Dom1nietS
1450 3042 1683 3100 vatorisN.J.0.

141 3112 237 3168 thecis
246 3114 381 3169 Patrem:
395 3114 495 3184 Incipit
505 3115 597 3170 sancti
608 3115 742 3172 Maitona·
752 3114 889 3172 Patarea·
935 3117 1063 3172 ortodor.
1081 3135 1109 3172 n.
1129 3117 1162 3171 21
1185 3115 1260 3172 1555.
1277 3115 1352 3170 Bibt
1370 3116 1423 3170 PP.
1440 3113 1534 3186 Lugd.
1548 3131 1585 3172 111
1597 3114 1667 3170 calc.
