3966 6104
761 517 1130 585 unocmsuniuusls
1654 519 1717 587 591

178 655 285 747 μένας.
301 656 343 726 Ἥ
359 656 413 740 νὺξ
426 654 531 744 ἐκείνη
548 657 598 743 είη
618 655 724 743 ὀδύνη,
744 659 859 746 καὶμὴ
876 658 945 724 έλ-·
969 659 1041 725 dies
1067 659 1226 742 antiquos
1253 661 1287 723 et
1312 676 1419 725 annos
1441 661 1593 742 eternus,
1608 681 1627 720 κ
1659 661 1719 727 sed

177 761 227 830 θοι
241 763 292 830 ἐπ’
302 763 402 850 αὐτην
414 762 600 849 εὐφροσύνη,
613 765 657 850 μη
677 763 712 828 δέ
730 762 876 860 χαρμονη
886 758 924 848 ¹).
969 765 1111 846 quinon
1125 763 1232 827 simili
1245 763 1615 846 temporisdiserimine
1631 781 1721 830 eom-

222 865 325 933 Τοῦτο
340 866 460 944 ἐκεῖνος
475 866 584 954 ἔλεγεν
599 866 676 951 ὅπερ
692 864 871 952 θικηνιηται
886 865 926 931 ἐκ
968 870 1142 949 putentur.
1161 867 1266 930 «Nox
1281 868 1401 932 illusit
1422 867 1571 949 afflietio,
1586 886 1649 933 nee
1663 885 1720 933 ve·

177 968 311 1056 φθσεως·
323 969 395 1034 οὐδὲ
407 968 535 1036 πίιποτε
546 970 607 1056 γὰρ
620 969 659 1036 ἂν
670 969 756 1036 έλθοι
767 968 789 1056 ἠ
802 969 925 1056 ἀληθὴς
968 971 1042 1033 niet
1058 970 1094 1033 in
1110 987 1185 1034 eam
1201 969 1378 1052 gaudium,
1395 989 1457 1036 nee
1472 973 1634 1037 laetitia.»

177 1073 355 1160 εὐφροσύνη
370 1075 425 1140 καί
440 1075 625 1162 χαρμοσθνη
649 1072 755 1162 ἡμέρᾳ
768 1077 822 1141 καὶ
837 1077 925 1142 νυκτί
1013 1073 1052 1136 id
1063 1073 1121 1138 ilie
1134 1074 1255 1156 aiebat,
1268 1075 1358 1158 quod
1368 1076 1404 1139 vi
1415 1080 1547 1140 naturae
1559 1077 1595 1141 in
1608 1094 1718 1160 prom·

176 1175 323 1265 teitau‘),
345 1177 431 1244 ἀλλὰ
453 1178 670 1264 καταράσαιτο
687 1181 796 1266 αὐτην,
818 1180 924 1266 φησίν,
968 1180 1031 1259 ptu
1057 1181 1146 1242 erat:
1177 1180 1255 1243 «Ne
1281 1196 1435 1260 unquam
1456 1180 1574 1244 veniet
1597 1197 1718 1246 verum

177 1282 195 1349 ὁ
209 1283 433 1370 καταρώμενος
448 1285 507 1370 την
521 1281 644 1369 ἡμέραν
665 1279 800 1367 ἐκείνην,
815 1283 833 1349 ὁ
853 1282 926 1370 μέλ·
970 1280 1138 1361 gaudium
1153 1286 1187 1346 et
1200 1283 1320 1346 laetitia
1341 1285 1377 1347 in
1393 1283 1447 1347 die
1463 1286 1497 1348 et
1518 1290 1616 1349 noete
1633 1286 1719 1367 ἱκέτις

176 1387 241 1455 λων
264 1391 300 1453 τὸ
331 1386 414 1474 μέγα
435 1395 534 1472 κῆτος
554 1387 738 1474 χειροῦσθαι
759 1383 799 1474 ⁵).
823 1386 925 1454 Πάλιν
969 1386 1051 1450 huie
1073 1403 1165 1468 vem,
1186 1387 1310 1468 pergit,
1337 1387 1518 1453 maledicet
1543 1390 1603 1471 qui
1630 1390 1720 1454 mule

175 1491 341 1558 κάνταῦθα
356 1491 397 1570 ὡς
413 1491 535 1578 μύσεως
551 1492 677 1577 ἔχουσιν
692 1490 725 1556 αἱ
738 1489 855 1578 ἡμέραι
870 1493 926 1556 αὑ-
968 1490 1037 1555 diei
1052 1491 1109 1555 isti
1124 1491 1216 1572 dicit,
1233 1491 1290 1556 ille
1306 1491 1366 1573 qui
1382 1509 1549 1572 magnum
1559 1497 1632 1558 cete
1644 1511 1719 1576 pre·

175 1614 239 1677 ται,
262 1595 393 1673 omuga
415 1593 582 1681 προφήτης
604 1592 787 1679 αἰνίσσεται,
810 1595 924 1664 είπέιν·
968 1611 1061 1659 mere
1076 1594 1217 1659 debet.»
1242 1598 1382 1676 Rursus,
1397 1613 1437 1660 ae
1456 1598 1486 1661 si
1506 1595 1607 1676 Juxta
1621 1601 1720 1663 natu·

175 1697 353 1784 Καταρέθη
367 1696 389 1783 ἡ
405 1697 511 1785 ἡμέρα
524 1696 925 1786 ἐκείνηείταέπενὲγκιιν·
969 1717 1043 1763 ram
1057 1718 1094 1764 se
1116 1699 1264 1764 habeant
1286 1701 1358 1765 dies
1380 1701 1480 1766 istius
1495 1701 1596 1783 modi,
1613 1703 1663 1766 ite
1684 1701 1722 1768 iu

175 1802 410 1890 Καταράσηται
426 1804 521 1870 αὐτὸν
535 1803 553 1869 ὁ
568 1803 794 1890 καταρώμενος
815 1807 875 1891 την
888 1801 926 1888 ἡ·
969 1803 1144 1884 signifieat
1164 1805 1329 1887 propheta
1350 1805 1485 1871 dieensz
1510 1807 1719 1873 «Maledicta

176 1906 274 1994 μίραν
289 1906 424 1993 ἐκείνην,
440 1907 501 1994 οὐχ
516 1908 569 1974 ίνοι
579 1916 633 1974 νῦν
642 1906 785 1996 γένηται,
801 1908 868 1973 θδέ
878 1906 925 1995 γί-
968 1908 1014 1972 sit
1029 1907 1102 1973 dies
1121 1909 1228 1989 ista»
1252 1909 1438 1989 subjiciens
1461 1927 1577 1993 porro:
1603 1912 1719 1977 «Huic

177 2033 265 2080 νεται
279 2011 427 2099 γενέσθω,
443 2011 557 2078 εἰπιίιν·
571 2009 800 2098 Καταράσαιτο
814 2014 873 2099 την
888 2010 925 2098 ἡ·
969 2011 1149 2076 maledicat
1164 2013 1224 2095 qui
1240 2012 1309 2078 diei
1324 2014 1538 2097 maledicit»
1559 2033 1628 2081 non
1646 2014 1720 2097 J'am

175 2114 274 2205 μίραν
288 2111 412 2200 εκείνην
427 2115 445 2181 ὁ
461 2113 585 2201 μέλλων
599 2117 636 2181 τὸ
652 2114 736 2204 μέγα
751 2125 847 2204 κητος
859 2137 925 2204 χει-
969 2121 1008 2181 ut
1030 2117 1065 2182 id
1086 2137 1179 2183 nune
1201 2117 1277 2200 flat,
1304 2120 1364 2185 sed
1385 2119 1447 2186 fiat
1468 2121 1558 2204 quod
1587 2122 1717 2190 iactum

174 2219 315 2307 ροῠσθαι,
332 2219 373 2299 ὡς
389 2218 581 2305 οἰκειότητός
602 2240 686 2298 τινος
700 2222 797 2306 οὔσης
812 2229 857 2308 τῷ
872 2242 925 2308 με·
969 2225 1029 2302 est,
1061 2221 1204 2287 addens:
1231 2224 1440 2289 «Maledieat
1459 2225 1540 2291 huie
1565 2226 1634 2291 diei
1660 2229 1721 2310 qui

173 2324 264 2413 γέλῳ
289 2321 382 2408 κήτει
402 2326 480 2410 πρὸς
505 2326 564 2410 την
586 2321 708 2410 ἡμέραν
728 2325 862 2411 ἐκείνην,
888 2329 926 2415 η·
969 2330 1042 2390 cete
1068 2343 1236 2406 magnum
1263 2345 1424 2410 superare
1449 2328 1597 2414 ἀοίνοις»
1626 2349 1667 2396 aa
1689 2332 1721 2396 si

172 2425 257 2515 τοιί)
273 2435 373 2494 ποιεῖν
387 2437 441 2496 νῦν
455 2427 664 2514 παραληφθὲν
678 2431 714 2493 τὸ
725 2438 838 2517 κητος·
852 2431 924 2498 ’τότε
967 2447 1148 2496 οοιιιιιιιιιιο
1169 2431 1253 2513 quid
1275 2433 1410 2497 intersit
1436 2450 1573 2514 magum
1597 2435 1721 2500 bellum

173 2535 236 2620 γίιρ
250 2541 374 2620 πρῶτον
391 2531 643 2620 μεταχειρίζεται
661 2531 834 2619 ἄνθρωπον,
849 2535 924 2600 οπό-
967 2537 1002 2598 et
1024 2534 1134 2599 eidem
1157 2534 1236 2616 diei,
1260 2533 1393 2600 efficere
1418 2555 1539 2620 nempe
1565 2557 1657 2605 nune
1680 2543 1721 2605 ut

111 2631 116 2640 ’
172 2657 232 2704 ταν
247 2637 291 2715 εἰς
305 2635 429 2723 γένεσιν
448 2635 585 2702 ἐλθοῦσα
605 2633 627 2720 ἡ
651 2637 739 2724 ψυχὴ
755 2638 797 2704 τὰ
819 2637 924 2704 πάντα
966 2641 1040 2704 cete
1055 2642 1194 2721 captum
1209 2640 1264 2704 sit.
1280 2641 1376 2705 'l'une
1391 2642 1483 2706 enim
1498 2644 1648 2726 primum
1660 2645 1720 2710 ho·

173 2739 352 2827 ὑποχείριον
372 2739 504 2828 γένηται
524 2749 569 2828 τῷ
591 2740 753 2829 λεγομένῳ
775 2751 832 2808 τοῦ
847 2742 922 2809 κίσ-
966 2761 1021 2810 ιιιο
1035 2747 1227 2828 superatur,
1244 2746 1380 2827 quando
1402 2748 1518 2812 anima
1539 2749 1583 2813 ad
1604 2753 1718 2816 ortum

174 2845 407 2934 μουπνειίματι
418 2847 455 2911 οὐ
466 2843 571 2932 χαίρει
581 2846 617 2912 δέ
624 2846 680 2911 καί
691 2848 781 2925 οὖτος
793 2848 848 2912 καὶ
859 2855 922 2926 πᾶς
966 2847 1150 2931 procedens
1164 2849 1299 2931 captiva
1313 2848 1353 2914 fit
1367 2851 1507 2932 spiritua
1519 2852 1580 2934 qui
1595 2852 1717 2917 mundi

172 2951 263 3036 ἅγιος
278 2949 313 3018 έν
326 2957 367 3036 τῇ
382 2945 488 3036 ἡμέρα
501 2949 601 3036 ταύτῃ
612 2949 634 3036 ᾔ
645 2951 681 3017 τὸ
692 2957 791 3038 κητος
805 2949 921 3040 χαίρει.
966 2952 1104 3034 dieitur.
1119 2955 1188 3018 Nee
1203 2971 1285 3018 sane
1299 2952 1356 3019 hie
1372 2954 1472 3019 homo
1473 2973 1609 3039 ,neque
1624 2957 1718 3021 ullus

965 3061 1104 3123 sanetus
1129 3059 1299 3123 latetur
1290 3078 1327 3125 1n
1349 3059 1404 3124 die
1425 3076 1495 3141 qua
1508 3065 1581 3126 cete
1604 3061 1717 3128 exsul·

967 3164 1027 3227 tet.

1003 3364 1175 3438 4.)ητ1οοᾱ
1193 3364 1719 3446 Osteestflatametdepeeeato

968 3449 1107 3595 οημίίχαίί
1115 3449 1233 3510 videtur
1240 3451 1436 3526 intelligendu.
1447 3453 1572 3512 obseura
1580 3453 1720 3513 alansulm

967 3553 1032 3613 pen
1071 3553 1116 3595 na.

918 3826 960 3890 11.

508 4068 558 4134 De
577 4067 805 4148 έθιιιιίαίίιιια,
830 4066 875 4134 ad
896 4069 1055 4134 ieremias
1077 4085 1150 4153 στρ.
1173 4083 1220 4151 ιιι,
1243 4067 1320 4134 8-26
1337 4060 1373 4152 ¹).

216 4349 248 4397 v
264 4327 358 4400 8.Τὸ
379 4329 515 4418 πλησίον
536 4333 634 4400 αὐτοῦ
655 4331 751 4402 λαλεῖ
769 4331 922 4421 εἰρηνικὰ,
1011 4354 1043 4399 ν.
1060 4335 1090 4400 θ.
1106 4333 1259 4401 Ριοαίιιιο
1273 4333 1416 4420 paemen
1429 4332 1584 4420 ίοριιίίιιι,
1601 4331 1692 4402 sed
1676 4353 1715 4402 ιιι

170 4437 273 4508 wit
288 4435 390 4524 ἑαυτῷ
406 4438 475 4524 ἔχει
489 4439 549 4523 την
563 4437 681 4526 ἐχθράν
694 4437 764 4504 κτλ.
966 4438 1218 4520 astuciarum
1238 4443 1301 4505 ete.

212 4536 283 4606 Οὔκ
304 4540 344 4606 ἂν
358 4538 388 4606 οἱ
410 4549 606 4627 γραμματεῖς
628 4543 685 4607 καί
706 4541 736 4607 οί
757 4551 918 4628 φαρισαῖοι
1005 4544 1200 4626 Numquam
1216 4543 1340 4608 Seriboe
1355 4549 1390 4612 et
1405 4544 1567 4611 Pharisaei
1577 4543 1714 4608 Judami

167 4652 224 4710 τοῦ
237 4643 319 4710 λαοῦ
332 4652 395 4711 τῶν
408 4641 571 4712 Ἰουδαίων
586 4646 668 4711 πολὺ
681 4649 719 4712 τθ
742 4646 814 4714 οὐαὶ
829 4648 918 4734 παρὰ
960 4648 1079 4731 populi
1100 4649 1249 4712 multum
1268 4665 1321 4713 vae
1343 4649 1552 4714 asalvatore
1574 4645 1715 4711 haeredi

166 4757 222 4814 τοῦ
237 4757 378 4835 σωτῆρος
397 4747 665 4836 έκλορονόμησαν,
680 4749 709 4817 εί
731 4753 774 4838 μη
791 4752 844 4819 διὰ
857 4754 917 4838 την
960 4753 1041 4817 tatis
1055 4754 1129 4817 loeo
1147 4752 1356 4835 habuissent,
1373 4755 1441 4819 nisi
1457 4757 1593 4837 propter
1608 4752 1712 4836 hypo-

165 4851 348 4940 ὑπόκρισιν·
369 4853 404 4920 ἐν
418 4853 481 4939 γὰρ
495 4861 560 4932 τοῖς
574 4853 719 4942 ἐλέγχοις
737 4863 799 4922 τῶν
815 4856 917 4943 ἁμαρ·
961 4855 1086 4920 erisim.
1113 4857 1199 4920 Nam
1221 4855 1303 4921 dum
1329 4857 1552 4938 redargueret
1575 4859 1714 4939 peecata

164 4957 239 5025 τιῶν
253 4957 357 5024 αὐτῶν
377 4957 437 5024 οὐκ
458 4957 619 5025 ἐπαύσατο
635 4959 720 5025 κατὰ
741 4967 848 5028 πᾶσαν
870 4961 919 5027 αί-
963 4974 1090 5042 eorum,
1116 4961 1265 5040 singulis
1286 4961 1328 5026 de
1354 4965 1467 5028 causis
1488 4979 1557 5026 non
1583 4959 1714 5025 destitit

164 5057 236 5127 τίαν
260 5059 424 5150 προλέγον
449 5062 481 5130 ὁ.
497 5062 634 5152 Κύριος·
664 5061 747 5130 Οὐαί
775 5065 846 5153 υμίν
874 5061 916 5152 ²),
961 5065 1084 5131 addere
1099 5065 1281 5131 Dominus:
1307 5068 1397 5132 «Vm
1411 5067 1518 5150 vobis,
1534 5064 1660 5132 Scribe
1677 5067 1712 5129 et

200 5251 228 5326 1)
240 5251 288 5310 lix
299 5252 397 5311 νοτία.
408 5253 478 5311 1114
494 5252 518 5312 1.
530 5255 575 5314 61.
587 5191 687 5317 Οιίοίι.
699 5254 760 5329 lut,
771 5253 793 5314 t
806 5255 867 5315 110.
995 5251 1143 5330 1)1ίε1θι.
1157 5269 1247 5328 um.
1259 5254 1302 5313 17.

243 5361 395 5410 umora
413 5363 457 5428 m,
477 5347 526 5411 ³⁸.
