4006 6090
820 487 864 555 IN
887 477 1073 556 PSALMOS
1665 485 1731 554 342

229 644 260 691 v.
283 627 313 692 3.
337 625 413 708 Θοῦ,
437 621 545 711 Κύριε,
568 624 717 714 φυλακὴν
737 635 780 714 τῷ
802 625 936 716 στύματί
1022 648 1055 694 v.
1071 633 1101 696 3.
1116 631 1212 711 Porta,
1230 627 1377 710 Domine,
1399 627 1574 698 caladiam
1588 631 1640 696 οντ·
1658 649 1734 697 arao

186 748 258 814 μου,
273 732 328 794 καὶ
343 729 446 815 θύραν
460 739 612 818 περιοχῆς
624 729 695 816 περί
706 734 746 796 τά
758 727 851 817 χείλη
864 753 934 820 μου.
978 735 1141 801 attaliam
1156 720 1406 801 arancarum
1421 735 1520 800 tatia
1534 737 1625 802 meis.

228 834 359 920 Ἐπειδὴ
376 833 458 920 μέγα
474 835 556 902 οίδεν
578 834 751 920 ἀνθρώποις
767 838 803 901 τὸ
818 857 932 922 κατορ·
1021 839 1160 916 Quando
1190 839 1327 920 quidem
1354 842 1450 904 novit
1475 843 1593 920 magni
1619 843 1728 906 homi-

184 938 259 1005 θοῦν
272 949 331 1026 της
352 939 500 1024 γλώσσης
522 942 581 1025 την
603 940 759 1026 φυλακὴν,
775 944 828 1007 τὸν
851 939 932 1007 Θεὸν
977 963 1060 1007 num
1076 945 1239 1008 interesse
1254 959 1374 1022 regere
1387 943 1516 1022 lingua
1528 946 1727 1026 custodiam,
1750 937 1753 942 ’

183 1042 267 1108 αἰτεῖ
285 1043 403 1128 ταύτης
418 1044 476 1129 την
499 1043 688 1129 ἐγκράτειαν
708 1053 766 1130 της
788 1044 932 1131 γλώττης
976 1050 1080 1113 olleo
1102 1051 1252 1130 postulat
1266 1048 1448 1112 concedere
1470 1034 1602 1128 lingua
1623 1051 1726 1114 absti-

182 1145 383 1233 χαρίσασθαι
399 1144 500 1212 octav
514 1150 596 1212 οῦτυ
613 1144 768 1232 φυλάσσει
781 1151 840 1234 την
855 1165 932 1235 μορε
976 1154 1139 1216 nentium.
1155 1152 1248 1216 Nihil
1262 1169 1319 1216 cor
1334 1157 1488 1217 nostrum
1504 1171 1600 1235 arque
1615 1162 1727 1219 custo·

182 1249 252 1316 δίαν
266 1249 366 1336 ἡμῶν,
391 1250 432 1328 ῶς
447 1253 465 1315 δ
480 1249 576 1336 aaa
591 1261 647 1317 τοῦ
669 1251 763 1333 Θεοῦ,
779 1253 808 1317 εί
827 1272 866 1337 γε
887 1262 932 1339 τῷ
977 1256 1028 1320 dit
1042 1275 1082 1322 ac
1096 1257 1198 1320 timor
1210 1258 1281 1337 Dei,
1292 1258 1321 1321 si
1333 1258 1470 1339 quidem
1483 1259 1519 1322 in
1531 1259 1651 1323 timore
1662 1260 1725 1324 Dei

152 1371 158 1378 ·
181 1353 268 1441 ρύύιμ
283 1353 402 1441 Κυρίου
417 1354 553 1421 ἐκκλίνει
567 1365 629 1446 πῦς
645 1356 708 1422 ἀπὸ
723 1363 836 1421 κακοῦ.
977 1362 1122 1443 quilibet
1136 1381 1156 1424 a
1171 1363 1261 1425 malo
1275 1362 1432 1426 declinat.

229 1480 261 1525 v.
279 1462 308 1524 7.
324 1457 412 1526 ‘aar
433 1459 538 1546 πάγος
552 1469 613 1545 γῆς
636 1459 785 1547 διερράγη
802 1461 854 1526 ἐπί
875 1469 932 1548 τῆς
1020 1481 1053 1530 v.
1069 1468 1099 1530 7.
1116 1467 1210 1532 Sicttt
1222 1465 1403 1532 crassitudo
1422 1471 1517 1534 tatto
1531 1467 1664 1550 discepto
1679 1470 1730 1534 est

179 1573 250 1650 γῆς,
267 1562 489 1650 διεσκορπίσθη
513 1565 553 1628 τά
568 1563 647 1630 ὀστᾶ
664 1562 755 1652 ἡμῶν
775 1566 864 1652 παρά
877 1567 933 1632 τὸν
975 1588 1073 1652 carpor
1087 1574 1219 1650 terram,
1244 1570 1407 1652 atrapota
1428 1577 1728 1640 amorreorum
1846 1557 1850 1566 ⁴

182 1667 274 1754 ᾅδην.
975 1673 1261 1755 semaeiasaaaam.

226 1772 292 1850 Τὰς
311 1772 457 1858 δυνάμεις
472 1781 529 1858 της
544 1773 650 1859 ψυχῆς
665 1775 743 1839 ὀστᾶ
754 1783 811 1860 τῆς
824 1776 930 1862 ψυχης
1018 1779 1211 1842 Facultates
1226 1779 1349 1841 animae
1370 1782 1470 1842 vocat
1491 1779 1613 1844 animae
1636 1797 1721 1862 ossa,
1840 1837 1845 1844 .

180 1877 340 1964 ὀνομάζει,
363 1879 444 1960 άπερ
471 1874 735 1961 διεσκορπίζεται,
760 1877 875 1957 κακίας
899 1880 930 1944 ἐ·
973 1901 1049 1964 quae
1065 1883 1283 1964 dissipantur,
1300 1885 1329 1946 si
1353 1884 1493 1948 malitiae
1508 1888 1668 1966 aptentur
1690 1891 1724 1950 et
1785 1864 1790 1882 ⁵

179 1982 367 2068 φαπτάμενα
380 1982 436 2045 καί
450 1978 623 2066 άγνυσίας·
645 1983 680 2046 εὖ
696 1981 732 2047 δέ
746 1984 801 2047 καί
815 1982 850 2047 τά
867 1983 926 2069 φά-
973 1989 1186 2067 ignorantia.
1203 1989 1303 2051 Recte
1319 1989 1423 2051 etiam
1433 1989 1569 2052 videtur
1582 2007 1725 2071 usurpa·

177 2109 231 2152 ναι
247 2083 481 2171 διεσκορπίσύη,
498 2084 528 2149 ol
541 2086 604 2173 γάρ
620 2085 653 2151 ἐν
668 2085 766 2172 ἀρετῇ
781 2087 868 2165 ὄντες
884 2085 927 2167 είς
971 2093 1001 2155 ri
1023 2089 1185 2174 aissrpara
1206 2097 1306 2157 scat:
1334 2093 1393 2173 qui
1417 2094 1508 2156 enim
1536 2093 1572 2157 in
1594 2095 1721 2158 virtute

179 2191 257 2257 εἰσιν
271 2192 306 2256 ἐν
320 2188 438 2275 Κυρίῳ.
972 2200 1063 2277 sunt,
1080 2214 1187 2260 unum
1203 2197 1334 2260 suntin
1350 2199 1503 2260 Domino.

222 2315 255 2359 ν.
274 2297 324 2360 10.
341 2293 517 2360 Πεσοῦνται
531 2294 565 2360 ἐν
589 2287 815 2380 ἀμριύλήστρλμ
831 2297 929 2362 αὐτοῦ
1015 2317 1047 2364 v.
1062 2301 1112 2363 10.
1135 2299 1255 2366 Cadent
1274 2301 1311 2364 ia
1324 2301 1481 2368 retiaculo
1495 2303 1567 2384 σίνε
1580 2309 1723 2386 paccato-

179 2395 370 2483 ᾰμαρτυιλοί.
974 2421 1039 2471 res.
1655 2459 1658 2464 .

222 2503 287 2570 Τοῦ
298 2504 334 2568 δὲ
351 2503 520 2582 ἐνεστῶτος
533 2504 645 2583 αἰῶνός
664 2505 749 2572 ἐστιν
770 2504 929 2594 άμρίύλη-
1018 2509 1198 2573 Praesentis
1214 2525 1294 2572 voro
1309 2511 1426 2574 saeouli
1445 2513 1649 2578 retiaculum
1672 2521 1725 2580 est

178 2627 272 2691 στρον
283 2607 473 2673 διδασκαλία
483 2612 772 2696 πνευματικη,το“υς
784 2610 928 2678 ἀποπλα-
971 2613 1161 2695 spiritualis
1183 2612 1337 2677 doctrina
1359 2633 1436 2696 quar
1450 2635 1472 2679 a
1486 2618 1548 2681 Dei
1572 2621 1668 2683 cultu
1688 2640 1723 2684 a·

177 2711 330 2797 νηθίντας
352 2713 416 2784 ἀπὸ
434 2722 492 2798 τῆς
509 2712 694 2792 Θεσσεύείας
713 2714 765 2780 ἐπί
781 2717 840 2802 την
858 2716 929 2802 ἀρε·
972 2736 1087 2782 versos
1103 2717 1236 2782 reducit
1249 2717 1293 2780 ad
1308 2719 1481 2801 virtutem,
1497 2721 1656 2788 videlicet
1676 2724 1720 2788 ad
1774 2779 1776 2784 ,

176 2821 236 2905 τὴν
260 2819 433 2905 ἀνάγουσα,
455 2818 598 2885 τουτέστι
624 2821 677 2885 τὸν
698 2819 797 2887 Θεὸν·
818 2821 849 2887 σί
867 2824 928 2908 γάρ
973 2824 1092 2887 Deum.
1119 2823 1184 2898 Qui
1211 2823 1303 2886 enim
1326 2824 1457 2888 casaris
1480 2826 1619 2906 laqueos
1642 2845 1721 2891 nec-

178 2932 244 3000 τοῖς
259 2922 367 3000 άλλοις
390 2925 446 3001 τάς
469 2921 604 3008 παγίδας
623 2925 808 3010 πηγνύντες,
830 2926 929 2992 καθά·
972 2931 1068 3008 tunt,
1095 2929 1185 2992 sicut
1210 2928 1247 2991 in
1276 2931 1364 3008 rete,
1395 2931 1723 3012 comprehendentur

178 3045 239 3111 περ
254 3029 312 3092 τινί
326 3027 440 3113 δικτύῳ
455 3038 495 3113 τη
506 3026 582 3113 θείᾳ
597 3028 928 3114 συλληρθησονταιτι·
973 3032 1090 3096 divina
1105 3033 1341 3111 castigatione,
1357 3037 1446 3097 etan
1464 3052 1541 3115 quae
1556 3036 1721 3119 lecerunt,

179 3129 290 3218 μυρίᾳ,
312 3134 368 3197 καί
390 3134 471 3217 άπερ
497 3133 611 3216 δρῶσιν
633 3131 852 3220 ὑπομενοῦσιν,
875 3137 930 3200 καί
973 3135 1202 3216 sustinebunt,
1211 3141 1246 3200 at
1256 3138 1431 3218 patientur
1443 3155 1483 3202 ea
1495 3156 1572 3221 quae
1583 3142 1660 3208 aliis
1677 3143 1727 3207 in·

178 3232 351 3319 πείσονται,
367 3235 390 3302 ά
405 3245 470 3313 τοῖς
487 3234 595 3312 ἅλλοις
610 3235 789 3322 ἐπάγουσιν.
975 3239 1148 3304 dixerunt.
1682 3257 1683 3261 ’

218 3475 245 3516 ν.
259 3459 284 3527 8,
295 3458 365 3542 ‚Vat
378 3457 404 3514 5.
1012 3477 1041 3518 v.
1062 3460 1106 3516 10.
1122 3458 1218 3516 Iidem
1235 3460 1318 3518 codd.
1335 3463 1428 3520 Plura
1444 3462 1557 3521 addunt
1573 3482 1639 3537 quac
1659 3467 1728 3539 plus

216 3564 242 3605 ν.
257 3546 401 3616 aveat,
415 3547 514 3618 12,16.
976 3546 1242 3605 minusomandata
1252 3547 1303 3604 BB
1316 3547 1479 3606 ediderunt.

776 3725 946 3805 Psalmuo
972 3719 1121 3804 CXLI.

221 3959 253 4004 v.
270 3941 300 4006 5.
317 3936 482 4005 Ἀτιύλετο
504 3937 588 4024 φυγὴ
614 3935 668 4002 ἀπ’
679 3937 767 4023 ἐμοῦ,
789 3939 845 4002 καί
867 3937 927 4002 οὐκ
1014 3956 1046 4001 v.
1062 3941 1093 4002 5.
1109 3939 1216 4004 Perdit
1227 3937 1354 4025 sapae
1376 3959 1436 4023 κιο,
1453 3945 1486 4009 et
1505 3961 1569 4009 awa
1590 3948 1640 4010 cst
1660 3943 1721 4029 qai

179 4045 262 4110 ἐστιν
274 4045 292 4110 δ
304 4044 446 4129 ἐκζητῶν
461 4045 519 4129 την
531 4041 638 4130 ψυχήν
651 4064 721 4129 μου.
739 4046 891 4125 Vct-709,
904 4062 924 4108 1.
969 4045 1119 4126 acquirat
1132 4045 1276 4112 υυὶυιουι
1290 4064 1402 4113 mom.
1643 4103 1645 4106 ,

220 4143 259 4220 Ὁ
274 4147 434 4224 ἀπολέσας
448 4150 506 4234 την
521 4150 624 4235 φυγὴν
638 4149 767 4232 ταύτην,
777 4146 821 4238 ἱού
836 4147 927 4212 δύνα-
1014 4149 1079 4224 Qui
1102 4147 1190 4212 hanc
1206 4149 1325 4228 fugam
1349 4152 1504 4235 perdidit,
1525 4171 1592 4218 non
1608 4157 1720 4236 potest

177 4271 230 4318 ται
244 4254 341 4318 εἰπεῖν
356 4251 389 4342 ἐν
403 4249 530 4337 θλίψει·
547 4251 602 4318 Ἐν
617 4249 727 4338 θλίψει
748 4251 927 4329 ἐπλάτυνάς
970 4251 1097 4316 dicere:
1129 4255 1202 4316 «ln
1227 4256 1447 4320 tribulatione
1469 4275 1545 4321 mea
1570 4258 1723 4322 dilatasti

178 4376 241 4442 μοι,
253 4355 293 4420 δι’
302 4354 409 4435 ἐξοδον
421 4356 484 4420 άπδ
495 4363 556 4421 τῶν
567 4355 759 4436 τιταιζάντυν
768 4354 862 4422 αύτύν
874 4356 926 4422 λο-
970 4357 1073 4437 mihi,
1090 4377 1107 4417 r
1129 4362 1168 4421 ut
1182 4364 1282 4422 exeat
1303 4377 1346 4422 ex
1361 4363 1617 4443 tentationibus,
1641 4380 1718 4444 quac

177 4469 313 4546 γισμῶν·
328 4459 464 4526 ἐνταῦθα
485 4459 530 4541 δέ,
545 4462 617 4546 ἤτοι
639 4460 926 4546 ταπεινοφροσύνης
970 4461 1069 4524 illum
1085 4461 1271 4525 offendunt.
1295 4465 1334 4527 In
1357 4464 1420 4528 hoo
1447 4471 1562 4529 autem
1585 4468 1669 4548 1000,
1685 4467 1722 4530 id

178 4564 272 4650 χάριν
287 4561 422 4630 τέθειται
432 4574 534 4629 τοῦτο.
546 4557 593 4629 Ἢ
605 4565 700 4641 ύντυς
715 4567 770 4629 καί
781 4565 875 4643 αὐτὸς
890 4565 926 4630 ἀ·
971 4567 1107 4646 propter
1135 4565 1364 4631 humilitatem
1399 4569 1546 4650 ponitur.
1580 4604 1618 4616 ——
1658 4572 1720 4636 Vel

177 4667 302 4732 πῶλεσε
316 4670 375 4754 την
397 4671 509 4754 φυγὴν,
526 4667 598 4733 κατ’
610 4666 782 4754 ἀναλογίαν
798 4679 855 4756 της
870 4672 926 4734 aa·
971 4685 1007 4730 re
1031 4668 1104 4748 ipsa
1119 4669 1148 4731 is
1164 4667 1284 4747 lugam
1300 4671 1456 4752 perdidit,
1476 4675 1535 4754 qui
1558 4675 1721 4754 probatur

178 4783 234 4837 τοῦ
249 4772 474 4850 καταστάσεως
496 4770 731 4858 πειραζόμενος,
746 4776 802 4839 καί
817 4776 861 4862 μη
878 4776 927 4840 εύ-
971 4789 1013 4836 ex
1028 4771 1152 4837 indolis
1162 4791 1233 4836 suae
1249 4775 1505 4866 consuetudine,
1518 4795 1580 4842 nec
1595 4782 1722 4860 reperit

178 4875 294 4961 ρίσκυν
306 4876 378 4952 τούς
389 4873 503 4960 λάγους
514 4884 575 4940 τῶν
587 4874 829 4959 προσπεσόντων
840 4879 926 4964 αύτῷ
970 4893 1091 4939 causas
1117 4879 1346 4942 tentationum
1378 4897 1453 4961 quae
1480 4882 1532 4945 illi
1562 4884 1721 4949 subeunt.

178 4987 377 5067 πειρασμῶν·
393 4979 518 5057 πάντως
531 4981 594 5065 γάρ
616 4978 671 5044 καί
686 4979 823 5068 τούτῳή
840 4981 928 5068 πάλη
974 4979 1118 5044 omnino
1144 4981 1236 5046 enim
1258 4981 1339 5047 huic
1368 4984 1442 5050 viro
1467 4990 1639 5054 conamen
1669 4994 1723 5056 eet

215 5163 266 5247 Pa
278 5203 360 5249 oxu.
371 5202 401 5248 ε.
413 5185 439 5244 5.
451 5183 557 5247 vata
568 5183 677 5262 Ephori.
687 5202 728 5261 vt,
738 5188 781 5246 12.
790 5187 840 5248 Pa
853 5201 894 5262 lv,
902 5191 930 5246 2.
