<?xml version="1.0" encoding="UTF-8"?>
<!DOCTYPE html PUBLIC "-//W3C//DTD XHTML 1.0 Transitional//EN"
    "http://www.w3.org/TR/xhtml1/DTD/xhtml1-transitional.dtd">
<html xmlns="http://www.w3.org/1999/xhtml" xml:lang="en" lang="en">
 <head>
  <title>
</title>
<meta http-equiv="Content-Type" content="text/html;charset=utf-8" />
  <meta name='ocr-system' content='tesseract 3.04.00' />
  <meta name='ocr-capabilities' content='ocr_page ocr_carea ocr_par ocr_line ocrx_word'/>
</head>
<body>
  <div class='ocr_page' id='page_1' title='image "./analectasacrasp00pitrgoog_0506.png"; bbox 0 0 3966 6108; ppageno 0'>
   <div class='ocr_carea' id='block_1_1' title="bbox 823 437 1712 540">
    <p class='ocr_par' dir='ltr' id='par_1_1' title="bbox 823 437 1712 540">
     <span class='ocr_line' id='line_1_1' title="bbox 823 437 1712 540; baseline -0.002 0"><span class='ocrx_word' id='word_1_1' title='bbox 823 472 1030 540; x_wconf 78' lang='lat' dir='ltr'><strong>susumus</strong></span> <span class='ocrx_word' id='word_1_2' title='bbox 1300 437 1303 446; x_wconf 69' lang='lat'>&#39;</span> <span class='ocrx_word' id='word_1_3' title='bbox 1647 477 1712 540; x_wconf 82' lang='grc' dir='ltr'><strong>ιιι</strong></span> 
     </span>
    </p>
   </div>
   <div class='ocr_carea' id='block_1_2' title="bbox 158 611 1714 1432">
    <p class='ocr_par' dir='ltr' id='par_1_2' title="bbox 158 611 1714 915">
     <span class='ocr_line' id='line_1_2' title="bbox 158 611 1710 705; baseline 0.003 -27"><span class='ocrx_word' id='word_1_4' title='bbox 158 611 188 679; x_wconf 86' lang='grc' dir='ltr'><strong>εἰ</strong></span> <span class='ocrx_word' id='word_1_5' title='bbox 202 615 246 700; x_wconf 82' lang='grc' dir='ltr'><strong>μὴ</strong></span> <span class='ocrx_word' id='word_1_6' title='bbox 262 612 401 704; x_wconf 77' lang='grc' dir='ltr'><strong>Μυῦσης</strong></span> <span class='ocrx_word' id='word_1_7' title='bbox 416 615 434 684; x_wconf 86' lang='grc' dir='ltr'><strong>ό</strong></span> <span class='ocrx_word' id='word_1_8' title='bbox 449 617 600 700; x_wconf 81' lang='grc' dir='ltr'><strong>ἐκλεκτὸς</strong></span> <span class='ocrx_word' id='word_1_9' title='bbox 615 622 712 688; x_wconf 79' lang='grc' dir='ltr'><strong>αὐτοῦ</strong></span> <span class='ocrx_word' id='word_1_10' title='bbox 729 617 805 705; x_wconf 86' lang='grc' dir='ltr'><strong>ίστη</strong></span> <span class='ocrx_word' id='word_1_11' title='bbox 822 619 856 686; x_wconf 86' lang='grc' dir='ltr'><strong>έν</strong></span> <span class='ocrx_word' id='word_1_12' title='bbox 869 627 910 704; x_wconf 77' lang='grc' dir='ltr'><strong>τη</strong></span> <span class='ocrx_word' id='word_1_13' title='bbox 955 635 1020 682; x_wconf 82' lang='lat' dir='ltr'><strong>ooo</strong></span> <span class='ocrx_word' id='word_1_14' title='bbox 1041 619 1168 698; x_wconf 75' lang='lat' dir='ltr'><strong>Moyses</strong></span> <span class='ocrx_word' id='word_1_15' title='bbox 1182 614 1302 683; x_wconf 77' lang='lat' dir='ltr'>eiectos</span> <span class='ocrx_word' id='word_1_16' title='bbox 1323 615 1395 698; x_wconf 77' lang='grc' dir='ltr'><strong>αράι</strong></span> <span class='ocrx_word' id='word_1_17' title='bbox 1415 616 1560 684; x_wconf 70' lang='lat' dir='ltr'><em>stetisset</em></span> <span class='ocrx_word' id='word_1_18' title='bbox 1579 615 1617 682; x_wconf 81' lang='lat' dir='ltr'><strong>io</strong></span> <span class='ocrx_word' id='word_1_19' title='bbox 1639 635 1710 684; x_wconf 85' lang='grc' dir='ltr'><strong>ουκ-</strong></span> 
     </span>
     <span class='ocr_line' id='line_1_3' title="bbox 159 715 1714 810; baseline 0.003 -29"><span class='ocrx_word' id='word_1_20' title='bbox 159 715 295 802; x_wconf 80' lang='grc' dir='ltr'><strong>θραύσει</strong></span> <span class='ocrx_word' id='word_1_21' title='bbox 305 719 437 787; x_wconf 78' lang='grc' dir='ltr'><strong>ἐνώπιον</strong></span> <span class='ocrx_word' id='word_1_22' title='bbox 450 725 557 807; x_wconf 76' lang='grc' dir='ltr'><strong>αὐτοῦ,</strong></span> <span class='ocrx_word' id='word_1_23' title='bbox 569 735 626 790; x_wconf 89' lang='grc' dir='ltr'><strong>τοῦ</strong></span> <span class='ocrx_word' id='word_1_24' title='bbox 638 722 836 810; x_wconf 79' lang='grc' dir='ltr'>ἀποστρέψαι</span> <span class='ocrx_word' id='word_1_25' title='bbox 847 722 911 788; x_wconf 82' lang='grc' dir='ltr'><strong>ἀπὸ</strong></span> <span class='ocrx_word' id='word_1_26' title='bbox 947 716 1130 804; x_wconf 58' lang='lat' dir='ltr'>fractione</span> <span class='ocrx_word' id='word_1_27' title='bbox 1146 723 1184 786; x_wconf 86' lang='grc' dir='ltr'><strong>ιἰι</strong></span> <span class='ocrx_word' id='word_1_28' title='bbox 1198 724 1365 802; x_wconf 67' lang='lat' dir='ltr'>copore</span> <span class='ocrx_word' id='word_1_29' title='bbox 1379 721 1461 802; x_wconf 74' lang='lat' dir='ltr'>ejus,</span> <span class='ocrx_word' id='word_1_30' title='bbox 1482 724 1522 785; x_wconf 85' lang='lat' dir='ltr'><strong>ot</strong></span> <span class='ocrx_word' id='word_1_31' title='bbox 1534 719 1714 787; x_wconf 73' lang='lat' dir='ltr'>odoermet</span> 
     </span>
     <span class='ocr_line' id='line_1_4' title="bbox 159 819 1489 915; baseline 0.002 -29"><span class='ocrx_word' id='word_1_32' title='bbox 159 820 267 908; x_wconf 82' lang='grc' dir='ltr'><strong>θυμοῦ</strong></span> <span class='ocrx_word' id='word_1_33' title='bbox 282 824 380 910; x_wconf 80' lang='grc' dir='ltr'><strong>όργης</strong></span> <span class='ocrx_word' id='word_1_34' title='bbox 395 829 502 911; x_wconf 83' lang='grc' dir='ltr'><strong>αὐτοῦ,</strong></span> <span class='ocrx_word' id='word_1_35' title='bbox 517 839 574 894; x_wconf 92' lang='grc' dir='ltr'><strong>τοῦ</strong></span> <span class='ocrx_word' id='word_1_36' title='bbox 591 831 634 915; x_wconf 77' lang='grc' dir='ltr'><strong>μὴ</strong></span> <span class='ocrx_word' id='word_1_37' title='bbox 652 827 882 913; x_wconf 81' lang='grc' dir='ltr'><strong>ἐξυλαθρεῦσαι.</strong></span> <span class='ocrx_word' id='word_1_38' title='bbox 957 826 1046 889; x_wconf 78' lang='lat' dir='ltr'>irone</span> <span class='ocrx_word' id='word_1_39' title='bbox 1060 819 1141 905; x_wconf 73' lang='grc' dir='ltr'><strong>ηράε,</strong></span> <span class='ocrx_word' id='word_1_40' title='bbox 1159 840 1199 888; x_wconf 81' lang='grc' dir='ltr'><strong>ιιι</strong></span> <span class='ocrx_word' id='word_1_41' title='bbox 1212 821 1414 904; x_wconf 72' lang='lat' dir='ltr'>disperderet</span> <span class='ocrx_word' id='word_1_42' title='bbox 1427 841 1489 890; x_wconf 80' lang='lat' dir='ltr'>eoo.</span> 
     </span>
    </p>

    <p class='ocr_par' dir='ltr' id='par_1_3' title="bbox 161 924 1713 1432">
     <span class='ocr_line' id='line_1_5' title="bbox 205 924 1711 1018; baseline 0.001 -27"><span class='ocrx_word' id='word_1_43' title='bbox 205 925 316 1012; x_wconf 84' lang='grc' dir='ltr'><strong>Ἔχεις</strong></span> <span class='ocrx_word' id='word_1_44' title='bbox 332 930 365 995; x_wconf 81' lang='grc' dir='ltr'><strong>ἐν</strong></span> <span class='ocrx_word' id='word_1_45' title='bbox 380 930 560 1018; x_wconf 82' lang='grc' dir='ltr'><strong>τηὶστορίμ,</strong></span> <span class='ocrx_word' id='word_1_46' title='bbox 577 933 758 1011; x_wconf 86' lang='grc' dir='ltr'><strong>όπυςείπεν</strong></span> <span class='ocrx_word' id='word_1_47' title='bbox 773 931 911 1016; x_wconf 61' lang='lat' dir='ltr'>Modone</span> <span class='ocrx_word' id='word_1_48' title='bbox 1001 924 1114 991; x_wconf 81' lang='lat' dir='ltr'>Hebes</span> <span class='ocrx_word' id='word_1_49' title='bbox 1137 927 1173 991; x_wconf 95' lang='lat' dir='ltr'><strong>in</strong></span> <span class='ocrx_word' id='word_1_50' title='bbox 1197 927 1339 991; x_wconf 85' lang='lat' dir='ltr'>historia</span> <span class='ocrx_word' id='word_1_51' title='bbox 1362 928 1519 1008; x_wconf 82' lang='lat' dir='ltr'>relatum,</span> <span class='ocrx_word' id='word_1_52' title='bbox 1543 927 1711 1008; x_wconf 90' lang='lat' dir='ltr'>quomodo</span> 
     </span>
     <span class='ocr_line' id='line_1_6' title="bbox 161 1029 1713 1122; baseline 0.003 -28"><span class='ocrx_word' id='word_1_53' title='bbox 161 1037 205 1115; x_wconf 84' lang='grc' dir='ltr'><strong>τῷ</strong></span> <span class='ocrx_word' id='word_1_54' title='bbox 219 1029 346 1117; x_wconf 84' lang='grc' dir='ltr'><strong>Κυρίῳ·</strong></span> <span class='ocrx_word' id='word_1_55' title='bbox 368 1033 408 1100; x_wconf 82' lang='grc' dir='ltr'><strong>Εἰ</strong></span> <span class='ocrx_word' id='word_1_56' title='bbox 432 1036 489 1120; x_wconf 79' lang='grc' dir='ltr'><strong>μὲν</strong></span> <span class='ocrx_word' id='word_1_57' title='bbox 504 1036 594 1121; x_wconf 79' lang='grc' dir='ltr'><strong>ἀφείς</strong></span> <span class='ocrx_word' id='word_1_58' title='bbox 610 1037 716 1114; x_wconf 82' lang='grc' dir='ltr'><strong>αὐτοῖς</strong></span> <span class='ocrx_word' id='word_1_59' title='bbox 738 1038 797 1122; x_wconf 77' lang='grc' dir='ltr'><strong>τὴν</strong></span> <span class='ocrx_word' id='word_1_60' title='bbox 812 1033 912 1120; x_wconf 77' lang='grc' dir='ltr'><strong>ἁμαρ</strong></span> <span class='ocrx_word' id='word_1_61' title='bbox 957 1030 1081 1095; x_wconf 82' lang='lat' dir='ltr'>dixerit</span> <span class='ocrx_word' id='word_1_62' title='bbox 1091 1033 1222 1114; x_wconf 86' lang='lat' dir='ltr'>Moyses</span> <span class='ocrx_word' id='word_1_63' title='bbox 1234 1031 1392 1096; x_wconf 89' lang='lat' dir='ltr'>Domino:</span> <span class='ocrx_word' id='word_1_64' title='bbox 1407 1033 1468 1096; x_wconf 78' lang='lat' dir='ltr'><strong>«Si</strong></span> <span class='ocrx_word' id='word_1_65' title='bbox 1481 1031 1646 1098; x_wconf 84' lang='lat' dir='ltr'>deleveris</span> <span class='ocrx_word' id='word_1_66' title='bbox 1659 1051 1713 1098; x_wconf 90' lang='lat' dir='ltr'>eo-</span> 
     </span>
     <span class='ocr_line' id='line_1_7' title="bbox 161 1130 1710 1226; baseline 0.005 -31"><span class='ocrx_word' id='word_1_67' title='bbox 161 1130 242 1214; x_wconf 85' lang='grc' dir='ltr'><strong>τίαν,</strong></span> <span class='ocrx_word' id='word_1_68' title='bbox 266 1136 362 1220; x_wconf 85' lang='grc' dir='ltr'><strong>όφες·</strong></span> <span class='ocrx_word' id='word_1_69' title='bbox 386 1138 415 1202; x_wconf 80' lang='grc' dir='ltr'><strong>εί</strong></span> <span class='ocrx_word' id='word_1_70' title='bbox 436 1137 472 1202; x_wconf 80' lang='grc' dir='ltr'><strong>δὲ</strong></span> <span class='ocrx_word' id='word_1_71' title='bbox 495 1141 550 1225; x_wconf 79' lang='grc' dir='ltr'><strong>μη,</strong></span> <span class='ocrx_word' id='word_1_72' title='bbox 577 1139 662 1226; x_wconf 76' lang='grc' dir='ltr'><strong>κάμέ</strong></span> <span class='ocrx_word' id='word_1_73' title='bbox 688 1138 848 1223; x_wconf 81' lang='grc' dir='ltr'><strong>ἐξέλειψον</strong></span> <span class='ocrx_word' id='word_1_74' title='bbox 872 1137 912 1202; x_wconf 83' lang='grc' dir='ltr'><strong>έκ</strong></span> <span class='ocrx_word' id='word_1_75' title='bbox 956 1136 1336 1217; x_wconf 79' lang='grc' dir='ltr'><strong>ιιιιιιρυυυιιῦιιιιι,όε1υ.</strong></span> <span class='ocrx_word' id='word_1_76' title='bbox 1354 1137 1483 1216; x_wconf 89' lang='lat' dir='ltr'>Sinon,</span> <span class='ocrx_word' id='word_1_77' title='bbox 1504 1154 1710 1221; x_wconf 89' lang='lat' dir='ltr'>mequoque</span> 
     </span>
     <span class='ocr_line' id='line_1_8' title="bbox 163 1236 1711 1330; baseline 0.003 -27"><span class='ocrx_word' id='word_1_78' title='bbox 163 1246 220 1322; x_wconf 78' lang='grc' dir='ltr'><strong>τῆς</strong></span> <span class='ocrx_word' id='word_1_79' title='bbox 233 1236 341 1306; x_wconf 82' lang='grc' dir='ltr'><strong>θίόλου</strong></span> <span class='ocrx_word' id='word_1_80' title='bbox 352 1261 420 1326; x_wconf 86' lang='grc' dir='ltr'><strong>σου,</strong></span> <span class='ocrx_word' id='word_1_81' title='bbox 432 1243 472 1328; x_wconf 82' lang='grc' dir='ltr'><strong>ἠς</strong></span> <span class='ocrx_word' id='word_1_82' title='bbox 483 1245 637 1330; x_wconf 76' lang='grc' dir='ltr'><strong>ἔγραψας.</strong></span> <span class='ocrx_word' id='word_1_83' title='bbox 648 1242 695 1309; x_wconf 86' lang='grc' dir='ltr'><strong>Δι’</strong></span> <span class='ocrx_word' id='word_1_84' title='bbox 706 1247 749 1310; x_wconf 80' lang='grc' dir='ltr'><strong>τὸν</strong></span> <span class='ocrx_word' id='word_1_85' title='bbox 763 1264 798 1310; x_wconf 93' lang='grc' dir='ltr'><strong>τε</strong></span> <span class='ocrx_word' id='word_1_86' title='bbox 812 1263 913 1329; x_wconf 84' lang='grc' dir='ltr'><strong>χρησ-</strong></span> <span class='ocrx_word' id='word_1_87' title='bbox 956 1239 1030 1304; x_wconf 90' lang='lat' dir='ltr'>dele</span> <span class='ocrx_word' id='word_1_88' title='bbox 1045 1257 1087 1305; x_wconf 85' lang='lat' dir='ltr'><strong>ex</strong></span> <span class='ocrx_word' id='word_1_89' title='bbox 1106 1239 1192 1304; x_wconf 91' lang='lat' dir='ltr'>libro</span> <span class='ocrx_word' id='word_1_90' title='bbox 1207 1244 1277 1319; x_wconf 83' lang='lat' dir='ltr'>tuo,</span> <span class='ocrx_word' id='word_1_91' title='bbox 1301 1257 1403 1321; x_wconf 90' lang='lat' dir='ltr'>quem</span> <span class='ocrx_word' id='word_1_92' title='bbox 1426 1242 1603 1322; x_wconf 82' lang='lat' dir='ltr'><strong>scripsisti.</strong></span> <span class='ocrx_word' id='word_1_93' title='bbox 1621 1264 1638 1302; x_wconf 79' lang='lat' dir='ltr'>r</span> <span class='ocrx_word' id='word_1_94' title='bbox 1657 1244 1711 1307; x_wconf 87' lang='lat' dir='ltr'><strong>En</strong></span> 
     </span>
     <span class='ocr_line' id='line_1_9' title="bbox 161 1343 1712 1432; baseline 0.002 -26"><span class='ocrx_word' id='word_1_95' title='bbox 161 1345 216 1410; x_wconf 91' lang='grc' dir='ltr'><strong>τὸν</strong></span> <span class='ocrx_word' id='word_1_96' title='bbox 238 1344 293 1408; x_wconf 88' lang='grc' dir='ltr'><strong>καί</strong></span> <span class='ocrx_word' id='word_1_97' title='bbox 315 1345 534 1432; x_wconf 80' lang='grc' dir='ltr'><strong>φιλάνθρωπον</strong></span> <span class='ocrx_word' id='word_1_98' title='bbox 556 1350 611 1413; x_wconf 80' lang='grc' dir='ltr'><strong>καὶ</strong></span> <span class='ocrx_word' id='word_1_99' title='bbox 633 1346 831 1429; x_wconf 79' lang='grc' dir='ltr'><strong>ἀνεξίκακον,</strong></span> <span class='ocrx_word' id='word_1_100' title='bbox 856 1351 912 1412; x_wconf 93' lang='grc' dir='ltr'><strong>τὸν</strong></span> <span class='ocrx_word' id='word_1_101' title='bbox 956 1343 1082 1425; x_wconf 90' lang='lat' dir='ltr'>quibus</span> <span class='ocrx_word' id='word_1_102' title='bbox 1107 1343 1287 1408; x_wconf 80' lang='lat' dir='ltr'>edocemur</span> <span class='ocrx_word' id='word_1_103' title='bbox 1320 1343 1446 1426; x_wconf 82' lang='lat' dir='ltr'><strong>Moysis</strong></span> <span class='ocrx_word' id='word_1_104' title='bbox 1474 1345 1621 1411; x_wconf 89' lang='lat' dir='ltr'>indolem</span> <span class='ocrx_word' id='word_1_105' title='bbox 1650 1347 1712 1410; x_wconf 88' lang='lat' dir='ltr'>rni-</span> 
     </span>
    </p>
   </div>
   <div class='ocr_carea' id='block_1_3' title="bbox 31 1435 1712 1539">
    <p class='ocr_par' dir='ltr' id='par_1_4' title="bbox 31 1435 1712 1539">
     <span class='ocr_line' id='line_1_10' title="bbox 31 1435 1712 1539; baseline 0.002 -30"><span class='ocrx_word' id='word_1_106' title='bbox 31 1435 35 1442; x_wconf 74' lang='grc'>’</span> <span class='ocrx_word' id='word_1_107' title='bbox 160 1454 217 1512; x_wconf 91' lang='grc' dir='ltr'><strong>τοῦ</strong></span> <span class='ocrx_word' id='word_1_108' title='bbox 232 1446 400 1533; x_wconf 81' lang='grc' dir='ltr'><strong>Μυῦσέυις,</strong></span> <span class='ocrx_word' id='word_1_109' title='bbox 415 1451 531 1536; x_wconf 77' lang='grc' dir='ltr'>τρόπον</span> <span class='ocrx_word' id='word_1_110' title='bbox 552 1451 709 1539; x_wconf 80' lang='grc' dir='ltr'><strong>μιμεῖσθαι</strong></span> <span class='ocrx_word' id='word_1_111' title='bbox 728 1451 913 1537; x_wconf 84' lang='grc' dir='ltr'><strong>διδασκόμε-</strong></span> <span class='ocrx_word' id='word_1_112' title='bbox 956 1451 1036 1526; x_wconf 76' lang='lat' dir='ltr'>tem,</span> <span class='ocrx_word' id='word_1_113' title='bbox 1048 1446 1247 1526; x_wconf 78' lang='lat' dir='ltr'>humanum,</span> <span class='ocrx_word' id='word_1_114' title='bbox 1261 1447 1342 1510; x_wconf 82' lang='lat' dir='ltr'>mali</span> <span class='ocrx_word' id='word_1_115' title='bbox 1356 1448 1600 1537; x_wconf 80' lang='lat' dir='ltr'>immemorem.</span> <span class='ocrx_word' id='word_1_116' title='bbox 1609 1453 1712 1531; x_wconf 91' lang='lat' dir='ltr'>Opor-</span> 
     </span>
    </p>
   </div>
   <div class='ocr_carea' id='block_1_4' title="bbox 161 1550 1711 2368">
    <p class='ocr_par' dir='ltr' id='par_1_5' title="bbox 161 1550 1711 2368">
     <span class='ocr_line' id='line_1_11' title="bbox 162 1550 1711 1642; baseline -0.002 -21"><span class='ocrx_word' id='word_1_117' title='bbox 162 1550 212 1616; x_wconf 87' lang='grc' dir='ltr'><strong>θα.</strong></span> <span class='ocrx_word' id='word_1_118' title='bbox 231 1552 322 1618; x_wconf 85' lang='grc' dir='ltr'><strong>Ἔδει</strong></span> <span class='ocrx_word' id='word_1_119' title='bbox 336 1557 399 1641; x_wconf 87' lang='grc' dir='ltr'><strong>γὸιρ</strong></span> <span class='ocrx_word' id='word_1_120' title='bbox 421 1561 476 1622; x_wconf 90' lang='grc' dir='ltr'><strong>τὸν</strong></span> <span class='ocrx_word' id='word_1_121' title='bbox 490 1556 612 1642; x_wconf 80' lang='grc' dir='ltr'><strong>ἀγαθοῦ</strong></span> <span class='ocrx_word' id='word_1_122' title='bbox 629 1557 713 1626; x_wconf 82' lang='grc' dir='ltr'><strong>Θεοῦ</strong></span> <span class='ocrx_word' id='word_1_123' title='bbox 728 1555 912 1641; x_wconf 76' lang='grc' dir='ltr'><strong>θεράποντα</strong></span> <span class='ocrx_word' id='word_1_124' title='bbox 956 1551 1050 1615; x_wconf 82' lang='lat' dir='ltr'>tebet</span> <span class='ocrx_word' id='word_1_125' title='bbox 1062 1551 1153 1614; x_wconf 89' lang='lat' dir='ltr'>enim</span> <span class='ocrx_word' id='word_1_126' title='bbox 1164 1568 1301 1615; x_wconf 85' lang='lat' dir='ltr'>servum</span> <span class='ocrx_word' id='word_1_127' title='bbox 1313 1552 1376 1616; x_wconf 89' lang='lat' dir='ltr'>Dei</span> <span class='ocrx_word' id='word_1_128' title='bbox 1392 1570 1465 1618; x_wconf 85' lang='lat' dir='ltr'>esse</span> <span class='ocrx_word' id='word_1_129' title='bbox 1477 1556 1711 1619; x_wconf 85' lang='lat' dir='ltr'>aemuletorem</span> 
     </span>
     <span class='ocr_line' id='line_1_12' title="bbox 164 1654 1709 1745; baseline 0.001 -26"><span class='ocrx_word' id='word_1_130' title='bbox 164 1654 311 1744; x_wconf 75' lang='grc' dir='ltr'><strong>ζηλωτὴν</strong></span> <span class='ocrx_word' id='word_1_131' title='bbox 335 1659 416 1725; x_wconf 87' lang='grc' dir='ltr'><strong>είναι</strong></span> <span class='ocrx_word' id='word_1_132' title='bbox 427 1669 484 1724; x_wconf 90' lang='grc' dir='ltr'><strong>τοῦ</strong></span> <span class='ocrx_word' id='word_1_133' title='bbox 507 1659 590 1728; x_wconf 90' lang='grc' dir='ltr'><strong>Θεοῦ</strong></span> <span class='ocrx_word' id='word_1_134' title='bbox 610 1663 688 1745; x_wconf 85' lang='grc' dir='ltr'><strong>πρὸς</strong></span> <span class='ocrx_word' id='word_1_135' title='bbox 704 1660 801 1724; x_wconf 89' lang='grc' dir='ltr'><strong>αὸτοῦ</strong></span> <span class='ocrx_word' id='word_1_136' title='bbox 815 1658 912 1745; x_wconf 74' lang='lat' dir='ltr'>depu-</span> <span class='ocrx_word' id='word_1_137' title='bbox 956 1656 1019 1718; x_wconf 90' lang='lat' dir='ltr'>Dei</span> <span class='ocrx_word' id='word_1_138' title='bbox 1033 1655 1124 1735; x_wconf 91' lang='lat' dir='ltr'>boni,</span> <span class='ocrx_word' id='word_1_139' title='bbox 1143 1656 1200 1719; x_wconf 89' lang='lat' dir='ltr'><strong>oui</strong></span> <span class='ocrx_word' id='word_1_140' title='bbox 1216 1656 1288 1736; x_wconf 87' lang='lat' dir='ltr'>ipse</span> <span class='ocrx_word' id='word_1_141' title='bbox 1303 1656 1480 1720; x_wconf 77' lang='lat' dir='ltr'>serviebat.</span> <span class='ocrx_word' id='word_1_142' title='bbox 1498 1656 1626 1721; x_wconf 91' lang='lat' dir='ltr'>ldoiroo</span> <span class='ocrx_word' id='word_1_143' title='bbox 1643 1658 1709 1736; x_wconf 78' lang='lat' dir='ltr'><strong>igi-</strong></span> 
     </span>
     <span class='ocr_line' id='line_1_13' title="bbox 161 1758 1706 1848; baseline 0 -24"><span class='ocrx_word' id='word_1_144' title='bbox 161 1758 347 1845; x_wconf 80' lang='grc' dir='ltr'><strong>πευσμένου.</strong></span> <span class='ocrx_word' id='word_1_145' title='bbox 362 1760 421 1826; x_wconf 80' lang='grc' dir='ltr'><strong>Διὸ</strong></span> <span class='ocrx_word' id='word_1_146' title='bbox 434 1771 528 1828; x_wconf 88' lang='grc' dir='ltr'><strong>τοῦτο</strong></span> <span class='ocrx_word' id='word_1_147' title='bbox 542 1772 619 1848; x_wconf 89' lang='grc' dir='ltr'><strong>γοῦν</strong></span> <span class='ocrx_word' id='word_1_148' title='bbox 634 1763 720 1828; x_wconf 88' lang='grc' dir='ltr'><strong>είπεν</strong></span> <span class='ocrx_word' id='word_1_149' title='bbox 735 1763 751 1828; x_wconf 87' lang='grc' dir='ltr'><strong>ό</strong></span> <span class='ocrx_word' id='word_1_150' title='bbox 768 1762 849 1842; x_wconf 87' lang='grc' dir='ltr'><strong>Θεὸς</strong></span> <span class='ocrx_word' id='word_1_151' title='bbox 867 1771 911 1848; x_wconf 82' lang='grc' dir='ltr'><strong>τῷ</strong></span> <span class='ocrx_word' id='word_1_152' title='bbox 955 1763 1013 1823; x_wconf 89' lang='lat' dir='ltr'>tur</span> <span class='ocrx_word' id='word_1_153' title='bbox 1028 1760 1119 1824; x_wconf 90' lang='lat' dir='ltr'>Deus</span> <span class='ocrx_word' id='word_1_154' title='bbox 1142 1760 1248 1842; x_wconf 82' lang='lat' dir='ltr'><strong>Moysi</strong></span> <span class='ocrx_word' id='word_1_155' title='bbox 1266 1759 1368 1823; x_wconf 82' lang='lat' dir='ltr'><strong>dixit:</strong></span> <span class='ocrx_word' id='word_1_156' title='bbox 1394 1760 1500 1822; x_wconf 75' lang='lat' dir='ltr'>«Sine</span> <span class='ocrx_word' id='word_1_157' title='bbox 1516 1778 1581 1841; x_wconf 91' lang='lat' dir='ltr'>me,</span> <span class='ocrx_word' id='word_1_158' title='bbox 1598 1766 1632 1824; x_wconf 88' lang='lat' dir='ltr'>et</span> <span class='ocrx_word' id='word_1_159' title='bbox 1654 1762 1706 1824; x_wconf 85' lang='lat' dir='ltr'>iro</span> 
     </span>
     <span class='ocr_line' id='line_1_14' title="bbox 163 1861 1707 1954; baseline 0.001 -28"><span class='ocrx_word' id='word_1_160' title='bbox 163 1861 294 1950; x_wconf 78' lang='grc' dir='ltr'><strong>ὸίυιῦση·</strong></span> <span class='ocrx_word' id='word_1_161' title='bbox 310 1864 431 1931; x_wconf 85' lang='grc' dir='ltr'><strong>Ἔασόν</strong></span> <span class='ocrx_word' id='word_1_162' title='bbox 447 1888 496 1952; x_wconf 88' lang='grc' dir='ltr'><strong>με,</strong></span> <span class='ocrx_word' id='word_1_163' title='bbox 512 1868 567 1932; x_wconf 80' lang='grc' dir='ltr'><strong>καί</strong></span> <span class='ocrx_word' id='word_1_164' title='bbox 584 1867 740 1952; x_wconf 83' lang='grc' dir='ltr'><strong>θυμωθείς</strong></span> <span class='ocrx_word' id='word_1_165' title='bbox 755 1869 845 1954; x_wconf 79' lang='grc' dir='ltr'><strong>ὀργῇ,</strong></span> <span class='ocrx_word' id='word_1_166' title='bbox 861 1869 912 1934; x_wconf 81' lang='grc' dir='ltr'><strong>έκ-</strong></span> <span class='ocrx_word' id='word_1_167' title='bbox 956 1879 1150 1942; x_wconf 80' lang='lat' dir='ltr'><strong>succensus,</strong></span> <span class='ocrx_word' id='word_1_168' title='bbox 1166 1861 1284 1926; x_wconf 88' lang='lat' dir='ltr'>delebo</span> <span class='ocrx_word' id='word_1_169' title='bbox 1300 1878 1397 1942; x_wconf 65' lang='lat' dir='ltr'>eon»</span> <span class='ocrx_word' id='word_1_170' title='bbox 1416 1863 1516 1944; x_wconf 80' lang='lat' dir='ltr'>quusi</span> <span class='ocrx_word' id='word_1_171' title='bbox 1535 1867 1575 1927; x_wconf 90' lang='lat' dir='ltr'><strong>ut</strong></span> <span class='ocrx_word' id='word_1_172' title='bbox 1596 1869 1707 1928; x_wconf 86' lang='lat' dir='ltr'>osten-</span> 
     </span>
     <span class='ocr_line' id='line_1_15' title="bbox 161 1965 1709 2056; baseline 0.002 -26"><span class='ocrx_word' id='word_1_173' title='bbox 161 1965 260 2052; x_wconf 79' lang='grc' dir='ltr'><strong>τρίψω</strong></span> <span class='ocrx_word' id='word_1_174' title='bbox 276 1968 400 2050; x_wconf 79' lang='grc' dir='ltr'><strong>αὐτοὺς,</strong></span> <span class='ocrx_word' id='word_1_175' title='bbox 416 1971 501 2048; x_wconf 81' lang='grc' dir='ltr'><strong>ὅπως</strong></span> <span class='ocrx_word' id='word_1_176' title='bbox 515 1970 536 2056; x_wconf 75' lang='grc' dir='ltr'>ἡ</span> <span class='ocrx_word' id='word_1_177' title='bbox 552 1981 609 2036; x_wconf 84' lang='grc' dir='ltr'><strong>τοῦ</strong></span> <span class='ocrx_word' id='word_1_178' title='bbox 630 1971 828 2056; x_wconf 73' lang='grc' dir='ltr'><strong>Θεράποντος</strong></span> <span class='ocrx_word' id='word_1_179' title='bbox 845 1971 910 2037; x_wconf 77' lang='grc' dir='ltr'><strong>διά·</strong></span> <span class='ocrx_word' id='word_1_180' title='bbox 956 1965 1057 2030; x_wconf 79' lang='lat' dir='ltr'>datur</span> <span class='ocrx_word' id='word_1_181' title='bbox 1071 1967 1252 2030; x_wconf 81' lang='lat' dir='ltr'>servientis</span> <span class='ocrx_word' id='word_1_182' title='bbox 1267 1967 1461 2047; x_wconf 76' lang='lat' dir='ltr'>auotoritas,</span> <span class='ocrx_word' id='word_1_183' title='bbox 1478 1971 1512 2030; x_wconf 78' lang='lat' dir='ltr'>el</span> <span class='ocrx_word' id='word_1_184' title='bbox 1530 1967 1709 2033; x_wconf 72' lang='lat' dir='ltr'>sinceritas</span> 
     </span>
     <span class='ocr_line' id='line_1_16' title="bbox 165 2068 1708 2168; baseline 0.001 -34"><span class='ocrx_word' id='word_1_185' title='bbox 165 2071 250 2149; x_wconf 84' lang='grc' dir='ltr'><strong>θεσις</strong></span> <span class='ocrx_word' id='word_1_186' title='bbox 263 2071 437 2168; x_wconf 75' lang='grc' dir='ltr'><strong>έπιὸειγθη,</strong></span> <span class='ocrx_word' id='word_1_187' title='bbox 449 2075 504 2139; x_wconf 81' lang='grc' dir='ltr'><strong>καί</strong></span> <span class='ocrx_word' id='word_1_188' title='bbox 515 2077 553 2140; x_wconf 82' lang='grc' dir='ltr'><strong>τὸ</strong></span> <span class='ocrx_word' id='word_1_189' title='bbox 564 2073 694 2161; x_wconf 75' lang='grc' dir='ltr'><strong>γνήσιον</strong></span> <span class='ocrx_word' id='word_1_190' title='bbox 707 2085 765 2161; x_wconf 78' lang='grc' dir='ltr'><strong>της</strong></span> <span class='ocrx_word' id='word_1_191' title='bbox 776 2077 847 2160; x_wconf 75' lang='grc' dir='ltr'><strong>περὶ</strong></span> <span class='ocrx_word' id='word_1_192' title='bbox 857 2078 912 2141; x_wconf 77' lang='grc' dir='ltr'><strong>τὸν</strong></span> <span class='ocrx_word' id='word_1_193' title='bbox 938 2068 1032 2149; x_wconf 75' lang='lat' dir='ltr'>eius</span> <span class='ocrx_word' id='word_1_194' title='bbox 1046 2069 1154 2133; x_wconf 88' lang='lat' dir='ltr'>enimi</span> <span class='ocrx_word' id='word_1_195' title='bbox 1174 2086 1257 2147; x_wconf 84' lang='lat' dir='ltr'>erga</span> <span class='ocrx_word' id='word_1_196' title='bbox 1280 2071 1455 2151; x_wconf 90' lang='lat' dir='ltr'>populum.</span> <span class='ocrx_word' id='word_1_197' title='bbox 1479 2072 1594 2134; x_wconf 79' lang='lat' dir='ltr'>Potuit</span> <span class='ocrx_word' id='word_1_198' title='bbox 1617 2072 1708 2135; x_wconf 90' lang='lat' dir='ltr'>enirn</span> 
     </span>
     <span class='ocr_line' id='line_1_17' title="bbox 164 2161 1706 2264; baseline -0.001 -22"><span class='ocrx_word' id='word_1_199' title='bbox 164 2171 243 2239; x_wconf 83' lang='grc' dir='ltr'><strong>λαὸν</strong></span> <span class='ocrx_word' id='word_1_200' title='bbox 265 2172 443 2253; x_wconf 80' lang='grc' dir='ltr'><strong>διαθέσεως.</strong></span> <span class='ocrx_word' id='word_1_201' title='bbox 459 2176 611 2243; x_wconf 86' lang='grc' dir='ltr'><strong>Ἐὸθνατο</strong></span> <span class='ocrx_word' id='word_1_202' title='bbox 633 2176 728 2264; x_wconf 87' lang='grc' dir='ltr'><strong>γὸιρὸ</strong></span> <span class='ocrx_word' id='word_1_203' title='bbox 750 2176 843 2259; x_wconf 89' lang='grc' dir='ltr'><strong>Θεὸς,</strong></span> <span class='ocrx_word' id='word_1_204' title='bbox 856 2180 912 2244; x_wconf 84' lang='grc' dir='ltr'><strong>καί</strong></span> <span class='ocrx_word' id='word_1_205' title='bbox 957 2175 1058 2253; x_wconf 85' lang='lat' dir='ltr'>Deus,</span> <span class='ocrx_word' id='word_1_206' title='bbox 1073 2190 1184 2256; x_wconf 89' lang='lat' dir='ltr'>neque</span> <span class='ocrx_word' id='word_1_207' title='bbox 1196 2174 1296 2238; x_wconf 83' lang='lat' dir='ltr'>aliter</span> <span class='ocrx_word' id='word_1_208' title='bbox 1308 2176 1414 2257; x_wconf 82' lang='lat' dir='ltr'><strong>Moysi</strong></span> <span class='ocrx_word' id='word_1_209' title='bbox 1426 2161 1560 2240; x_wconf 79' lang='lat' dir='ltr'>loeutus</span> <span class='ocrx_word' id='word_1_210' title='bbox 1572 2180 1633 2257; x_wconf 85' lang='lat' dir='ltr'>est,</span> <span class='ocrx_word' id='word_1_211' title='bbox 1650 2194 1706 2240; x_wconf 81' lang='lat' dir='ltr'><strong>ex·</strong></span> 
     </span>
     <span class='ocr_line' id='line_1_18' title="bbox 165 2277 1709 2368; baseline 0.002 -27"><span class='ocrx_word' id='word_1_212' title='bbox 165 2277 264 2364; x_wconf 84' lang='grc' dir='ltr'><strong>μηὸέν</strong></span> <span class='ocrx_word' id='word_1_213' title='bbox 277 2277 403 2363; x_wconf 74' lang='grc' dir='ltr'><strong>εἴρηκεν</strong></span> <span class='ocrx_word' id='word_1_214' title='bbox 414 2289 458 2366; x_wconf 86' lang='grc' dir='ltr'><strong>τῷ</strong></span> <span class='ocrx_word' id='word_1_215' title='bbox 468 2280 600 2367; x_wconf 75' lang='grc' dir='ltr'><strong>Μωυσῇ,</strong></span> <span class='ocrx_word' id='word_1_216' title='bbox 612 2281 759 2368; x_wconf 82' lang='grc' dir='ltr'><strong>ὸκτρίψαι</strong></span> <span class='ocrx_word' id='word_1_217' title='bbox 769 2285 823 2348; x_wconf 89' lang='grc' dir='ltr'><strong>τὸν</strong></span> <span class='ocrx_word' id='word_1_218' title='bbox 834 2282 913 2349; x_wconf 90' lang='grc' dir='ltr'><strong>λαὸν</strong></span> <span class='ocrx_word' id='word_1_219' title='bbox 957 2281 1142 2343; x_wconf 81' lang='lat' dir='ltr'>terminare</span> <span class='ocrx_word' id='word_1_220' title='bbox 1179 2282 1344 2362; x_wconf 85' lang='lat' dir='ltr'>populum</span> <span class='ocrx_word' id='word_1_221' title='bbox 1375 2281 1561 2363; x_wconf 75' lang='lat' dir='ltr'>impietatis</span> <span class='ocrx_word' id='word_1_222' title='bbox 1594 2298 1709 2362; x_wconf 89' lang='lat' dir='ltr'>reum;</span> 
     </span>
    </p>
   </div>
   <div class='ocr_carea' id='block_1_5' title="bbox 29 2380 1705 2474">
    <p class='ocr_par' dir='ltr' id='par_1_6' title="bbox 29 2380 1705 2474">
     <span class='ocr_line' id='line_1_19' title="bbox 29 2380 1705 2474; baseline -0.001 -27"><span class='ocrx_word' id='word_1_223' title='bbox 29 2449 34 2463; x_wconf 69' lang='grc'><strong>,</strong></span> <span class='ocrx_word' id='word_1_224' title='bbox 165 2380 371 2468; x_wconf 76' lang='grc' dir='ltr'><strong>ἀσεθησαντα</strong></span> <span class='ocrx_word' id='word_1_225' title='bbox 378 2403 394 2446; x_wconf 77' lang='grc' dir='ltr'><strong>ι</strong></span> <span class='ocrx_word' id='word_1_226' title='bbox 404 2384 489 2451; x_wconf 87' lang='grc' dir='ltr'><strong>όιλλὸι</strong></span> <span class='ocrx_word' id='word_1_227' title='bbox 498 2397 593 2452; x_wconf 89' lang='grc' dir='ltr'><strong>τοῦτο</strong></span> <span class='ocrx_word' id='word_1_228' title='bbox 606 2387 663 2473; x_wconf 77' lang='grc' dir='ltr'><strong>μέν</strong></span> <span class='ocrx_word' id='word_1_229' title='bbox 674 2388 713 2453; x_wconf 80' lang='lat' dir='ltr'><strong>od</strong></span> <span class='ocrx_word' id='word_1_230' title='bbox 724 2397 816 2470; x_wconf 76' lang='grc' dir='ltr'><strong>ποιεί,</strong></span> <span class='ocrx_word' id='word_1_231' title='bbox 827 2385 913 2474; x_wconf 86' lang='grc' dir='ltr'><strong>λέγει</strong></span> <span class='ocrx_word' id='word_1_232' title='bbox 958 2384 993 2451; x_wconf 93' lang='lat' dir='ltr'><strong>id</strong></span> <span class='ocrx_word' id='word_1_233' title='bbox 1008 2389 1123 2448; x_wconf 84' lang='lat' dir='ltr'>tomen</span> <span class='ocrx_word' id='word_1_234' title='bbox 1138 2399 1206 2447; x_wconf 92' lang='lat' dir='ltr'><strong>non</strong></span> <span class='ocrx_word' id='word_1_235' title='bbox 1222 2383 1313 2464; x_wconf 87' lang='lat' dir='ltr'>iooit,</span> <span class='ocrx_word' id='word_1_236' title='bbox 1329 2385 1389 2448; x_wconf 88' lang='lat' dir='ltr'><strong>sed</strong></span> <span class='ocrx_word' id='word_1_237' title='bbox 1404 2385 1469 2450; x_wconf 79' lang='lat' dir='ltr'>ait:</span> <span class='ocrx_word' id='word_1_238' title='bbox 1488 2386 1598 2450; x_wconf 85' lang='lat' dir='ltr'>«Sine</span> <span class='ocrx_word' id='word_1_239' title='bbox 1613 2403 1705 2465; x_wconf 83' lang='lat' dir='ltr'>me,»</span> 
     </span>
    </p>
   </div>
   <div class='ocr_carea' id='block_1_6' title="bbox 162 2485 1714 4867">
    <p class='ocr_par' dir='ltr' id='par_1_7' title="bbox 164 2485 1712 2784">
     <span class='ocr_line' id='line_1_20' title="bbox 165 2485 1712 2578; baseline 0.001 -26"><span class='ocrx_word' id='word_1_240' title='bbox 165 2485 201 2552; x_wconf 78' lang='grc' dir='ltr'><strong>δὲ</strong></span> <span class='ocrx_word' id='word_1_241' title='bbox 216 2489 318 2573; x_wconf 82' lang='grc' dir='ltr'><strong>αὐτῷ·</strong></span> <span class='ocrx_word' id='word_1_242' title='bbox 333 2487 455 2558; x_wconf 82' lang='grc' dir='ltr'><strong>Ἐασόν</strong></span> <span class='ocrx_word' id='word_1_243' title='bbox 468 2511 516 2576; x_wconf 86' lang='grc' dir='ltr'><strong>με,</strong></span> <span class='ocrx_word' id='word_1_244' title='bbox 532 2491 638 2576; x_wconf 80' lang='grc' dir='ltr'><strong>ὥσπερ</strong></span> <span class='ocrx_word' id='word_1_245' title='bbox 649 2493 705 2557; x_wconf 84' lang='grc' dir='ltr'><strong>καί</strong></span> <span class='ocrx_word' id='word_1_246' title='bbox 715 2491 914 2578; x_wconf 77' lang='grc' dir='ltr'><strong>κωλυόμενος</strong></span> <span class='ocrx_word' id='word_1_247' title='bbox 958 2487 1057 2567; x_wconf 81' lang='lat' dir='ltr'>quasi</span> <span class='ocrx_word' id='word_1_248' title='bbox 1083 2487 1186 2550; x_wconf 81' lang='lat' dir='ltr'>etiem</span> <span class='ocrx_word' id='word_1_249' title='bbox 1209 2485 1394 2569; x_wconf 88' lang='lat' dir='ltr'>impeditus</span> <span class='ocrx_word' id='word_1_250' title='bbox 1420 2488 1588 2569; x_wconf 82' lang='lat' dir='ltr'>precibus,</span> <span class='ocrx_word' id='word_1_251' title='bbox 1611 2490 1712 2554; x_wconf 90' lang='lat' dir='ltr'>nimi·</span> 
     </span>
     <span class='ocr_line' id='line_1_21' title="bbox 164 2589 1400 2681; baseline -0.003 -24"><span class='ocrx_word' id='word_1_252' title='bbox 164 2592 226 2657; x_wconf 86' lang='grc' dir='ltr'><strong>ὑπὸ</strong></span> <span class='ocrx_word' id='word_1_253' title='bbox 248 2601 310 2658; x_wconf 89' lang='grc' dir='ltr'><strong>τῦν</strong></span> <span class='ocrx_word' id='word_1_254' title='bbox 325 2591 439 2678; x_wconf 83' lang='grc' dir='ltr'><strong>εὐχῦν,</strong></span> <span class='ocrx_word' id='word_1_255' title='bbox 454 2593 578 2681; x_wconf 81' lang='grc' dir='ltr'><strong>ὸηλαὸη</strong></span> <span class='ocrx_word' id='word_1_256' title='bbox 592 2603 654 2660; x_wconf 89' lang='grc' dir='ltr'><strong>τῦν</strong></span> <span class='ocrx_word' id='word_1_257' title='bbox 669 2594 747 2680; x_wconf 77' lang='grc' dir='ltr'><strong>ὑπὲρ</strong></span> <span class='ocrx_word' id='word_1_258' title='bbox 762 2601 818 2659; x_wconf 91' lang='grc' dir='ltr'><strong>τοῦ</strong></span> <span class='ocrx_word' id='word_1_259' title='bbox 833 2593 914 2660; x_wconf 82' lang='grc' dir='ltr'><strong>λαοῦ</strong></span> <span class='ocrx_word' id='word_1_260' title='bbox 959 2609 1036 2654; x_wconf 90' lang='lat' dir='ltr'>rum</span> <span class='ocrx_word' id='word_1_261' title='bbox 1051 2607 1111 2673; x_wconf 90' lang='lat' dir='ltr'>pro</span> <span class='ocrx_word' id='word_1_262' title='bbox 1127 2591 1252 2673; x_wconf 91' lang='lat' dir='ltr'>populo</span> <span class='ocrx_word' id='word_1_263' title='bbox 1267 2589 1400 2655; x_wconf 84' lang='lat' dir='ltr'>oblatis.</span> 
     </span>
     <span class='ocr_line' id='line_1_22' title="bbox 166 2695 446 2784; baseline 0.007 -24"><span class='ocrx_word' id='word_1_264' title='bbox 166 2695 446 2784; x_wconf 84' lang='grc' dir='ltr'><strong>ἀναπεμπομένιιν.</strong></span> 
     </span>
    </p>

    <p class='ocr_par' dir='ltr' id='par_1_8' title="bbox 162 2797 1713 3404">
     <span class='ocr_line' id='line_1_23' title="bbox 198 2797 1712 2888; baseline -0.001 -22"><span class='ocrx_word' id='word_1_265' title='bbox 198 2822 240 2866; x_wconf 84' lang='grc' dir='ltr'><strong>-ν.</strong></span> <span class='ocrx_word' id='word_1_266' title='bbox 261 2803 372 2868; x_wconf 82' lang='grc'><strong>28-30.</strong></span> <span class='ocrx_word' id='word_1_267' title='bbox 396 2800 463 2868; x_wconf 81' lang='grc' dir='ltr'><strong>Καὶ</strong></span> <span class='ocrx_word' id='word_1_268' title='bbox 484 2800 697 2888; x_wconf 84' lang='grc' dir='ltr'><strong>έτελέσθησαν</strong></span> <span class='ocrx_word' id='word_1_269' title='bbox 719 2809 762 2888; x_wconf 84' lang='grc' dir='ltr'><strong>τῷ</strong></span> <span class='ocrx_word' id='word_1_270' title='bbox 777 2800 915 2888; x_wconf 84' lang='grc' dir='ltr'><strong>Βεελφε-</strong></span> <span class='ocrx_word' id='word_1_271' title='bbox 1002 2817 1034 2863; x_wconf 88' lang='lat' dir='ltr'><strong>v.</strong></span> <span class='ocrx_word' id='word_1_272' title='bbox 1046 2799 1159 2864; x_wconf 79' lang='lat'><strong>28-30.</strong></span> <span class='ocrx_word' id='word_1_273' title='bbox 1171 2797 1444 2865; x_wconf 76' lang='lat' dir='ltr'>Elinitiotieuot</span> <span class='ocrx_word' id='word_1_274' title='bbox 1453 2799 1658 2881; x_wconf 71' lang='lat' dir='ltr'>Beelplreyor,</span> <span class='ocrx_word' id='word_1_275' title='bbox 1679 2804 1712 2865; x_wconf 79' lang='lat' dir='ltr'>et</span> 
     </span>
     <span class='ocr_line' id='line_1_24' title="bbox 163 2900 1713 2993; baseline -0.001 -23"><span class='ocrx_word' id='word_1_276' title='bbox 163 2905 242 2992; x_wconf 80' lang='grc' dir='ltr'><strong>γιὸρ,</strong></span> <span class='ocrx_word' id='word_1_277' title='bbox 253 2907 307 2970; x_wconf 82' lang='grc' dir='ltr'><strong>καί</strong></span> <span class='ocrx_word' id='word_1_278' title='bbox 323 2907 444 2992; x_wconf 77' lang='grc' dir='ltr'><strong>ἔφαγον</strong></span> <span class='ocrx_word' id='word_1_279' title='bbox 457 2904 572 2985; x_wconf 83' lang='grc' dir='ltr'><strong>θυσίας</strong></span> <span class='ocrx_word' id='word_1_280' title='bbox 586 2916 715 2993; x_wconf 79' lang='grc' dir='ltr'><strong>νεκρῶν.</strong></span> <span class='ocrx_word' id='word_1_281' title='bbox 731 2905 797 2974; x_wconf 82' lang='grc' dir='ltr'><strong>Καί</strong></span> <span class='ocrx_word' id='word_1_282' title='bbox 808 2907 915 2993; x_wconf 85' lang='grc' dir='ltr'><strong>παρόι-</strong></span> <span class='ocrx_word' id='word_1_283' title='bbox 958 2900 1159 2968; x_wconf 69' lang='lat' dir='ltr'>emouerent</span> <span class='ocrx_word' id='word_1_284' title='bbox 1173 2902 1338 2985; x_wconf 65' lang='lat' dir='ltr'>sunilleio</span> <span class='ocrx_word' id='word_1_285' title='bbox 1351 2904 1713 2970; x_wconf 64' lang='lat' dir='ltr'>detumuerint</span> 
     </span>
     <span class='ocr_line' id='line_1_25' title="bbox 163 3004 1712 3100; baseline -0.001 -26"><span class='ocrx_word' id='word_1_286' title='bbox 163 3009 258 3090; x_wconf 81' lang='grc' dir='ltr'><strong>ξυναν</strong></span> <span class='ocrx_word' id='word_1_287' title='bbox 277 3012 373 3077; x_wconf 78' lang='grc' dir='ltr'><strong>αὐτὸν</strong></span> <span class='ocrx_word' id='word_1_288' title='bbox 395 3011 429 3076; x_wconf 80' lang='grc' dir='ltr'><strong>ἐν</strong></span> <span class='ocrx_word' id='word_1_289' title='bbox 451 3021 516 3090; x_wconf 79' lang='grc' dir='ltr'><strong>τοις</strong></span> <span class='ocrx_word' id='word_1_290' title='bbox 535 3013 778 3100; x_wconf 69' lang='grc' dir='ltr'><strong>ἐπιτηδεύμασιν</strong></span> <span class='ocrx_word' id='word_1_291' title='bbox 800 3015 914 3095; x_wconf 67' lang='grc' dir='ltr'><strong>τιτῶν,</strong></span> <span class='ocrx_word' id='word_1_292' title='bbox 958 3009 1112 3072; x_wconf 74' lang='lat' dir='ltr'>tooereot</span> <span class='ocrx_word' id='word_1_293' title='bbox 1128 3021 1199 3070; x_wconf 84' lang='lat' dir='ltr'>eom</span> <span class='ocrx_word' id='word_1_294' title='bbox 1216 3005 1255 3070; x_wconf 84' lang='grc' dir='ltr'><strong>ιἰι</strong></span> <span class='ocrx_word' id='word_1_295' title='bbox 1268 3004 1549 3072; x_wconf 74' lang='lat' dir='ltr'>adinventionibus</span> <span class='ocrx_word' id='word_1_296' title='bbox 1571 3009 1653 3089; x_wconf 80' lang='grc' dir='ltr'><strong>ιαίε,</strong></span> <span class='ocrx_word' id='word_1_297' title='bbox 1679 3011 1712 3074; x_wconf 84' lang='lat' dir='ltr'>et</span> 
     </span>
     <span class='ocr_line' id='line_1_26' title="bbox 162 3110 1713 3202; baseline -0.002 -22"><span class='ocrx_word' id='word_1_298' title='bbox 162 3116 218 3180; x_wconf 86' lang='grc' dir='ltr'><strong>καί</strong></span> <span class='ocrx_word' id='word_1_299' title='bbox 243 3113 435 3200; x_wconf 66' lang='grc' dir='ltr'><strong>ἐπληθύνθη</strong></span> <span class='ocrx_word' id='word_1_300' title='bbox 451 3116 485 3182; x_wconf 80' lang='grc' dir='ltr'><strong>ἐν</strong></span> <span class='ocrx_word' id='word_1_301' title='bbox 511 3118 618 3195; x_wconf 83' lang='grc' dir='ltr'><strong>αὐτοῖς</strong></span> <span class='ocrx_word' id='word_1_302' title='bbox 645 3115 668 3202; x_wconf 80' lang='grc' dir='ltr'>ἡ</span> <span class='ocrx_word' id='word_1_303' title='bbox 691 3126 816 3195; x_wconf 82' lang='grc' dir='ltr'><strong>πτῶσις.</strong></span> <span class='ocrx_word' id='word_1_304' title='bbox 847 3117 914 3184; x_wconf 87' lang='grc' dir='ltr'><strong>Καί</strong></span> <span class='ocrx_word' id='word_1_305' title='bbox 958 3110 1179 3192; x_wconf 62' lang='lat' dir='ltr'><strong>multiplicata</strong></span> <span class='ocrx_word' id='word_1_306' title='bbox 1196 3110 1234 3174; x_wconf 81' lang='lat' dir='ltr'><strong>tn</strong></span> <span class='ocrx_word' id='word_1_307' title='bbox 1249 3110 1297 3176; x_wconf 76' lang='lat' dir='ltr'><strong>eis</strong></span> <span class='ocrx_word' id='word_1_308' title='bbox 1314 3110 1424 3176; x_wconf 78' lang='lat' dir='ltr'>tuito.</span> <span class='ocrx_word' id='word_1_309' title='bbox 1447 3112 1493 3177; x_wconf 79' lang='lat' dir='ltr'><strong>Et</strong></span> <span class='ocrx_word' id='word_1_310' title='bbox 1514 3113 1606 3178; x_wconf 79' lang='lat' dir='ltr'>stetit</span> <span class='ocrx_word' id='word_1_311' title='bbox 1632 3111 1713 3177; x_wconf 78' lang='lat' dir='ltr'><strong>Pti-</strong></span> 
     </span>
     <span class='ocr_line' id='line_1_27' title="bbox 163 3213 1649 3306; baseline -0.001 -24"><span class='ocrx_word' id='word_1_312' title='bbox 163 3217 241 3302; x_wconf 80' lang='grc' dir='ltr'><strong>ἔστη</strong></span> <span class='ocrx_word' id='word_1_313' title='bbox 258 3216 380 3301; x_wconf 80' lang='grc' dir='ltr'><strong>Φινεές,</strong></span> <span class='ocrx_word' id='word_1_314' title='bbox 393 3219 447 3282; x_wconf 86' lang='grc' dir='ltr'><strong>καί</strong></span> <span class='ocrx_word' id='word_1_315' title='bbox 459 3217 636 3304; x_wconf 78' lang='grc' dir='ltr'><strong>ἐξιλάσατο,</strong></span> <span class='ocrx_word' id='word_1_316' title='bbox 648 3221 705 3285; x_wconf 86' lang='grc' dir='ltr'><strong>καί</strong></span> <span class='ocrx_word' id='word_1_317' title='bbox 719 3220 877 3287; x_wconf 79' lang='grc' dir='ltr'><strong>ἐκόπασεν</strong></span> <span class='ocrx_word' id='word_1_318' title='bbox 891 3215 913 3306; x_wconf 75' lang='grc' dir='ltr'>ἡ</span> <span class='ocrx_word' id='word_1_319' title='bbox 958 3231 1042 3294; x_wconf 75' lang='grc' dir='ltr'><strong>αισι,</strong></span> <span class='ocrx_word' id='word_1_320' title='bbox 1060 3217 1092 3280; x_wconf 83' lang='grc' dir='ltr'><strong>σί</strong></span> <span class='ocrx_word' id='word_1_321' title='bbox 1098 3213 1256 3296; x_wconf 73' lang='lat' dir='ltr'>placebit,</span> <span class='ocrx_word' id='word_1_322' title='bbox 1274 3217 1306 3280; x_wconf 85' lang='lat' dir='ltr'>et</span> <span class='ocrx_word' id='word_1_323' title='bbox 1319 3215 1458 3280; x_wconf 79' lang='lat' dir='ltr'><strong>cessauit</strong></span> <span class='ocrx_word' id='word_1_324' title='bbox 1471 3217 1649 3297; x_wconf 72' lang='lat' dir='ltr'><strong>quassatio.</strong></span> 
     </span>
     <span class='ocr_line' id='line_1_28' title="bbox 162 3317 1631 3404; baseline -0.004 0"><span class='ocrx_word' id='word_1_325' title='bbox 162 3319 308 3404; x_wconf 55' lang='grc' dir='ltr'><strong>θραῦσαι</strong></span> <span class='ocrx_word' id='word_1_326' title='bbox 1629 3317 1631 3320; x_wconf 78' lang='grc'><strong>’</strong></span> 
     </span>
    </p>

    <p class='ocr_par' dir='ltr' id='par_1_9' title="bbox 162 3421 1714 4867">
     <span class='ocr_line' id='line_1_29' title="bbox 208 3421 1707 3514; baseline 0.004 -28"><span class='ocrx_word' id='word_1_327' title='bbox 208 3421 349 3506; x_wconf 80' lang='grc' dir='ltr'><strong>Πρῶτον,</strong></span> <span class='ocrx_word' id='word_1_328' title='bbox 372 3422 620 3510; x_wconf 78' lang='grc' dir='ltr'><strong>παρεπίκραναν,</strong></span> <span class='ocrx_word' id='word_1_329' title='bbox 644 3425 803 3514; x_wconf 77' lang='grc' dir='ltr'><strong>βαίνοντες</strong></span> <span class='ocrx_word' id='word_1_330' title='bbox 824 3429 859 3495; x_wconf 82' lang='grc' dir='ltr'><strong>ὸν</strong></span> <span class='ocrx_word' id='word_1_331' title='bbox 873 3439 913 3514; x_wconf 78' lang='grc' dir='ltr'><strong>τῇ</strong></span> <span class='ocrx_word' id='word_1_332' title='bbox 1004 3426 1044 3489; x_wconf 93' lang='lat' dir='ltr'><strong>In</strong></span> <span class='ocrx_word' id='word_1_333' title='bbox 1062 3425 1172 3506; x_wconf 88' lang='lat' dir='ltr'>primo</span> <span class='ocrx_word' id='word_1_334' title='bbox 1194 3426 1278 3505; x_wconf 88' lang='lat' dir='ltr'>loeo,</span> <span class='ocrx_word' id='word_1_335' title='bbox 1302 3425 1593 3490; x_wconf 76' lang='lat' dir='ltr'>exacerbaverunt</span> <span class='ocrx_word' id='word_1_336' title='bbox 1614 3445 1707 3492; x_wconf 81' lang='lat' dir='ltr'>eone·</span> 
     </span>
     <span class='ocr_line' id='line_1_30' title="bbox 163 3525 1710 3617; baseline 0.002 -26"><span class='ocrx_word' id='word_1_337' title='bbox 163 3525 280 3612; x_wconf 73' lang='grc' dir='ltr'><strong>έρυθρᾳ</strong></span> <span class='ocrx_word' id='word_1_338' title='bbox 301 3526 464 3614; x_wconf 73' lang='grc' dir='ltr'><strong>θαλάσση.</strong></span> <span class='ocrx_word' id='word_1_339' title='bbox 487 3529 648 3615; x_wconf 84' lang='grc' dir='ltr'><strong>Δεύτερον,</strong></span> <span class='ocrx_word' id='word_1_340' title='bbox 667 3528 840 3617; x_wconf 71' lang='grc' dir='ltr'><strong>ἐπείρασαν</strong></span> <span class='ocrx_word' id='word_1_341' title='bbox 861 3535 916 3598; x_wconf 92' lang='grc' dir='ltr'><strong>τὸν</strong></span> <span class='ocrx_word' id='word_1_342' title='bbox 959 3526 1077 3593; x_wconf 88' lang='lat' dir='ltr'>dentes</span> <span class='ocrx_word' id='word_1_343' title='bbox 1088 3529 1132 3592; x_wconf 86' lang='lat' dir='ltr'>ed</span> <span class='ocrx_word' id='word_1_344' title='bbox 1143 3545 1236 3592; x_wconf 87' lang='lat' dir='ltr'>more</span> <span class='ocrx_word' id='word_1_345' title='bbox 1248 3529 1400 3593; x_wconf 88' lang='lat' dir='ltr'>rubrum.</span> <span class='ocrx_word' id='word_1_346' title='bbox 1413 3532 1452 3593; x_wconf 93' lang='lat' dir='ltr'><strong>ln</strong></span> <span class='ocrx_word' id='word_1_347' title='bbox 1465 3530 1624 3611; x_wconf 84' lang='lat' dir='ltr'>seeundo,</span> <span class='ocrx_word' id='word_1_348' title='bbox 1636 3535 1710 3594; x_wconf 88' lang='lat' dir='ltr'>ten·</span> 
     </span>
     <span class='ocr_line' id='line_1_31' title="bbox 164 3629 1711 3720; baseline -0.001 -23"><span class='ocrx_word' id='word_1_349' title='bbox 164 3629 247 3699; x_wconf 82' lang='grc' dir='ltr'><strong>Θεὸν</strong></span> <span class='ocrx_word' id='word_1_350' title='bbox 261 3631 296 3696; x_wconf 80' lang='grc' dir='ltr'><strong>ἑν</strong></span> <span class='ocrx_word' id='word_1_351' title='bbox 310 3634 349 3717; x_wconf 81' lang='grc' dir='ltr'><strong>τῇ</strong></span> <span class='ocrx_word' id='word_1_352' title='bbox 365 3632 483 3720; x_wconf 71' lang='grc' dir='ltr'><strong>ἐρήμῳ.</strong></span> <span class='ocrx_word' id='word_1_353' title='bbox 500 3632 621 3720; x_wconf 82' lang='grc' dir='ltr'><strong>Τρίτον,</strong></span> <span class='ocrx_word' id='word_1_354' title='bbox 634 3635 849 3720; x_wconf 73' lang='grc' dir='ltr'><strong>παρώρμησαν</strong></span> <span class='ocrx_word' id='word_1_355' title='bbox 861 3639 915 3702; x_wconf 89' lang='grc' dir='ltr'><strong>τὸν</strong></span> <span class='ocrx_word' id='word_1_356' title='bbox 959 3637 1121 3696; x_wconf 81' lang='lat' dir='ltr'>taverunt</span> <span class='ocrx_word' id='word_1_357' title='bbox 1135 3634 1244 3696; x_wconf 90' lang='lat' dir='ltr'>Deum</span> <span class='ocrx_word' id='word_1_358' title='bbox 1257 3633 1293 3697; x_wconf 91' lang='lat' dir='ltr'><strong>in</strong></span> <span class='ocrx_word' id='word_1_359' title='bbox 1305 3632 1446 3698; x_wconf 85' lang='lat' dir='ltr'>deserto.</span> <span class='ocrx_word' id='word_1_360' title='bbox 1459 3635 1583 3714; x_wconf 84' lang='lat' dir='ltr'>Tertio,</span> <span class='ocrx_word' id='word_1_361' title='bbox 1600 3634 1711 3697; x_wconf 89' lang='lat' dir='ltr'>irrite-</span> 
     </span>
     <span class='ocr_line' id='line_1_32' title="bbox 164 3733 1712 3825; baseline 0.002 -24"><span class='ocrx_word' id='word_1_362' title='bbox 164 3733 304 3824; x_wconf 77' lang='grc' dir='ltr'><strong>Μισῦσην</strong></span> <span class='ocrx_word' id='word_1_363' title='bbox 319 3737 353 3802; x_wconf 79' lang='grc' dir='ltr'><strong>όν</strong></span> <span class='ocrx_word' id='word_1_364' title='bbox 365 3747 404 3823; x_wconf 79' lang='grc' dir='ltr'><strong>τῇ</strong></span> <span class='ocrx_word' id='word_1_365' title='bbox 415 3737 610 3825; x_wconf 77' lang='grc' dir='ltr'><strong>παρεμθολη.</strong></span> <span class='ocrx_word' id='word_1_366' title='bbox 624 3737 792 3825; x_wconf 85' lang='grc' dir='ltr'><strong>Τέταρτον,</strong></span> <span class='ocrx_word' id='word_1_367' title='bbox 805 3737 914 3824; x_wconf 82' lang='grc' dir='ltr'><strong>έποίη-</strong></span> <span class='ocrx_word' id='word_1_368' title='bbox 958 3740 1084 3801; x_wconf 87' lang='lat' dir='ltr'>verunt</span> <span class='ocrx_word' id='word_1_369' title='bbox 1098 3738 1236 3818; x_wconf 82' lang='lat' dir='ltr'><strong>Moysen</strong></span> <span class='ocrx_word' id='word_1_370' title='bbox 1266 3737 1301 3800; x_wconf 92' lang='lat' dir='ltr'><strong>in</strong></span> <span class='ocrx_word' id='word_1_371' title='bbox 1318 3737 1448 3802; x_wconf 82' lang='lat' dir='ltr'>eastris.</span> <span class='ocrx_word' id='word_1_372' title='bbox 1474 3740 1610 3818; x_wconf 80' lang='lat' dir='ltr'>Quarto,</span> <span class='ocrx_word' id='word_1_373' title='bbox 1626 3739 1712 3804; x_wconf 84' lang='lat' dir='ltr'>feoe-</span> 
     </span>
     <span class='ocr_line' id='line_1_33' title="bbox 163 3839 1709 3930; baseline 0.001 -25"><span class='ocrx_word' id='word_1_374' title='bbox 163 3861 223 3906; x_wconf 89' lang='grc' dir='ltr'><strong>σαν</strong></span> <span class='ocrx_word' id='word_1_375' title='bbox 239 3839 360 3928; x_wconf 76' lang='grc' dir='ltr'><strong>μόσχον</strong></span> <span class='ocrx_word' id='word_1_376' title='bbox 374 3843 408 3909; x_wconf 82' lang='grc' dir='ltr'><strong>έν</strong></span> <span class='ocrx_word' id='word_1_377' title='bbox 424 3841 553 3929; x_wconf 77' lang='grc' dir='ltr'><strong>Χυρηβ.</strong></span> <span class='ocrx_word' id='word_1_378' title='bbox 577 3841 736 3930; x_wconf 88' lang='grc' dir='ltr'><strong>Πέμπτον,</strong></span> <span class='ocrx_word' id='word_1_379' title='bbox 752 3843 916 3930; x_wconf 76' lang='grc' dir='ltr'><strong>έξουθένη·</strong></span> <span class='ocrx_word' id='word_1_380' title='bbox 959 3844 1041 3904; x_wconf 88' lang='lat' dir='ltr'>runt</span> <span class='ocrx_word' id='word_1_381' title='bbox 1055 3841 1204 3904; x_wconf 86' lang='lat' dir='ltr'>vitulum</span> <span class='ocrx_word' id='word_1_382' title='bbox 1228 3840 1264 3903; x_wconf 93' lang='lat' dir='ltr'><strong>in</strong></span> <span class='ocrx_word' id='word_1_383' title='bbox 1287 3840 1409 3904; x_wconf 86' lang='lat' dir='ltr'>Horeb.</span> <span class='ocrx_word' id='word_1_384' title='bbox 1433 3842 1567 3922; x_wconf 88' lang='lat' dir='ltr'>Quinto,</span> <span class='ocrx_word' id='word_1_385' title='bbox 1591 3843 1709 3926; x_wconf 86' lang='lat' dir='ltr'>despe-</span> 
     </span>
     <span class='ocr_line' id='line_1_34' title="bbox 162 3942 1712 4032; baseline 0.004 -26"><span class='ocrx_word' id='word_1_386' title='bbox 162 3964 224 4010; x_wconf 90' lang='grc' dir='ltr'><strong>σαν</strong></span> <span class='ocrx_word' id='word_1_387' title='bbox 244 3953 305 4030; x_wconf 80' lang='grc' dir='ltr'><strong>γῆν</strong></span> <span class='ocrx_word' id='word_1_388' title='bbox 328 3945 532 4032; x_wconf 77' lang='grc' dir='ltr'><strong>ἐπιθυμητὴν,</strong></span> <span class='ocrx_word' id='word_1_389' title='bbox 556 3948 609 4011; x_wconf 74' lang='grc' dir='ltr'><strong>ὅτε</strong></span> <span class='ocrx_word' id='word_1_390' title='bbox 634 3947 860 4026; x_wconf 72' lang='grc' dir='ltr'><strong>ἐπανελθόντες</strong></span> <span class='ocrx_word' id='word_1_391' title='bbox 883 3945 913 4012; x_wconf 79' lang='grc' dir='ltr'><strong>οἱ</strong></span> <span class='ocrx_word' id='word_1_392' title='bbox 960 3948 1085 4009; x_wconf 83' lang='lat' dir='ltr'>xerunt</span> <span class='ocrx_word' id='word_1_393' title='bbox 1106 3950 1232 4008; x_wconf 85' lang='lat' dir='ltr'>terram</span> <span class='ocrx_word' id='word_1_394' title='bbox 1255 3942 1490 4026; x_wconf 80' lang='lat' dir='ltr'>desideratum,</span> <span class='ocrx_word' id='word_1_395' title='bbox 1506 3945 1641 4028; x_wconf 84' lang='lat' dir='ltr'>quondo</span> <span class='ocrx_word' id='word_1_396' title='bbox 1660 3965 1712 4012; x_wconf 89' lang='lat' dir='ltr'><strong>re·</strong></span> 
     </span>
     <span class='ocr_line' id='line_1_35' title="bbox 163 4047 1714 4135; baseline 0.003 -23"><span class='ocrx_word' id='word_1_397' title='bbox 163 4047 373 4133; x_wconf 64' lang='lat' dir='ltr'>uerteretur,</span> <span class='ocrx_word' id='word_1_398' title='bbox 386 4049 610 4135; x_wconf 74' lang='grc' dir='ltr'><strong>ἀπηγόρευσαν</strong></span> <span class='ocrx_word' id='word_1_399' title='bbox 629 4052 685 4116; x_wconf 85' lang='grc' dir='ltr'><strong>καί</strong></span> <span class='ocrx_word' id='word_1_400' title='bbox 701 4061 808 4129; x_wconf 83' lang='grc' dir='ltr'><strong>κακῶς</strong></span> <span class='ocrx_word' id='word_1_401' title='bbox 824 4053 916 4119; x_wconf 87' lang='grc' dir='ltr'><strong>είπαν</strong></span> <span class='ocrx_word' id='word_1_402' title='bbox 959 4050 1050 4113; x_wconf 83' lang='lat' dir='ltr'>versi</span> <span class='ocrx_word' id='word_1_403' title='bbox 1080 4049 1308 4131; x_wconf 81' lang='lat' dir='ltr'><strong>exploratores</strong></span> <span class='ocrx_word' id='word_1_404' title='bbox 1334 4050 1534 4116; x_wconf 81' lang='lat' dir='ltr'>oulumnioti</span> <span class='ocrx_word' id='word_1_405' title='bbox 1557 4058 1647 4133; x_wconf 83' lang='lat' dir='ltr'>eunt,</span> <span class='ocrx_word' id='word_1_406' title='bbox 1679 4057 1714 4116; x_wconf 88' lang='lat' dir='ltr'>et</span> 
     </span>
     <span class='ocr_line' id='line_1_36' title="bbox 164 4153 1712 4244; baseline 0.003 -26"><span class='ocrx_word' id='word_1_407' title='bbox 164 4157 223 4240; x_wconf 78' lang='grc' dir='ltr'><strong>τὴν</strong></span> <span class='ocrx_word' id='word_1_408' title='bbox 238 4163 299 4240; x_wconf 77' lang='grc' dir='ltr'><strong>γῆν</strong></span> <span class='ocrx_word' id='word_1_409' title='bbox 314 4163 371 4238; x_wconf 78' lang='grc' dir='ltr'><strong>τῆς</strong></span> <span class='ocrx_word' id='word_1_410' title='bbox 386 4153 589 4242; x_wconf 70' lang='grc' dir='ltr'><strong>ἐπαγγελίας,</strong></span> <span class='ocrx_word' id='word_1_411' title='bbox 612 4155 788 4244; x_wconf 76' lang='grc' dir='ltr'><strong>ἀνέτρεψέν</strong></span> <span class='ocrx_word' id='word_1_412' title='bbox 808 4177 842 4222; x_wconf 89' lang='grc' dir='ltr'><strong>τε</strong></span> <span class='ocrx_word' id='word_1_413' title='bbox 857 4159 915 4235; x_wconf 87' lang='grc' dir='ltr'><strong>τὸις</strong></span> <span class='ocrx_word' id='word_1_414' title='bbox 959 4171 1137 4236; x_wconf 82' lang='lat' dir='ltr'>perperam</span> <span class='ocrx_word' id='word_1_415' title='bbox 1159 4154 1265 4216; x_wconf 80' lang='lat' dir='ltr'>locuti</span> <span class='ocrx_word' id='word_1_416' title='bbox 1288 4157 1370 4216; x_wconf 86' lang='lat' dir='ltr'>eunt</span> <span class='ocrx_word' id='word_1_417' title='bbox 1391 4154 1433 4218; x_wconf 92' lang='lat' dir='ltr'>de</span> <span class='ocrx_word' id='word_1_418' title='bbox 1456 4158 1547 4220; x_wconf 83' lang='lat' dir='ltr'>terre</span> <span class='ocrx_word' id='word_1_419' title='bbox 1569 4157 1712 4238; x_wconf 86' lang='lat' dir='ltr'>promis·</span> 
     </span>
     <span class='ocr_line' id='line_1_37' title="bbox 163 4256 1711 4345; baseline 0.001 -23"><span class='ocrx_word' id='word_1_420' title='bbox 163 4256 361 4342; x_wconf 80' lang='grc' dir='ltr'><strong>προαιρέσεις</strong></span> <span class='ocrx_word' id='word_1_421' title='bbox 382 4269 439 4324; x_wconf 89' lang='grc' dir='ltr'><strong>τοῦ</strong></span> <span class='ocrx_word' id='word_1_422' title='bbox 462 4258 553 4340; x_wconf 91' lang='grc' dir='ltr'><strong>λαοῦ,</strong></span> <span class='ocrx_word' id='word_1_423' title='bbox 581 4259 720 4344; x_wconf 84' lang='grc' dir='ltr'><strong>ὁπηνίκα</strong></span> <span class='ocrx_word' id='word_1_424' title='bbox 742 4259 911 4345; x_wconf 86' lang='grc' dir='ltr'><strong>-Ἰησοῦςὸ</strong></span> <span class='ocrx_word' id='word_1_425' title='bbox 960 4259 1075 4338; x_wconf 82' lang='lat' dir='ltr'><strong>sionis,</strong></span> <span class='ocrx_word' id='word_1_426' title='bbox 1104 4263 1138 4321; x_wconf 87' lang='lat' dir='ltr'>et</span> <span class='ocrx_word' id='word_1_427' title='bbox 1167 4261 1256 4322; x_wconf 88' lang='lat' dir='ltr'>retro</span> <span class='ocrx_word' id='word_1_428' title='bbox 1285 4262 1463 4321; x_wconf 85' lang='lat' dir='ltr'>verterunt</span> <span class='ocrx_word' id='word_1_429' title='bbox 1491 4259 1623 4323; x_wconf 84' lang='lat' dir='ltr'>animos</span> <span class='ocrx_word' id='word_1_430' title='bbox 1653 4276 1711 4341; x_wconf 92' lang='lat' dir='ltr'><strong>po-</strong></span> 
     </span>
     <span class='ocr_line' id='line_1_38' title="bbox 163 4359 1708 4451; baseline 0.001 -27"><span class='ocrx_word' id='word_1_431' title='bbox 163 4370 221 4424; x_wconf 91' lang='grc' dir='ltr'><strong>τυῦ</strong></span> <span class='ocrx_word' id='word_1_432' title='bbox 236 4359 328 4447; x_wconf 72' lang='grc' dir='ltr'><strong>Ναυῆ</strong></span> <span class='ocrx_word' id='word_1_433' title='bbox 344 4363 399 4426; x_wconf 82' lang='grc' dir='ltr'><strong>καί</strong></span> <span class='ocrx_word' id='word_1_434' title='bbox 413 4360 524 4427; x_wconf 67' lang='lat' dir='ltr'>Katre</span> <span class='ocrx_word' id='word_1_435' title='bbox 539 4364 557 4428; x_wconf 92' lang='grc' dir='ltr'><strong>ὸ</strong></span> <span class='ocrx_word' id='word_1_436' title='bbox 572 4374 628 4430; x_wconf 91' lang='grc' dir='ltr'><strong>τοῦ</strong></span> <span class='ocrx_word' id='word_1_437' title='bbox 643 4363 786 4451; x_wconf 79' lang='grc' dir='ltr'><strong>Ἰεροννὴ</strong></span> <span class='ocrx_word' id='word_1_438' title='bbox 799 4365 915 4450; x_wconf 83' lang='grc' dir='ltr'><strong>παρελ-</strong></span> <span class='ocrx_word' id='word_1_439' title='bbox 960 4363 1043 4445; x_wconf 91' lang='lat' dir='ltr'>puli,</span> <span class='ocrx_word' id='word_1_440' title='bbox 1059 4379 1099 4426; x_wconf 93' lang='lat' dir='ltr'>eo</span> <span class='ocrx_word' id='word_1_441' title='bbox 1115 4378 1224 4443; x_wconf 89' lang='lat' dir='ltr'>usque</span> <span class='ocrx_word' id='word_1_442' title='bbox 1236 4365 1275 4424; x_wconf 84' lang='lat' dir='ltr'><strong>ut</strong></span> <span class='ocrx_word' id='word_1_443' title='bbox 1288 4361 1393 4424; x_wconf 85' lang='lat' dir='ltr'>Josue</span> <span class='ocrx_word' id='word_1_444' title='bbox 1404 4359 1497 4425; x_wconf 85' lang='lat' dir='ltr'>filius</span> <span class='ocrx_word' id='word_1_445' title='bbox 1508 4364 1586 4426; x_wconf 91' lang='lat' dir='ltr'><strong>Nun</strong></span> <span class='ocrx_word' id='word_1_446' title='bbox 1602 4366 1636 4426; x_wconf 85' lang='lat' dir='ltr'>el</span> <span class='ocrx_word' id='word_1_447' title='bbox 1648 4367 1708 4428; x_wconf 84' lang='lat' dir='ltr'>Ce-</span> 
     </span>
     <span class='ocr_line' id='line_1_39' title="bbox 164 4463 1711 4555; baseline 0.001 -25"><span class='ocrx_word' id='word_1_448' title='bbox 164 4463 271 4542; x_wconf 84' lang='grc' dir='ltr'><strong>θόντες</strong></span> <span class='ocrx_word' id='word_1_449' title='bbox 285 4464 329 4542; x_wconf 83' lang='grc' dir='ltr'><strong>είς</strong></span> <span class='ocrx_word' id='word_1_450' title='bbox 346 4464 450 4551; x_wconf 83' lang='grc' dir='ltr'><strong>μέσον,</strong></span> <span class='ocrx_word' id='word_1_451' title='bbox 467 4465 618 4533; x_wconf 80' lang='grc' dir='ltr'><strong>τάναντία</strong></span> <span class='ocrx_word' id='word_1_452' title='bbox 628 4477 692 4547; x_wconf 82' lang='grc' dir='ltr'><strong>τοῖς</strong></span> <span class='ocrx_word' id='word_1_453' title='bbox 708 4469 829 4548; x_wconf 75' lang='grc' dir='ltr'><strong>λοιποῖς</strong></span> <span class='ocrx_word' id='word_1_454' title='bbox 844 4472 916 4555; x_wconf 82' lang='grc' dir='ltr'><strong>περί</strong></span> <span class='ocrx_word' id='word_1_455' title='bbox 961 4468 1016 4531; x_wconf 83' lang='grc' dir='ltr'><strong>Ιυί)</strong></span> <span class='ocrx_word' id='word_1_456' title='bbox 1027 4465 1295 4546; x_wconf 84' lang='lat' dir='ltr'>dliueJephonni</span> <span class='ocrx_word' id='word_1_457' title='bbox 1308 4465 1344 4528; x_wconf 91' lang='lat' dir='ltr'><strong>in</strong></span> <span class='ocrx_word' id='word_1_458' title='bbox 1355 4466 1505 4530; x_wconf 89' lang='lat' dir='ltr'>medium</span> <span class='ocrx_word' id='word_1_459' title='bbox 1518 4471 1711 4549; x_wconf 79' lang='lat' dir='ltr'><strong>surgentes,</strong></span> 
     </span>
     <span class='ocr_line' id='line_1_40' title="bbox 163 4567 1711 4661; baseline 0 -27"><span class='ocrx_word' id='word_1_460' title='bbox 163 4577 222 4654; x_wconf 74' lang='grc' dir='ltr'><strong>τῆς</strong></span> <span class='ocrx_word' id='word_1_461' title='bbox 243 4577 304 4654; x_wconf 77' lang='grc' dir='ltr'><strong>γῆς</strong></span> <span class='ocrx_word' id='word_1_462' title='bbox 327 4568 536 4656; x_wconf 66' lang='grc' dir='ltr'><strong>ἀπήγγειλαν.</strong></span> <span class='ocrx_word' id='word_1_463' title='bbox 559 4567 678 4638; x_wconf 85' lang='grc' dir='ltr'><strong>Ἕκτον</strong></span> <span class='ocrx_word' id='word_1_464' title='bbox 703 4573 739 4638; x_wconf 84' lang='grc' dir='ltr'><strong>δὲ</strong></span> <span class='ocrx_word' id='word_1_465' title='bbox 765 4572 915 4661; x_wconf 78' lang='grc' dir='ltr'><strong>ἀσέόημα</strong></span> <span class='ocrx_word' id='word_1_466' title='bbox 961 4575 1079 4635; x_wconf 84' lang='lat' dir='ltr'>contre</span> <span class='ocrx_word' id='word_1_467' title='bbox 1108 4577 1246 4633; x_wconf 83' lang='lat' dir='ltr'>oaeteros</span> <span class='ocrx_word' id='word_1_468' title='bbox 1275 4585 1336 4649; x_wconf 91' lang='lat' dir='ltr'>pro</span> <span class='ocrx_word' id='word_1_469' title='bbox 1363 4573 1454 4632; x_wconf 84' lang='lat' dir='ltr'>terre</span> <span class='ocrx_word' id='word_1_470' title='bbox 1480 4570 1711 4634; x_wconf 84' lang='lat' dir='ltr'>testimonium</span> 
     </span>
     <span class='ocr_line' id='line_1_41' title="bbox 164 4673 1711 4764; baseline 0 -26"><span class='ocrx_word' id='word_1_471' title='bbox 164 4683 258 4738; x_wconf 87' lang='grc' dir='ltr'><strong>τοῦτο</strong></span> <span class='ocrx_word' id='word_1_472' title='bbox 271 4673 510 4760; x_wconf 84' lang='grc' dir='ltr'><strong>καταριθμεῖται</strong></span> <span class='ocrx_word' id='word_1_473' title='bbox 531 4685 588 4741; x_wconf 91' lang='grc' dir='ltr'><strong>τοῦ</strong></span> <span class='ocrx_word' id='word_1_474' title='bbox 602 4675 702 4742; x_wconf 89' lang='grc' dir='ltr'><strong>λαοῦ·</strong></span> <span class='ocrx_word' id='word_1_475' title='bbox 724 4687 827 4742; x_wconf 84' lang='grc' dir='ltr'><strong>κεῖται</strong></span> <span class='ocrx_word' id='word_1_476' title='bbox 840 4676 914 4764; x_wconf 81' lang='grc' dir='ltr'><strong>ὸέὴ</strong></span> <span class='ocrx_word' id='word_1_477' title='bbox 962 4673 1138 4738; x_wconf 87' lang='lat' dir='ltr'>dederunt.</span> <span class='ocrx_word' id='word_1_478' title='bbox 1154 4675 1255 4736; x_wconf 85' lang='lat' dir='ltr'>Sexte</span> <span class='ocrx_word' id='word_1_479' title='bbox 1271 4673 1427 4755; x_wconf 85' lang='lat' dir='ltr'>impietus</span> <span class='ocrx_word' id='word_1_480' title='bbox 1446 4675 1564 4755; x_wconf 93' lang='lat' dir='ltr'>populi</span> <span class='ocrx_word' id='word_1_481' title='bbox 1583 4691 1711 4738; x_wconf 88' lang='lat' dir='ltr'>oonnu·</span> 
     </span>
     <span class='ocr_line' id='line_1_42' title="bbox 164 4774 1713 4867; baseline 0 -24"><span class='ocrx_word' id='word_1_482' title='bbox 164 4775 287 4863; x_wconf 82' lang='grc' dir='ltr'><strong>ἱστορία</strong></span> <span class='ocrx_word' id='word_1_483' title='bbox 301 4778 335 4843; x_wconf 78' lang='grc' dir='ltr'><strong>ὸν</strong></span> <span class='ocrx_word' id='word_1_484' title='bbox 350 4788 415 4857; x_wconf 83' lang='grc' dir='ltr'><strong>τοῖς</strong></span> <span class='ocrx_word' id='word_1_485' title='bbox 430 4779 581 4867; x_wconf 78' lang='grc' dir='ltr'><strong>ἀριθμοῖς,</strong></span> <span class='ocrx_word' id='word_1_486' title='bbox 598 4779 640 4859; x_wconf 80' lang='grc' dir='ltr'><strong>ὡς</strong></span> <span class='ocrx_word' id='word_1_487' title='bbox 660 4781 853 4866; x_wconf 69' lang='grc' dir='ltr'><strong>ἐπόρνευσαν</strong></span> <span class='ocrx_word' id='word_1_488' title='bbox 872 4782 917 4859; x_wconf 83' lang='grc' dir='ltr'><strong>είς</strong></span> <span class='ocrx_word' id='word_1_489' title='bbox 962 4780 1122 4856; x_wconf 87' lang='lat' dir='ltr'>meretur,</span> <span class='ocrx_word' id='word_1_490' title='bbox 1136 4793 1210 4857; x_wconf 78' lang='lat' dir='ltr'><strong>qun</strong></span> <span class='ocrx_word' id='word_1_491' title='bbox 1221 4774 1367 4838; x_wconf 85' lang='lat' dir='ltr'>refertur</span> <span class='ocrx_word' id='word_1_492' title='bbox 1390 4776 1426 4840; x_wconf 92' lang='lat' dir='ltr'><strong>in</strong></span> <span class='ocrx_word' id='word_1_493' title='bbox 1449 4777 1535 4841; x_wconf 87' lang='lat' dir='ltr'>libro</span> <span class='ocrx_word' id='word_1_494' title='bbox 1550 4779 1713 4844; x_wconf 90' lang='lat' dir='ltr'>Numero·</span> 
     </span>
    </p>
   </div>
   <div class='ocr_carea' id='block_1_7' title="bbox 163 5007 1716 5266">
    <p class='ocr_par' dir='ltr' id='par_1_10' title="bbox 163 5007 1716 5266">
     <span class='ocr_line' id='line_1_43' title="bbox 200 5007 1716 5089; baseline 0 -18"><span class='ocrx_word' id='word_1_495' title='bbox 200 5031 229 5071; x_wconf 87' lang='grc' dir='ltr'><strong>ν.</strong></span> <span class='ocrx_word' id='word_1_496' title='bbox 240 5013 332 5071; x_wconf 78' lang='grc' dir='ltr'><strong>θθ-θθ.</strong></span> <span class='ocrx_word' id='word_1_497' title='bbox 344 5012 421 5070; x_wconf 90' lang='lat' dir='ltr'>Ibid.</span> <span class='ocrx_word' id='word_1_498' title='bbox 434 5013 523 5071; x_wconf 73' lang='lat' dir='ltr'>Haud</span> <span class='ocrx_word' id='word_1_499' title='bbox 534 5015 686 5088; x_wconf 69' lang='lat' dir='ltr'>inelegans</span> <span class='ocrx_word' id='word_1_500' title='bbox 698 5016 860 5089; x_wconf 61' lang='lat' dir='ltr'>oetelogne</span> <span class='ocrx_word' id='word_1_501' title='bbox 870 5016 917 5089; x_wconf 88' lang='lat' dir='ltr'><strong>ju·</strong></span> <span class='ocrx_word' id='word_1_502' title='bbox 962 5011 1002 5068; x_wconf 77' lang='lat' dir='ltr'><strong>od</strong></span> <span class='ocrx_word' id='word_1_503' title='bbox 1013 5009 1205 5085; x_wconf 83' lang='lat' dir='ltr'>Beelphegor,</span> <span class='ocrx_word' id='word_1_504' title='bbox 1224 5025 1290 5082; x_wconf 74' lang='lat' dir='ltr'>quie</span> <span class='ocrx_word' id='word_1_505' title='bbox 1307 5008 1465 5068; x_wconf 81' lang='lat' dir='ltr'>Oorderiue</span> <span class='ocrx_word' id='word_1_506' title='bbox 1477 5007 1597 5070; x_wconf 78' lang='lat' dir='ltr'>divieiin</span> <span class='ocrx_word' id='word_1_507' title='bbox 1609 5011 1716 5071; x_wconf 82' lang='lat' dir='ltr'>tribuit</span> 
     </span>
     <span class='ocr_line' id='line_1_44' title="bbox 163 5095 1715 5180; baseline 0.001 -23"><span class='ocrx_word' id='word_1_508' title='bbox 163 5105 218 5157; x_wconf 70' lang='lat' dir='ltr'><strong>xta</strong></span> <span class='ocrx_word' id='word_1_509' title='bbox 230 5098 368 5172; x_wconf 76' lang='lat' dir='ltr'>origenis</span> <span class='ocrx_word' id='word_1_510' title='bbox 377 5101 627 5180; x_wconf 82' lang='lat' dir='ltr'>eonsuetudinem,</span> <span class='ocrx_word' id='word_1_511' title='bbox 639 5107 742 5178; x_wconf 79' lang='lat' dir='ltr'>operte</span> <span class='ocrx_word' id='word_1_512' title='bbox 751 5102 784 5161; x_wconf 88' lang='lat' dir='ltr'><strong>in</strong></span> <span class='ocrx_word' id='word_1_513' title='bbox 792 5103 858 5162; x_wconf 84' lang='lat' dir='ltr'>edd.</span> <span class='ocrx_word' id='word_1_514' title='bbox 868 5103 917 5162; x_wconf 91' lang='lat' dir='ltr'>de·</span> <span class='ocrx_word' id='word_1_515' title='bbox 962 5095 1144 5172; x_wconf 75' lang='lat' dir='ltr'>Apolimrio·</span> <span class='ocrx_word' id='word_1_516' title='bbox 1157 5095 1201 5154; x_wconf 78' lang='lat' dir='ltr'><strong>Of·</strong></span> <span class='ocrx_word' id='word_1_517' title='bbox 1215 5113 1305 5170; x_wconf 71' lang='lat' dir='ltr'>supra</span> <span class='ocrx_word' id='word_1_518' title='bbox 1322 5115 1351 5172; x_wconf 87' lang='lat' dir='ltr'><strong>p.</strong></span> <span class='ocrx_word' id='word_1_519' title='bbox 1369 5097 1431 5154; x_wconf 78' lang='lat'>214.</span> <span class='ocrx_word' id='word_1_520' title='bbox 1449 5097 1536 5156; x_wconf 86' lang='lat' dir='ltr'>Num.</span> <span class='ocrx_word' id='word_1_521' title='bbox 1554 5117 1629 5173; x_wconf 83' lang='lat' dir='ltr'>xxv,</span> <span class='ocrx_word' id='word_1_522' title='bbox 1642 5101 1715 5173; x_wconf 77' lang='grc'><strong>7-10,</strong></span> 
     </span>
     <span class='ocr_line' id='line_1_45' title="bbox 164 5183 1122 5266; baseline -0.002 -22"><span class='ocrx_word' id='word_1_523' title='bbox 164 5186 321 5245; x_wconf 74' lang='lat' dir='ltr'>rideretur.</span> <span class='ocrx_word' id='word_1_524' title='bbox 340 5187 525 5261; x_wconf 77' lang='lat' dir='ltr'>Interpolete</span> <span class='ocrx_word' id='word_1_525' title='bbox 542 5188 682 5248; x_wconf 85' lang='lat' dir='ltr'>videntur</span> <span class='ocrx_word' id='word_1_526' title='bbox 699 5207 766 5263; x_wconf 76' lang='lat' dir='ltr'><strong>quae</strong></span> <span class='ocrx_word' id='word_1_527' title='bbox 783 5197 919 5266; x_wconf 71' lang='lat' dir='ltr'>oportent</span> <span class='ocrx_word' id='word_1_528' title='bbox 964 5203 1017 5256; x_wconf 88' lang='lat' dir='ltr'><strong>xx,</strong></span> <span class='ocrx_word' id='word_1_529' title='bbox 1030 5183 1122 5242; x_wconf 75' lang='lat' dir='ltr'>net.</span> 
     </span>
    </p>
   </div>
   <div class='ocr_carea' id='block_1_8' title="bbox 0 0 1996 6100">
    <p class='ocr_par' dir='ltr' id='par_1_11' title="bbox 0 0 1996 6100">
     <span class='ocr_line' id='line_1_46' title="bbox 0 0 1996 6100; baseline 0 0"><span class='ocrx_word' id='word_1_530' title='bbox 0 0 1996 6100; x_wconf 95' lang='lat' dir='ltr'><strong> </strong></span> 
     </span>
    </p>
   </div>
  </div>
 </body>
</html>
