4044 6104
887 463 1093 528 EUSEBIUS

822 707 991 787 Psalmis
1014 705 1173 787 XXIX.

267 958 299 1004 v.
315 941 346 1005 θ.
362 938 427 1005 Καὶ
442 939 486 1017 είς
500 940 536 1004 τῦ
551 940 634 1024 πρωί
646 939 844 1026 ἀγαλλίασις.
1019 958 1076 1002 σου
1098 936 1215 1022 Κύριος
1239 937 1282 1015 είς
1305 937 1405 1003 ἐστιν·
1427 941 1465 1003 τδ
1487 936 1618 1025 Πνεῦμα
1632 939 1685 1005 διὰ
1706 947 1765 1024 τῆς

270 1043 315 1109 Ti
331 1043 564 1134 εθκατθρθωτον
579 1052 636 1130 της
657 1040 822 1130 μετανοίας
838 1043 890 1110 διὰ
904 1043 972 1108 τοῦ·
1020 1040 1767 1127 ΜωσαῐκήςνομοθεσίαςέδίδαξενάλλδιτοῦΠα-

220 1165 282 1212 τιον
297 1145 504 1231 σημαίνεται·
527 1147 618 1212 οὐδέν
638 1148 701 1233 γὰρ
723 1157 872 1214 τοσοῦτον
893 1148 974 1233 πλή-
1016 1148 1089 1230 τρδς
1104 1147 1225 1231 εἰσάγει
1239 1148 1293 1210 καὶ
1308 1155 1364 1211 τοῦ
1379 1145 1453 1211 rac
1466 1147 1642 1232 πρόσωπον,
1658 1149 1710 1214 ίνα
1722 1149 1765 1235 μή

222 1249 275 1328 θος
290 1250 537 1336 ἁμαρτημάτων,
554 1249 595 1329 ὡς
619 1253 662 1337 μή
686 1249 810 1338 ταχέως
832 1249 855 1336 ή
880 1251 973 1338 μετά·
1016 1247 1202 1334 ξενισθῶμεν
1218 1253 1294 1334 πρὸς
1310 1254 1346 1315 τὸ
1362 1258 1420 1337 τῆς
1434 1249 1508 1328 νέας
1530 1249 1684 1336 διαθήκης
1698 1253 1769 1336 περὶ

220 1373 290 1421 νοια
304 1355 348 1432 είς
364 1353 552 1441 ἀγαλλίασιν
567 1353 703 1440 ἐκφέρει.
1013 1362 1072 1438 της
1088 1354 1221 1439 Τριίιδος
1232 1353 1391 1440 κήρυγμα,
1410 1354 1709 1441 προκατηχηθέντες
1724 1363 1768 1442 τῷ

251 1483 253 1493 ’
268 1479 300 1524 ν.
317 1461 348 1524 7.
365 1457 587 1544 Ἀποστρέψης
603 1459 638 1523 δέ
653 1461 689 1524 τὸ
704 1459 872 1543 πρόσωπόν
886 1479 953 1524 σου.
1011 1459 1174 1544 πνεύματι.
1199 1457 1237 1523 Τί
1259 1459 1294 1522 δέ
1316 1462 1394 1543 πρὸς
1418 1460 1471 1524 τδν
1501 1457 1631 1544 Πατέρα
1644 1461 1768 1526 καὶτὸν

262 1564 420 1648 Ἐπαρσις
434 1561 577 1647 καρδίας,
594 1562 779 1649 ἀποστροφή
796 1573 852 1629 τοῦ
867 1562 968 1630 Θεοῦ·
1012 1563 1084 1630 Υίδν
1106 1562 1294 1653 φθέγγεται;
1319 1565 1364 1647 (ν.
1384 1565 1437 1648 10)
1468 1563 1522 1641 Τίς
1545 1563 1683 1649 ὠφέλεια
1697 1563 1769 1630 κτλ.

138 1711 143 1720 -
219 1665 312 1753 ἡμεῖς
326 1669 387 1754 γὰρ
404 1669 498 1733 αὐτὸν
513 1667 752 1755 ἀποστρέφομεν
775 1667 910 1756 (μήποτε
933 1667 969 1732 δὲ
1056 1688 1088 1734 ν.
1107 1671 1157 1734 10.
1174 1667 1291 1752 Κύριος
1306 1668 1397 1752 ίσχθν
1412 1676 1455 1752 τῷ
1472 1667 1540 1752 λαῷ
1552 1669 1648 1733 αὐτοῦ
1664 1666 1768 1751 δώσει,

220 1772 273 1836 τὸν
295 1773 356 1857 πρὸ
378 1771 490 1836 τούτου
513 1769 622 1857 στίχον
645 1771 679 1837 έν
701 1770 866 1859 θπερθατῷ
889 1773 968 1859 μετὰ
1012 1771 1128 1857 Κύριος
1144 1771 1310 1858 είνλογήσει
1325 1773 1378 1835 τθν
1392 1770 1474 1836 λαὸν
1488 1770 1584 1836 οιίντοῦ
1598 1771 1632 1838 έν
1647 1770 1767 1860 εἰρήνη.

220 1874 340 1943 τούτων
354 1873 502 1960 προσήκη
517 1878 629 1960 νοεῖν)·
645 1875 727 1940 αἰτεῖ
743 1877 799 1963 μέν
815 1878 895 1962 μετα
909 1878 969 1961 τὴν
1013 1878 1060 1942 cf.
1077 1877 1157 1942 Edi.
1173 1879 1231 1944 soi.
1247 1880 1323 1942 261.
1762 1883 1767 1890 ’

221 1976 426 2066 ἀποστροφήν
441 1982 477 2045 τὸ
492 1977 644 2065 πρότερον
658 1979 786 2062 κάλλος,
804 1979 969 2067 βεθαίωσιν
1054 1977 1182 2066 Ὁμοῖον
1197 1979 1251 2045 τό·
1274 1979 1422 2065 Εἰρήνην
1437 1982 1496 2065 τήν
1511 1981 1591 2067 ἐμήν
1613 1980 1721 2068 δίδωμι
1735 1983 1768 2047 ὑ-

223 2081 402 2149 ἀναλαδών.
1013 2091 1074 2172 μίν.
1091 2082 1240 2163 Δοξάζειν
1263 2086 1318 2151 οὖν
1334 2085 1368 2149 έν
1390 2085 1490 2170 τούτῳ
1505 2085 1554 2150 δεῖ
1574 2087 1628 2150 καί
1644 2088 1687 2172 μὴ
1704 2107 1762 2172 μα-

262 2209 295 2253 v.
312 2189 343 2252 9.
360 2186 444 2273 Πρὸς
459 2188 506 2270 σὲ,
522 2186 631 2272 Κύριε,
647 2186 851 2274 κεκράξομαι.
1012 2189 1199 2274 ταιολογεῖν·
1215 2188 1387 2275 ἑστήκασιν
1403 2191 1465 2275 γὰρ
1481 2189 1611 2275 ἄγγελοι
1625 2190 1765 2277 ἀπογρά-

265 2289 335 2378 Οὐχ
351 2291 392 2370 ὡς
408 2291 515 2376 έτέρου
539 2292 595 2379 μὲν
610 2300 667 2356 τοῦ
690 2290 783 2376 Θεοῦ,
800 2290 908 2377 έτέρου
930 2292 966 2358 δὲ
1010 2296 1140 2382 ρόμενοι
1153 2297 1194 2360 τα
1209 2293 1347 2380 ῥήματα,
1370 2293 1520 2379 πάρεστιν
1535 2292 1553 2358 θ
1568 2292 1684 2379 Κύριος
1705 2287 1763 2371 τοὶς

145 2379 158 2402 '
217 2406 274 2461 τοῦ
285 2395 404 2481 Κυρίου
414 2395 645 2484 τυγχάνοντος·
656 2393 772 2480 Κύριος
783 2397 845 2482 γὰρ
857 2395 874 2461 δ
886 2394 966 2476 Θεός
1010 2397 1164 2477 διαθέσεις
1178 2408 1241 2465 τῶν
1256 2399 1414 2466 εἰσιόντων
1429 2399 1619 2464 ἐπισκοπῶν.

252 2600 294 2658 Pa
310 2618 398 2662 xxrx.
410 2619 438 2660 v.
456 2602 482 2674 θ,
494 2601 521 2674 8,
539 2603 565 2674 9,
582 2602 618 2659 10
634 2617 672 2660 ax
688 2601 752 2660 cod.
767 2603 863 2662 Vatia.
878 2603 912 2658 16
929 2603 968 2658 of.
1012 2604 1100 2662 Joan.
1113 2621 1175 2676 xxv,
1187 2605 1232 2661 21.
1244 2604 1282 2661 1ο
1292 2605 1351 2661 fine
1360 2622 1389 2663 v.
1402 2605 1419 2660 9
1431 2603 1491 2664 vid.
1505 2603 1570 2660 odd.
1582 2603 1637 2660 col.
1648 2605 1712 2660 261.

821 2832 993 2912 Psoimus
1017 2833 1152 2913 XXX.

259 3081 291 3126 v.
319 3061 349 3125 θ.
376 3059 433 3138 Eu
457 3059 567 3148 χεῖράς
593 3083 650 3128 σου
675 3059 903 3147 παραθήσομαι
928 3065 964 3127 τδ
1052 3085 1084 3130 v.
1102 3068 1132 3129 6.
1149 3067 1192 3130 Io
1205 3081 1323 3133 monos
1338 3070 1416 3132 iios
1439 3066 1765 3148 commadoiospiii-
1851 3077 1857 3085 '

215 3163 339 3251 πνεῦμά
361 3186 431 3249 μου,
455 3165 621 3251 έλυτρώσω
645 3187 694 3253 με,
709 3164 818 3252 Κύριε,
841 3166 858 3231 ὁ
882 3165 963 3244 Θεὸς
1008 3174 1078 3236 tom
1099 3189 1213 3250 mmm,
1243 3171 1410 3237 redemisti
1432 3189 1492 3251 me,
1518 3173 1654 3238 Daciae
1675 3173 1764 3244 Doris

218 3267 379 3354 ἀληθείας.
405 3270 502 3338 Voiic.
521 3272 595 3353 640,
614 3273 642 3350 1,
659 3273 690 3336 2.
1006 3275 1167 3340 conatis.

259 3375 315 3453 Ὡς
326 3377 384 3462 τήν
396 3375 503 3461 ψυχήν
514 3374 550 3439 δέ
561 3373 794 3461 πολεμούμενος
807 3373 965 3460 (σώματος
1052 3381 1097 3442 Ut
1104 3379 1163 3459 qui
1179 3395 1240 3458 pro
1254 3380 1369 3443 ani‘ma
1384 3380 1533 3442 luctatur
1549 3377 1609 3460 (de
1624 3395 1762 3462 corpore

213 3481 276 3566 γὰρ
290 3477 570 3565 τοῐςίιγίοιςδλίγη
583 3480 731 3564 φροντίς),
747 3479 964 3562 καίπρδςτῦν
1009 3482 1099 3544 enim
1122 3499 1232 3562 pauca
1250 3481 1424 3562 justorum
1442 3501 1525 3546 cura
1548 3481 1628 3565 est),
1658 3500 1697 3546 ao
1723 3483 1764 3544 ti-

214 3582 405 3650 ἀπατεώνων
417 3581 782 3669 τρωθήναιφοθοῦμενος,
794 3583 830 3646 τδ
841 3593 964 3669 πνεῦμα
1008 3602 1105 3647 mens
1120 3603 1163 3648 ne
1178 3603 1199 3648 a
1214 3586 1449 3668 deceptoribus
1469 3588 1682 3665 vulneretur,
1697 3587 1764 3667 api·

213 3686 418 3773 παρατίθεται
428 3695 473 3773 τῷ
480 3685 561 3773 Θεῷ,
573 3687 630 3763 τὰς
641 3688 853 3771 προνοητικας
865 3687 963 3751 αὺτοῦ
1008 3686 1113 3750 ritum
1128 3705 1229 3750 suum
1245 3690 1314 3751 Deo
1329 3689 1552 3768 commendat,
1568 3707 1696 3752 manus
1708 3706 1765 3752 vo-

214 3789 358 3876 δυνάμεις
373 3801 484 3877 χεῖρας
505 3790 622 3855 καλῶν.
640 3789 692 3876 Τῷ
707 3790 742 3854 δέ
761 3789 894 3875 παρόντι
908 3791 963 3876 ρη-
1008 3808 1089 3854 cans
1109 3791 1266 3872 providas
1289 3790 1363 3871 ejus
1398 3793 1553 3857 virtutos.
1576 3796 1620 3857 At
1646 3793 1764 3856 eodem

213 3903 258 3981 τῷ
271 3895 327 3958 καί
342 3893 359 3958 δ
375 3895 490 3980 σωτήρ,
507 3894 559 3958 έπί
574 3902 629 3958 τοῦ
649 3904 786 3979 σταυροῦ
801 3893 964 3983 πεπηγμέ-
1007 3895 1070 3959 hoc
1093 3898 1196 3960 verbo
1222 3897 1325 3960 etiam
1349 3898 1512 3976 Salvator,
1536 3896 1635 3960 cruci
1658 3896 1763 3977 impa-

213 4018 275 4082 νος,
291 3996 462 4083 ἐχρήσατο.
1007 4002 1093 4079 otuu,
1112 4018 1195 4063 usus
1208 4005 1269 4064 eat.

257 4123 289 4168 v.
305 4105 358 4185 20,
374 4105 427 4168 21.
444 4100 499 4180 Ὠς
514 4102 595 4167 πολὺ
608 4103 644 4167 τὸ
658 4101 779 4188 πλῆθος
794 4111 852 4187 τής
863 4124 962 4190 χρησ-
1051 4123 1084 4167 ν.
1104 4105 1157 4184 20,
1177 4105 1230 4168 21.
1252 4105 1353 4181 θῦσον
1366 4120 1484 4188 νεαροῦ
1507 4102 1680 4169 multitudo
1693 4101 1764 4167 dol-

212 4209 344 4293 τδτητός
360 4228 427 4291 σου,
443 4207 551 4292 Κύριε,
563 4207 603 4292 ής
614 4209 753 4293 ἔκρυψας
765 4215 831 4286 τοῖς
849 4207 961 4294 φοθου-
1006 4206 1128 4273 codicis
1147 4213 1217 4289 tic,
1237 4211 1382 4290 Domine,
1401 4227 1500 4292 quom
1513 4209 1707 4276 abscondisti
1721 4209 1761 4274 ii·

214 4309 318 4396 μένοις
331 4333 377 4376 σε.
387 4310 577 4397 Ἐξειργάσω
591 4319 655 4390 τοῖς
667 4310 844 4391 ἐλπίζουσιν
852 4313 903 4377 ἐπὶ
915 4313 960 4394 σέ,
1006 4313 1165 4379 meatibus
1186 4319 1235 4379 ie!
1249 4313 1426 4396 Pcrscoisti
1444 4315 1561 4396 eisqui
1575 4319 1708 4394 ιγνονοαι
1721 4313 1759 4376 io

214 4413 355 4488 έναντίονΙ
369 4424 431 4480 τῦν
443 4415 516 4481 υἱῦν
527 4424 588 4480 τῶν
603 4414 783 4500 ἀνθρώπων.
796 4415 964 4502 Κατακρύ-
992 4415 1047 4497 te,
1058 4418 1096 4482 ia
1107 4419 1431 4500 cmupcotufiiiomem
1442 4420 1615 4484 domicum,
1625 4417 1760 4483 discoo-

213 4517 282 4603 ψεις
298 4519 410 4598 αἰετοὺς
423 4520 457 4585 έν
470 4519 642 4604 ἀποκρύφῳ
649 4527 706 4584 τοῦ
713 4519 883 4605 προσώπου
895 4542 962 4604 σου,
1006 4520 1062 4585 des
1076 4539 1127 4587 eos
1140 4523 1178 4586 io
1193 4521 1372 4588 cossentia
1382 4521 1492 4604 fecici
1507 4527 1577 4602 iac,
1597 4539 1618 4586 c
1633 4525 1759 4588 συμένα·-

212 4620 275 4686 ἀπδ
287 4632 431 4709 ταραχης
453 4621 633 4708 ἀνθρώπων.
657 4621 834 4700 Σκεπάσεις
849 4625 963 4702 αὐτοὺς
1005 4625 1131 4690 beticae
1145 4625 1318 4692 homiuum.
1336 4629 1489 4711 Ροοιοροε
1504 4627 1603 4692 eosic
1618 4624 1763 4691 tedemo-

214 4727 249 4792 έν
266 4737 368 4812 σκηνή
384 4725 449 4792 ἀπὸ
464 4724 642 4812 ἀντιλογίας
662 4734 723 4791 τῶν
738 4725 900 4811 γλωσσῶν.
1006 4729 1077 4795 mio
1092 4733 1146 4794 ίαο
1159 4747 1181 4794 o
1195 4731 1444 4797 contradicam
1461 4731 1661 4812 ῖοόμαανααο.

257 4827 447 4917 Οὐχίιπλῦς
462 4831 592 4916 κρύπτει
606 4832 665 4916 τήν
679 4831 885 4916 χρηστότητα
897 4823 962 4912 τοῖς
1050 4835 1124 4897 Νου
1157 4833 1336 4898 dumtaxat
1368 4834 1544 4899 abscondit
1572 4835 1759 4898 bonitatem

215 5023 218 5028 ’
248 5021 298 5078 Pe.
312 5039 388 5093 xxx,
400 5041 428 5080 v.
442 5022 467 5078 θ.
477 5021 573 5080 Vatia.
585 5023 626 5078 16.
636 5020 808 5078 Abundanti
820 5038 964 5080 commen·
1012 5040 1032 5082 1.
1046 5022 1110 5079 Gor.
1123 5039 1176 5092 vu,
1188 5021 1231 5078 34.
1243 5021 1346 5079 Jacob.
1360 5039 1393 5093 τι,
1403 5023 1447 5079 26.
1461 5039 1484 5080 n
1497 5022 1561 5079 Gor.
1575 5039 1607 5095 n,
1620 5024 1663 5079 11.

211 5109 289 5166 tario
302 5109 423 5168 Eusebii
432 5108 533 5168 deesse
545 5109 644 5184 palam
654 5115 701 5166 eat
713 5113 748 5166 aa
757 5127 823 5182 qua
835 5110 862 5167 ia
872 5111 965 5169 codex
1047 5127 1075 5166 v.
1089 5109 1133 5181 20,
1145 5110 1189 5167 21.
1202 5109 1298 5168 Vatic.
1311 5109 1353 5165 13.
1367 5108 1411 5166 cf.
1424 5109 1509 5168 Rom.
1522 5112 1547 5182 l,
1563 5111 1607 5184 29,
1620 5109 1662 5168 90.
1675 5109 1762 5167 Joan.

213 5197 411 5258 otaltorVat.
426 5199 461 5256 10
477 5195 675 5274 suppeditant.
689 5195 964 5271 odlandum&
1011 5197 1036 5269 1,
1049 5197 1091 5256 14
1292 5219 1293 5224 ¹
