<?xml version="1.0" encoding="UTF-8"?>
<!DOCTYPE html PUBLIC "-//W3C//DTD XHTML 1.0 Transitional//EN"
    "http://www.w3.org/TR/xhtml1/DTD/xhtml1-transitional.dtd">
<html xmlns="http://www.w3.org/1999/xhtml" xml:lang="en" lang="en">
 <head>
  <title>
</title>
<meta http-equiv="Content-Type" content="text/html;charset=utf-8" />
  <meta name='ocr-system' content='tesseract 3.04.00' />
  <meta name='ocr-capabilities' content='ocr_page ocr_carea ocr_par ocr_line ocrx_word'/>
</head>
<body>
  <div class='ocr_page' id='page_1' title='image "./analectasacrasp00pitrgoog_0057.png"; bbox 0 0 4008 6094; ppageno 0'>
   <div class='ocr_carea' id='block_1_1' title="bbox 291 393 1166 463">
    <p class='ocr_par' dir='ltr' id='par_1_1' title="bbox 291 393 1166 463">
     <span class='ocr_line' id='line_1_1' title="bbox 291 393 1166 463; baseline -0.005 4"><span class='ocrx_word' id='word_1_1' title='bbox 291 393 336 456; x_wconf 80' lang='grc'><strong>44</strong></span> <span class='ocrx_word' id='word_1_2' title='bbox 955 395 1166 463; x_wconf 83' lang='lat' dir='ltr'><strong>ORIGENES</strong></span> 
     </span>
    </p>
   </div>
   <div class='ocr_carea' id='block_1_2' title="bbox 267 531 1855 3957">
    <p class='ocr_par' dir='ltr' id='par_1_2' title="bbox 267 531 1855 3864">
     <span class='ocr_line' id='line_1_2' title="bbox 295 531 1832 624; baseline 0.007 -26"><span class='ocrx_word' id='word_1_3' title='bbox 295 532 444 620; x_wconf 88' lang='grc' dir='ltr'><strong>δεόμενον</strong></span> <span class='ocrx_word' id='word_1_4' title='bbox 458 531 631 622; x_wconf 71' lang='grc' dir='ltr'><strong>δειχθῆναι.</strong></span> <span class='ocrx_word' id='word_1_5' title='bbox 648 533 717 601; x_wconf 72' lang='lat' dir='ltr'><strong>Oia</strong></span> <span class='ocrx_word' id='word_1_6' title='bbox 733 535 772 602; x_wconf 81' lang='grc' dir='ltr'><strong>δν</strong></span> <span class='ocrx_word' id='word_1_7' title='bbox 793 534 856 622; x_wconf 80' lang='grc' dir='ltr'><strong>γάρ</strong></span> <span class='ocrx_word' id='word_1_8' title='bbox 878 556 924 614; x_wconf 88' lang='grc' dir='ltr'><strong>τις</strong></span> <span class='ocrx_word' id='word_1_9' title='bbox 945 535 1045 603; x_wconf 88' lang='grc' dir='ltr'><strong>καθα·</strong></span> <span class='ocrx_word' id='word_1_10' title='bbox 1087 557 1167 604; x_wconf 90' lang='lat' dir='ltr'><strong>cum</strong></span> <span class='ocrx_word' id='word_1_11' title='bbox 1187 537 1335 622; x_wconf 88' lang='lat' dir='ltr'><strong>quidem,</strong></span> <span class='ocrx_word' id='word_1_12' title='bbox 1354 539 1413 606; x_wconf 91' lang='lat' dir='ltr'><strong>sed</strong></span> <span class='ocrx_word' id='word_1_13' title='bbox 1434 540 1622 607; x_wconf 88' lang='lat' dir='ltr'><strong>secundum</strong></span> <span class='ocrx_word' id='word_1_14' title='bbox 1645 542 1832 624; x_wconf 78' lang='lat' dir='ltr'><strong>imaginem</strong></span> 
     </span>
     <span class='ocr_line' id='line_1_3' title="bbox 292 639 1833 730; baseline 0.005 -27"><span class='ocrx_word' id='word_1_15' title='bbox 292 647 354 722; x_wconf 85' lang='grc' dir='ltr'><strong>ρώς</strong></span> <span class='ocrx_word' id='word_1_16' title='bbox 380 648 419 723; x_wconf 72' lang='grc' dir='ltr'><strong>τῇ</strong></span> <span class='ocrx_word' id='word_1_17' title='bbox 447 639 499 705; x_wconf 75' lang='grc' dir='ltr'><strong>διὰ</strong></span> <span class='ocrx_word' id='word_1_18' title='bbox 525 639 664 724; x_wconf 77' lang='grc' dir='ltr'>Χριστοῦ</span> <span class='ocrx_word' id='word_1_19' title='bbox 694 639 904 728; x_wconf 80' lang='grc' dir='ltr'><strong>προσέρχεται</strong></span> <span class='ocrx_word' id='word_1_20' title='bbox 929 639 1042 725; x_wconf 91' lang='grc' dir='ltr'><strong>πίστει,</strong></span> <span class='ocrx_word' id='word_1_21' title='bbox 1087 644 1257 726; x_wconf 87' lang='lat' dir='ltr'><strong>puritatis,</strong></span> <span class='ocrx_word' id='word_1_22' title='bbox 1269 645 1359 725; x_wconf 91' lang='lat' dir='ltr'><strong>quod</strong></span> <span class='ocrx_word' id='word_1_23' title='bbox 1372 648 1481 711; x_wconf 87' lang='lat' dir='ltr'><strong>solum</strong></span> <span class='ocrx_word' id='word_1_24' title='bbox 1497 648 1681 728; x_wconf 87' lang='lat' dir='ltr'><strong>recipiatur</strong></span> <span class='ocrx_word' id='word_1_25' title='bbox 1692 653 1833 730; x_wconf 87' lang='lat' dir='ltr'><strong>oportet.</strong></span> 
     </span>
     <span class='ocr_line' id='line_1_4' title="bbox 292 743 1833 832; baseline 0.006 -26"><span class='ocrx_word' id='word_1_26' title='bbox 292 743 337 829; x_wconf 81' lang='grc' dir='ltr'><strong>μὴ</strong></span> <span class='ocrx_word' id='word_1_27' title='bbox 364 743 504 829; x_wconf 83' lang='grc' dir='ltr'><strong>παντελη</strong></span> <span class='ocrx_word' id='word_1_28' title='bbox 532 743 635 829; x_wconf 78' lang='grc' dir='ltr'><strong>λήθην</strong></span> <span class='ocrx_word' id='word_1_29' title='bbox 667 754 728 811; x_wconf 87' lang='grc' dir='ltr'><strong>τών</strong></span> <span class='ocrx_word' id='word_1_30' title='bbox 751 745 910 832; x_wconf 78' lang='grc' dir='ltr'><strong>προτέρων</strong></span> <span class='ocrx_word' id='word_1_31' title='bbox 931 756 1041 812; x_wconf 80' lang='grc' dir='ltr'><strong>κακῶν</strong></span> <span class='ocrx_word' id='word_1_32' title='bbox 1084 749 1189 812; x_wconf 89' lang='lat' dir='ltr'><strong>Nemo</strong></span> <span class='ocrx_word' id='word_1_33' title='bbox 1205 750 1296 813; x_wconf 88' lang='lat' dir='ltr'><strong>enim</strong></span> <span class='ocrx_word' id='word_1_34' title='bbox 1312 767 1396 830; x_wconf 93' lang='lat' dir='ltr'><strong>pure</strong></span> <span class='ocrx_word' id='word_1_35' title='bbox 1411 751 1541 815; x_wconf 88' lang='lat' dir='ltr'><strong>accedit</strong></span> <span class='ocrx_word' id='word_1_36' title='bbox 1555 752 1598 815; x_wconf 92' lang='lat' dir='ltr'><strong>ad</strong></span> <span class='ocrx_word' id='word_1_37' title='bbox 1613 752 1833 816; x_wconf 79' lang='lat' dir='ltr'><strong>christianam</strong></span> 
     </span>
     <span class='ocr_line' id='line_1_5' title="bbox 292 846 1833 936; baseline 0.008 -27"><span class='ocrx_word' id='word_1_38' title='bbox 292 847 516 932; x_wconf 69' lang='grc' dir='ltr'><strong>ποιησόμενος.</strong></span> <span class='ocrx_word' id='word_1_39' title='bbox 532 846 619 927; x_wconf 88' lang='grc' dir='ltr'><strong>Λαός</strong></span> <span class='ocrx_word' id='word_1_40' title='bbox 635 849 670 914; x_wconf 78' lang='grc' dir='ltr'><strong>δέ</strong></span> <span class='ocrx_word' id='word_1_41' title='bbox 684 860 741 936; x_wconf 85' lang='grc' dir='ltr'><strong>της</strong></span> <span class='ocrx_word' id='word_1_42' title='bbox 756 848 931 934; x_wconf 79' lang='grc' dir='ltr'><strong>ἐκκλησίας</strong></span> <span class='ocrx_word' id='word_1_43' title='bbox 941 849 1041 916; x_wconf 77' lang='grc' dir='ltr'><strong>πάλαι</strong></span> <span class='ocrx_word' id='word_1_44' title='bbox 1083 852 1196 934; x_wconf 86' lang='lat' dir='ltr'><strong>fldem,</strong></span> <span class='ocrx_word' id='word_1_45' title='bbox 1220 854 1286 917; x_wconf 90' lang='lat' dir='ltr'><strong>nisi</strong></span> <span class='ocrx_word' id='word_1_46' title='bbox 1309 856 1557 936; x_wconf 84' lang='lat' dir='ltr'><strong>praeteritorum</strong></span> <span class='ocrx_word' id='word_1_47' title='bbox 1580 859 1748 921; x_wconf 90' lang='lat' dir='ltr'><strong>malorum</strong></span> <span class='ocrx_word' id='word_1_48' title='bbox 1764 874 1833 920; x_wconf 91' lang='lat' dir='ltr'><strong>om-</strong></span> 
     </span>
     <span class='ocr_line' id='line_1_6' title="bbox 291 949 1833 1042; baseline 0.007 -29"><span class='ocrx_word' id='word_1_49' title='bbox 291 949 323 1013; x_wconf 86' lang='grc' dir='ltr'><strong>οἱ</strong></span> <span class='ocrx_word' id='word_1_50' title='bbox 338 950 580 1037; x_wconf 80' lang='grc' dir='ltr'><strong>εἰδωλολάτραι·</strong></span> <span class='ocrx_word' id='word_1_51' title='bbox 594 954 680 1032; x_wconf 76' lang='grc' dir='ltr'><strong>οἰκος</strong></span> <span class='ocrx_word' id='word_1_52' title='bbox 702 957 738 1020; x_wconf 86' lang='grc' dir='ltr'><strong>δὲ</strong></span> <span class='ocrx_word' id='word_1_53' title='bbox 753 957 881 1039; x_wconf 88' lang='grc' dir='ltr'><strong>πατρός,</strong></span> <span class='ocrx_word' id='word_1_54' title='bbox 897 954 927 1019; x_wconf 84' lang='lat' dir='ltr'><strong>ol</strong></span> <span class='ocrx_word' id='word_1_55' title='bbox 948 955 1041 1041; x_wconf 76' lang='lat' dir='ltr'><strong>capot</strong></span> <span class='ocrx_word' id='word_1_56' title='bbox 1084 957 1166 1022; x_wconf 91' lang='lat' dir='ltr'><strong>nino</strong></span> <span class='ocrx_word' id='word_1_57' title='bbox 1199 959 1397 1021; x_wconf 81' lang='lat' dir='ltr'><strong>memoriam</strong></span> <span class='ocrx_word' id='word_1_58' title='bbox 1430 958 1573 1023; x_wconf 84' lang='lat' dir='ltr'><strong>aboleat.</strong></span> <span class='ocrx_word' id='word_1_59' title='bbox 1602 961 1749 1042; x_wconf 78' lang='grc' dir='ltr'><strong>Ροραίαο</strong></span> <span class='ocrx_word' id='word_1_60' title='bbox 1775 978 1833 1024; x_wconf 89' lang='lat' dir='ltr'><strong>au-</strong></span> 
     </span>
     <span class='ocr_line' id='line_1_7' title="bbox 292 1056 1832 1145; baseline 0.006 -26"><span class='ocrx_word' id='word_1_61' title='bbox 292 1064 349 1120; x_wconf 84' lang='grc' dir='ltr'><strong>τυῠ</strong></span> <span class='ocrx_word' id='word_1_62' title='bbox 371 1056 493 1140; x_wconf 77' lang='grc' dir='ltr'><strong>αἰῶνος,</strong></span> <span class='ocrx_word' id='word_1_63' title='bbox 514 1058 548 1123; x_wconf 93' lang='grc' dir='ltr'><strong>ἔν</strong></span> <span class='ocrx_word' id='word_1_64' title='bbox 568 1060 614 1137; x_wconf 86' lang='grc' dir='ltr'><strong>οίς</strong></span> <span class='ocrx_word' id='word_1_65' title='bbox 633 1059 771 1145; x_wconf 77' lang='grc' dir='ltr'><strong>κατῴκει</strong></span> <span class='ocrx_word' id='word_1_66' title='bbox 794 1060 899 1144; x_wconf 86' lang='grc' dir='ltr'><strong>ώσπιρ</strong></span> <span class='ocrx_word' id='word_1_67' title='bbox 920 1060 1041 1137; x_wconf 76' lang='grc' dir='ltr'><strong>ἔνοικοι</strong></span> <span class='ocrx_word' id='word_1_68' title='bbox 1084 1063 1153 1124; x_wconf 91' lang='lat' dir='ltr'><strong>tem</strong></span> <span class='ocrx_word' id='word_1_69' title='bbox 1175 1061 1335 1125; x_wconf 74' lang='lat' dir='ltr'><strong>Ecclesia</strong></span> <span class='ocrx_word' id='word_1_70' title='bbox 1349 1062 1431 1126; x_wconf 91' lang='lat' dir='ltr'><strong>olim</strong></span> <span class='ocrx_word' id='word_1_71' title='bbox 1451 1067 1547 1127; x_wconf 89' lang='lat' dir='ltr'><strong>erant</strong></span> <span class='ocrx_word' id='word_1_72' title='bbox 1569 1063 1736 1129; x_wconf 88' lang='lat' dir='ltr'><strong>idolorum</strong></span> <span class='ocrx_word' id='word_1_73' title='bbox 1759 1064 1832 1129; x_wconf 91' lang='lat' dir='ltr'><strong>cul-</strong></span> 
     </span>
     <span class='ocr_line' id='line_1_8' title="bbox 292 1157 1834 1251; baseline 0.006 -28"><span class='ocrx_word' id='word_1_74' title='bbox 292 1158 312 1223; x_wconf 88' lang='grc' dir='ltr'><strong>ό</strong></span> <span class='ocrx_word' id='word_1_75' title='bbox 339 1157 496 1238; x_wconf 79' lang='grc' dir='ltr'><strong>Σατανᾶς.</strong></span> <span class='ocrx_word' id='word_1_76' title='bbox 520 1199 562 1211; x_wconf 89' lang='grc'><strong>-</strong></span> <span class='ocrx_word' id='word_1_77' title='bbox 578 1161 778 1248; x_wconf 84' lang='grc' dir='ltr'><strong>Μητρόπολις</strong></span> <span class='ocrx_word' id='word_1_78' title='bbox 803 1161 993 1230; x_wconf 77' lang='grc' dir='ltr'><strong>Χαναναίων</strong></span> <span class='ocrx_word' id='word_1_79' title='bbox 1017 1163 1040 1251; x_wconf 77' lang='grc' dir='ltr'>ἡ</span> <span class='ocrx_word' id='word_1_80' title='bbox 1083 1169 1184 1230; x_wconf 90' lang='lat' dir='ltr'><strong>tores.</strong></span> <span class='ocrx_word' id='word_1_81' title='bbox 1198 1167 1320 1230; x_wconf 67' lang='lat' dir='ltr'><strong>Damio</strong></span> <span class='ocrx_word' id='word_1_82' title='bbox 1334 1169 1449 1230; x_wconf 90' lang='lat' dir='ltr'><strong>autem</strong></span> <span class='ocrx_word' id='word_1_83' title='bbox 1464 1165 1577 1248; x_wconf 66' lang='lat' dir='ltr'><strong>paens</strong></span> <span class='ocrx_word' id='word_1_84' title='bbox 1591 1169 1762 1249; x_wconf 86' lang='lat' dir='ltr'><strong>sapientes</strong></span> <span class='ocrx_word' id='word_1_85' title='bbox 1774 1185 1834 1232; x_wconf 77' lang='lat' dir='ltr'><strong>aaa·</strong></span> 
     </span>
     <span class='ocr_line' id='line_1_9' title="bbox 267 1259 1833 1354; baseline 0.001 -20"><span class='ocrx_word' id='word_1_86' title='bbox 267 1319 276 1334; x_wconf 84' lang='lat'><em>.</em></span> <span class='ocrx_word' id='word_1_87' title='bbox 293 1259 407 1348; x_wconf 82' lang='grc' dir='ltr'><strong>Τύρος,</strong></span> <span class='ocrx_word' id='word_1_88' title='bbox 437 1265 650 1353; x_wconf 74' lang='grc' dir='ltr'><strong>προκειμένων</strong></span> <span class='ocrx_word' id='word_1_89' title='bbox 676 1268 759 1354; x_wconf 82' lang='grc' dir='ltr'><strong>ἄγαν</strong></span> <span class='ocrx_word' id='word_1_90' title='bbox 785 1267 935 1345; x_wconf 78' lang='grc' dir='ltr'><strong>εἰδώλοις.</strong></span> <span class='ocrx_word' id='word_1_91' title='bbox 958 1267 1041 1353; x_wconf 83' lang='grc' dir='ltr'><strong>Προ·</strong></span> <span class='ocrx_word' id='word_1_92' title='bbox 1083 1271 1259 1350; x_wconf 79' lang='lat' dir='ltr'><strong>culleum,</strong></span> <span class='ocrx_word' id='word_1_93' title='bbox 1274 1270 1310 1334; x_wconf 94' lang='lat' dir='ltr'><strong>in</strong></span> <span class='ocrx_word' id='word_1_94' title='bbox 1325 1271 1450 1352; x_wconf 89' lang='lat' dir='ltr'><strong>quibus</strong></span> <span class='ocrx_word' id='word_1_95' title='bbox 1470 1276 1510 1334; x_wconf 88' lang='lat' dir='ltr'><strong>ut</strong></span> <span class='ocrx_word' id='word_1_96' title='bbox 1531 1273 1725 1354; x_wconf 86' lang='lat' dir='ltr'><strong>inquilinus</strong></span> <span class='ocrx_word' id='word_1_97' title='bbox 1737 1272 1833 1336; x_wconf 87' lang='lat' dir='ltr'><strong>inha-</strong></span> 
     </span>
     <span class='ocr_line' id='line_1_10' title="bbox 293 1367 1837 1458; baseline 0.004 -24"><span class='ocrx_word' id='word_1_98' title='bbox 293 1369 485 1456; x_wconf 77' lang='grc' dir='ltr'><strong>τρεπόμανος</strong></span> <span class='ocrx_word' id='word_1_99' title='bbox 500 1372 554 1436; x_wconf 92' lang='grc' dir='ltr'><strong>ούν</strong></span> <span class='ocrx_word' id='word_1_100' title='bbox 570 1371 615 1448; x_wconf 83' lang='grc' dir='ltr'><strong>τίς</strong></span> <span class='ocrx_word' id='word_1_101' title='bbox 630 1372 775 1458; x_wconf 75' lang='grc' dir='ltr'><strong>ὑπακοὴν</strong></span> <span class='ocrx_word' id='word_1_102' title='bbox 790 1374 848 1458; x_wconf 75' lang='grc' dir='ltr'><strong>τὴν</strong></span> <span class='ocrx_word' id='word_1_103' title='bbox 866 1367 1041 1456; x_wconf 73' lang='grc' dir='ltr'><strong>ἐκκλησίαν</strong></span> <span class='ocrx_word' id='word_1_104' title='bbox 1084 1373 1215 1437; x_wconf 91' lang='lat' dir='ltr'><strong>bitabat</strong></span> <span class='ocrx_word' id='word_1_105' title='bbox 1225 1375 1377 1438; x_wconf 86' lang='lat' dir='ltr'><strong>Satanas.</strong></span> <span class='ocrx_word' id='word_1_106' title='bbox 1388 1407 1426 1420; x_wconf 88' lang='lat'>-</span> <span class='ocrx_word' id='word_1_107' title='bbox 1437 1375 1705 1441; x_wconf 76' lang='lat' dir='ltr'><strong>chananeorum</strong></span> <span class='ocrx_word' id='word_1_108' title='bbox 1716 1380 1837 1440; x_wconf 89' lang='lat' dir='ltr'><strong>metro-</strong></span> 
     </span>
     <span class='ocr_line' id='line_1_11' title="bbox 293 1471 1841 1562; baseline 0.005 -25"><span class='ocrx_word' id='word_1_109' title='bbox 293 1471 440 1558; x_wconf 87' lang='grc' dir='ltr'><strong>όλόγος,</strong></span> <span class='ocrx_word' id='word_1_110' title='bbox 462 1476 517 1539; x_wconf 85' lang='grc' dir='ltr'><strong>καί</strong></span> <span class='ocrx_word' id='word_1_111' title='bbox 546 1474 697 1561; x_wconf 84' lang='grc' dir='ltr'><strong>θυγάτηρ,</strong></span> <span class='ocrx_word' id='word_1_112' title='bbox 725 1478 820 1562; x_wconf 82' lang='grc' dir='ltr'><strong>φησί,</strong></span> <span class='ocrx_word' id='word_1_113' title='bbox 843 1475 948 1562; x_wconf 80' lang='grc' dir='ltr'><strong>Τύρου</strong></span> <span class='ocrx_word' id='word_1_114' title='bbox 973 1475 1042 1561; x_wconf 74' lang='grc' dir='ltr'><strong>ἥξει</strong></span> <span class='ocrx_word' id='word_1_115' title='bbox 1084 1480 1171 1562; x_wconf 90' lang='lat' dir='ltr'><strong>polis</strong></span> <span class='ocrx_word' id='word_1_116' title='bbox 1194 1481 1304 1562; x_wconf 81' lang='lat' dir='ltr'><strong>&#39;l&#39;yrus</strong></span> <span class='ocrx_word' id='word_1_117' title='bbox 1327 1483 1410 1560; x_wconf 91' lang='lat' dir='ltr'><strong>erat,</strong></span> <span class='ocrx_word' id='word_1_118' title='bbox 1433 1497 1647 1562; x_wconf 75' lang='lat' dir='ltr'><strong>magnopere</strong></span> <span class='ocrx_word' id='word_1_119' title='bbox 1675 1481 1766 1545; x_wconf 87' lang='lat' dir='ltr'><strong>idola</strong></span> <span class='ocrx_word' id='word_1_120' title='bbox 1790 1497 1841 1545; x_wconf 86' lang='lat' dir='ltr'><strong>se·</strong></span> 
     </span>
     <span class='ocr_line' id='line_1_12' title="bbox 295 1578 1838 1666; baseline 0.005 -25"><span class='ocrx_word' id='word_1_121' title='bbox 295 1579 377 1662; x_wconf 85' lang='grc' dir='ltr'><strong>μετὰ</strong></span> <span class='ocrx_word' id='word_1_122' title='bbox 391 1578 508 1664; x_wconf 80' lang='grc' dir='ltr'><strong>δώρων,</strong></span> <span class='ocrx_word' id='word_1_123' title='bbox 524 1582 580 1646; x_wconf 85' lang='grc' dir='ltr'><strong>καὶ</strong></span> <span class='ocrx_word' id='word_1_124' title='bbox 593 1581 629 1644; x_wconf 87' lang='grc' dir='ltr'><strong>τό</strong></span> <span class='ocrx_word' id='word_1_125' title='bbox 645 1583 700 1647; x_wconf 88' lang='grc' dir='ltr'><strong>σόν</strong></span> <span class='ocrx_word' id='word_1_126' title='bbox 715 1580 883 1666; x_wconf 87' lang='grc' dir='ltr'><strong>πρόσωπον</strong></span> <span class='ocrx_word' id='word_1_127' title='bbox 897 1582 933 1647; x_wconf 84' lang='grc' dir='ltr'><strong>δὲ</strong></span> <span class='ocrx_word' id='word_1_128' title='bbox 947 1581 1043 1646; x_wconf 90' lang='grc' dir='ltr'><strong>πλου-</strong></span> <span class='ocrx_word' id='word_1_129' title='bbox 1085 1583 1262 1647; x_wconf 80' lang='lat' dir='ltr'><strong>ciantium.</strong></span> <span class='ocrx_word' id='word_1_130' title='bbox 1278 1583 1427 1648; x_wconf 87' lang='lat' dir='ltr'><strong>Verbum</strong></span> <span class='ocrx_word' id='word_1_131' title='bbox 1443 1584 1553 1662; x_wconf 74' lang='lat' dir='ltr'><strong>igitur</strong></span> <span class='ocrx_word' id='word_1_132' title='bbox 1573 1584 1660 1648; x_wconf 89' lang='lat' dir='ltr'><strong>dum</strong></span> <span class='ocrx_word' id='word_1_133' title='bbox 1683 1584 1838 1648; x_wconf 85' lang='lat' dir='ltr'><strong>hortatur</strong></span> 
     </span>
     <span class='ocr_line' id='line_1_13' title="bbox 294 1676 1839 1772; baseline 0.004 -25"><span class='ocrx_word' id='word_1_134' title='bbox 294 1676 357 1747; x_wconf 90' lang='grc' dir='ltr'><strong>σίοι</strong></span> <span class='ocrx_word' id='word_1_135' title='bbox 370 1692 427 1748; x_wconf 84' lang='grc' dir='ltr'><strong>τοῦ</strong></span> <span class='ocrx_word' id='word_1_136' title='bbox 449 1684 529 1750; x_wconf 85' lang='grc' dir='ltr'><strong>λαοῦ</strong></span> <span class='ocrx_word' id='word_1_137' title='bbox 550 1684 783 1752; x_wconf 87' lang='grc' dir='ltr'><strong>λιτανεύσουσιν</strong></span> <span class='ocrx_word' id='word_1_138' title='bbox 801 1685 836 1752; x_wconf 83' lang='grc' dir='ltr'><strong>ἔν</strong></span> <span class='ocrx_word' id='word_1_139' title='bbox 862 1685 981 1772; x_wconf 80' lang='grc' dir='ltr'><strong>δώροις,</strong></span> <span class='ocrx_word' id='word_1_140' title='bbox 1005 1685 1042 1749; x_wconf 87' lang='grc' dir='ltr'><strong>ού</strong></span> <span class='ocrx_word' id='word_1_141' title='bbox 1085 1686 1272 1751; x_wconf 81' lang='lat' dir='ltr'><strong>Ecclesiam</strong></span> <span class='ocrx_word' id='word_1_142' title='bbox 1288 1687 1330 1750; x_wconf 90' lang='lat' dir='ltr'><strong>ad</strong></span> <span class='ocrx_word' id='word_1_143' title='bbox 1345 1687 1568 1768; x_wconf 89' lang='lat' dir='ltr'><strong>audiendum,</strong></span> <span class='ocrx_word' id='word_1_144' title='bbox 1582 1689 1613 1752; x_wconf 92' lang='lat' dir='ltr'><strong>ei</strong></span> <span class='ocrx_word' id='word_1_145' title='bbox 1629 1689 1729 1752; x_wconf 89' lang='lat' dir='ltr'><strong>dicit:</strong></span> <span class='ocrx_word' id='word_1_146' title='bbox 1744 1689 1839 1754; x_wconf 71' lang='lat' dir='ltr'><strong>Filia</strong></span> 
     </span>
     <span class='ocr_line' id='line_1_14' title="bbox 292 1787 1836 1876; baseline 0.004 -25"><span class='ocrx_word' id='word_1_147' title='bbox 292 1787 355 1872; x_wconf 73' lang='grc' dir='ltr'><strong>γὰρ</strong></span> <span class='ocrx_word' id='word_1_148' title='bbox 370 1787 471 1874; x_wconf 73' lang='grc' dir='ltr'><strong>αὐτὴν</strong></span> <span class='ocrx_word' id='word_1_149' title='bbox 481 1799 719 1874; x_wconf 86' lang='grc' dir='ltr'><strong>προσκυνοῦσιν,</strong></span> <span class='ocrx_word' id='word_1_150' title='bbox 731 1789 816 1854; x_wconf 79' lang='grc' dir='ltr'><strong>ἀλλὰ</strong></span> <span class='ocrx_word' id='word_1_151' title='bbox 828 1791 886 1875; x_wconf 74' lang='grc' dir='ltr'><strong>τὴν</strong></span> <span class='ocrx_word' id='word_1_152' title='bbox 897 1788 1042 1875; x_wconf 78' lang='grc' dir='ltr'><strong>κεφαλὴν</strong></span> <span class='ocrx_word' id='word_1_153' title='bbox 1086 1789 1167 1872; x_wconf 79' lang='lat' dir='ltr'><strong>Tyn</strong></span> <span class='ocrx_word' id='word_1_154' title='bbox 1181 1791 1287 1856; x_wconf 60' lang='grc' dir='ltr'><strong>οοπιλί</strong></span> <span class='ocrx_word' id='word_1_155' title='bbox 1299 1809 1371 1856; x_wconf 78' lang='grc' dir='ltr'><strong>σοον</strong></span> <span class='ocrx_word' id='word_1_156' title='bbox 1384 1790 1582 1870; x_wconf 65' lang='lat' dir='ltr'><strong>mumius,</strong></span> <span class='ocrx_word' id='word_1_157' title='bbox 1597 1794 1629 1856; x_wconf 78' lang='lat' dir='ltr'><strong>ei</strong></span> <span class='ocrx_word' id='word_1_158' title='bbox 1638 1791 1757 1858; x_wconf 75' lang='lat' dir='ltr'><strong>diuites</strong></span> <span class='ocrx_word' id='word_1_159' title='bbox 1764 1791 1836 1876; x_wconf 76' lang='lat' dir='ltr'><strong>pic·</strong></span> 
     </span>
     <span class='ocr_line' id='line_1_15' title="bbox 294 1891 1834 1978; baseline 0.001 -23"><span class='ocrx_word' id='word_1_160' title='bbox 294 1892 402 1977; x_wconf 78' lang='grc' dir='ltr'><strong>αύτης,</strong></span> <span class='ocrx_word' id='word_1_161' title='bbox 419 1892 453 1970; x_wconf 87' lang='grc' dir='ltr'><strong>ός</strong></span> <span class='ocrx_word' id='word_1_162' title='bbox 468 1891 552 1958; x_wconf 86' lang='grc' dir='ltr'><strong>ἔστιν</strong></span> <span class='ocrx_word' id='word_1_163' title='bbox 575 1893 592 1958; x_wconf 90' lang='grc' dir='ltr'><strong>ό</strong></span> <span class='ocrx_word' id='word_1_164' title='bbox 615 1892 751 1978; x_wconf 86' lang='grc' dir='ltr'><strong>Χριστός</strong></span> <span class='ocrx_word' id='word_1_165' title='bbox 772 1895 809 1958; x_wconf 86' lang='grc' dir='ltr'><strong>δν</strong></span> <span class='ocrx_word' id='word_1_166' title='bbox 827 1903 881 1962; x_wconf 86' lang='grc' dir='ltr'><strong>νῦν</strong></span> <span class='ocrx_word' id='word_1_167' title='bbox 900 1913 1043 1977; x_wconf 87' lang='grc' dir='ltr'><strong>καταση-</strong></span> <span class='ocrx_word' id='word_1_168' title='bbox 1085 1893 1134 1958; x_wconf 77' lang='lat' dir='ltr'><strong>iis</strong></span> <span class='ocrx_word' id='word_1_169' title='bbox 1147 1894 1274 1958; x_wconf 80' lang='grc' dir='ltr'><strong>οοίίιοοι</strong></span> <span class='ocrx_word' id='word_1_170' title='bbox 1289 1899 1381 1959; x_wconf 77' lang='lat' dir='ltr'><strong>tomo</strong></span> <span class='ocrx_word' id='word_1_171' title='bbox 1399 1894 1652 1977; x_wconf 71' lang='lat' dir='ltr'><strong>deprecabantur</strong></span> <span class='ocrx_word' id='word_1_172' title='bbox 1672 1895 1710 1960; x_wconf 81' lang='lat' dir='ltr'><strong>ia</strong></span> <span class='ocrx_word' id='word_1_173' title='bbox 1731 1894 1834 1960; x_wconf 80' lang='grc' dir='ltr'><strong>ιίοιιίε.</strong></span> 
     </span>
     <span class='ocr_line' id='line_1_16' title="bbox 294 1992 1838 2083; baseline 0.001 -23"><span class='ocrx_word' id='word_1_174' title='bbox 294 1992 407 2082; x_wconf 82' lang='grc' dir='ltr'><strong>μαίνει.</strong></span> <span class='ocrx_word' id='word_1_175' title='bbox 424 1996 506 2073; x_wconf 87' lang='grc' dir='ltr'><strong>Τοὺς</strong></span> <span class='ocrx_word' id='word_1_176' title='bbox 522 1994 676 2082; x_wconf 88' lang='grc' dir='ltr'><strong>Τυραίους</strong></span> <span class='ocrx_word' id='word_1_177' title='bbox 698 1998 733 2063; x_wconf 78' lang='grc' dir='ltr'><strong>δὲ</strong></span> <span class='ocrx_word' id='word_1_178' title='bbox 756 1996 917 2083; x_wconf 82' lang='grc' dir='ltr'><strong>ὠνόμασεν</strong></span> <span class='ocrx_word' id='word_1_179' title='bbox 939 1997 1042 2062; x_wconf 76' lang='grc' dir='ltr'><strong>διὰτὸ</strong></span> <span class='ocrx_word' id='word_1_180' title='bbox 1086 1999 1172 2062; x_wconf 92' lang='lat' dir='ltr'><strong>Eam</strong></span> <span class='ocrx_word' id='word_1_181' title='bbox 1188 2001 1280 2063; x_wconf 90' lang='lat' dir='ltr'><strong>enim</strong></span> <span class='ocrx_word' id='word_1_182' title='bbox 1294 2000 1436 2062; x_wconf 91' lang='lat' dir='ltr'><strong>minime</strong></span> <span class='ocrx_word' id='word_1_183' title='bbox 1452 1999 1604 2079; x_wconf 89' lang='lat' dir='ltr'><strong>adorant,</strong></span> <span class='ocrx_word' id='word_1_184' title='bbox 1618 1998 1678 2062; x_wconf 89' lang='lat' dir='ltr'><strong>sed</strong></span> <span class='ocrx_word' id='word_1_185' title='bbox 1689 2002 1793 2079; x_wconf 91' lang='lat' dir='ltr'><strong>caput</strong></span> <span class='ocrx_word' id='word_1_186' title='bbox 1805 2015 1838 2062; x_wconf 88' lang='lat' dir='ltr'><strong>e·</strong></span> 
     </span>
     <span class='ocr_line' id='line_1_17' title="bbox 295 2098 1834 2187; baseline 0.001 -23"><span class='ocrx_word' id='word_1_187' title='bbox 295 2098 433 2186; x_wconf 86' lang='grc' dir='ltr'><strong>μόιλιστα</strong></span> <span class='ocrx_word' id='word_1_188' title='bbox 448 2101 561 2178; x_wconf 85' lang='grc' dir='ltr'><strong>αύτούς</strong></span> <span class='ocrx_word' id='word_1_189' title='bbox 572 2101 705 2187; x_wconf 83' lang='grc' dir='ltr'><strong>ἐχθρούς</strong></span> <span class='ocrx_word' id='word_1_190' title='bbox 724 2103 804 2168; x_wconf 74' lang='grc' dir='ltr'><strong>εἶναι</strong></span> <span class='ocrx_word' id='word_1_191' title='bbox 818 2111 874 2167; x_wconf 83' lang='grc' dir='ltr'><strong>τού</strong></span> <span class='ocrx_word' id='word_1_192' title='bbox 896 2099 1043 2177; x_wconf 83' lang='grc' dir='ltr'><strong>εύσεόούς</strong></span> <span class='ocrx_word' id='word_1_193' title='bbox 1083 2103 1151 2184; x_wconf 77' lang='lat' dir='ltr'><strong>ius,</strong></span> <span class='ocrx_word' id='word_1_194' title='bbox 1161 2103 1251 2185; x_wconf 90' lang='lat' dir='ltr'><strong>quod</strong></span> <span class='ocrx_word' id='word_1_195' title='bbox 1263 2108 1315 2166; x_wconf 87' lang='lat' dir='ltr'><strong>est</strong></span> <span class='ocrx_word' id='word_1_196' title='bbox 1330 2103 1494 2182; x_wconf 85' lang='lat' dir='ltr'><strong>Christus,</strong></span> <span class='ocrx_word' id='word_1_197' title='bbox 1506 2120 1609 2184; x_wconf 90' lang='lat' dir='ltr'><strong>quem</strong></span> <span class='ocrx_word' id='word_1_198' title='bbox 1623 2121 1716 2166; x_wconf 90' lang='lat' dir='ltr'><strong>nunc</strong></span> <span class='ocrx_word' id='word_1_199' title='bbox 1727 2103 1834 2182; x_wconf 79' lang='lat' dir='ltr'><strong>signi·</strong></span> 
     </span>
     <span class='ocr_line' id='line_1_18' title="bbox 295 2195 1834 2291; baseline 0.001 -23"><span class='ocrx_word' id='word_1_200' title='bbox 295 2202 533 2290; x_wconf 75' lang='grc' dir='ltr'><strong>πολιτεύματος</strong></span> <span class='ocrx_word' id='word_1_201' title='bbox 552 2241 593 2254; x_wconf 94' lang='grc'><strong>-</strong></span> <span class='ocrx_word' id='word_1_202' title='bbox 610 2195 706 2270; x_wconf 76' lang='grc' dir='ltr'><strong>Πᾶσα</strong></span> <span class='ocrx_word' id='word_1_203' title='bbox 728 2204 749 2291; x_wconf 88' lang='grc' dir='ltr'>ἡ</span> <span class='ocrx_word' id='word_1_204' title='bbox 774 2203 849 2284; x_wconf 85' lang='grc' dir='ltr'><strong>δόξα</strong></span> <span class='ocrx_word' id='word_1_205' title='bbox 872 2206 970 2290; x_wconf 83' lang='grc' dir='ltr'><strong>αύτης</strong></span> <span class='ocrx_word' id='word_1_206' title='bbox 992 2203 1044 2286; x_wconf 88' lang='grc' dir='ltr'><strong>θυ-</strong></span> <span class='ocrx_word' id='word_1_207' title='bbox 1087 2206 1177 2271; x_wconf 86' lang='lat' dir='ltr'><strong>ficat.</strong></span> <span class='ocrx_word' id='word_1_208' title='bbox 1199 2210 1306 2290; x_wconf 83' lang='lat' dir='ltr'><strong>Tyros</strong></span> <span class='ocrx_word' id='word_1_209' title='bbox 1328 2212 1444 2270; x_wconf 86' lang='lat' dir='ltr'><strong>autem</strong></span> <span class='ocrx_word' id='word_1_210' title='bbox 1466 2208 1661 2288; x_wconf 85' lang='lat' dir='ltr'><strong>appellavit,</strong></span> <span class='ocrx_word' id='word_1_211' title='bbox 1684 2206 1775 2289; x_wconf 93' lang='lat' dir='ltr'><strong>quod</strong></span> <span class='ocrx_word' id='word_1_212' title='bbox 1798 2207 1834 2269; x_wconf 90' lang='lat' dir='ltr'><strong>in</strong></span> 
     </span>
     <span class='ocr_line' id='line_1_19' title="bbox 293 2308 1835 2396; baseline 0.001 -24"><span class='ocrx_word' id='word_1_213' title='bbox 293 2310 409 2395; x_wconf 86' lang='grc' dir='ltr'><strong>γατρδς</strong></span> <span class='ocrx_word' id='word_1_214' title='bbox 425 2318 481 2374; x_wconf 83' lang='grc' dir='ltr'><strong>τοῦ</strong></span> <span class='ocrx_word' id='word_1_215' title='bbox 497 2308 650 2396; x_wconf 85' lang='grc' dir='ltr'><strong>βασιλέως</strong></span> <span class='ocrx_word' id='word_1_216' title='bbox 665 2309 791 2376; x_wconf 86' lang='grc' dir='ltr'><strong>ἔσωθεν.</strong></span> <span class='ocrx_word' id='word_1_217' title='bbox 812 2309 913 2375; x_wconf 81' lang='grc' dir='ltr'><strong>Τοῦτό</strong></span> <span class='ocrx_word' id='word_1_218' title='bbox 937 2330 1043 2396; x_wconf 82' lang='grc' dir='ltr'><strong>φησιν,</strong></span> <span class='ocrx_word' id='word_1_219' title='bbox 1087 2312 1206 2393; x_wconf 89' lang='lat' dir='ltr'><strong>primis</strong></span> <span class='ocrx_word' id='word_1_220' title='bbox 1221 2329 1356 2375; x_wconf 89' lang='lat' dir='ltr'><strong>sacrum</strong></span> <span class='ocrx_word' id='word_1_221' title='bbox 1371 2311 1508 2375; x_wconf 76' lang='lat' dir='ltr'><strong>vivendi</strong></span> <span class='ocrx_word' id='word_1_222' title='bbox 1528 2329 1640 2391; x_wconf 78' lang='lat' dir='ltr'><strong>genus</strong></span> <span class='ocrx_word' id='word_1_223' title='bbox 1659 2328 1835 2394; x_wconf 77' lang='lat' dir='ltr'><strong>oppugna·</strong></span> 
     </span>
     <span class='ocr_line' id='line_1_20' title="bbox 295 2413 1833 2500; baseline -0.001 -22"><span class='ocrx_word' id='word_1_224' title='bbox 295 2413 574 2500; x_wconf 78' lang='grc' dir='ltr'><strong>εὐαγγελιζόμενος</strong></span> <span class='ocrx_word' id='word_1_225' title='bbox 599 2416 654 2480; x_wconf 83' lang='grc' dir='ltr'><strong>καὶ</strong></span> <span class='ocrx_word' id='word_1_226' title='bbox 680 2415 795 2492; x_wconf 80' lang='grc' dir='ltr'><strong>αὐτοὺς</strong></span> <span class='ocrx_word' id='word_1_227' title='bbox 822 2413 962 2500; x_wconf 80' lang='grc' dir='ltr'><strong>βασιλεῖς</strong></span> <span class='ocrx_word' id='word_1_228' title='bbox 988 2413 1045 2478; x_wconf 82' lang='grc' dir='ltr'><strong>καὶ</strong></span> <span class='ocrx_word' id='word_1_229' title='bbox 1089 2415 1353 2480; x_wconf 78' lang='lat' dir='ltr'><strong>bant-Omnia</strong></span> <span class='ocrx_word' id='word_1_230' title='bbox 1364 2415 1565 2498; x_wconf 68' lang='lat' dir='ltr'><strong>platostlic</strong></span> <span class='ocrx_word' id='word_1_231' title='bbox 1578 2417 1666 2499; x_wconf 67' lang='lat' dir='ltr'><strong>renis</strong></span> <span class='ocrx_word' id='word_1_232' title='bbox 1680 2414 1719 2479; x_wconf 81' lang='grc' dir='ltr'><strong>ού</strong></span> <span class='ocrx_word' id='word_1_233' title='bbox 1732 2415 1833 2480; x_wconf 74' lang='lat' dir='ltr'><strong>ictas.</strong></span> 
     </span>
     <span class='ocr_line' id='line_1_21' title="bbox 296 2515 1838 2606; baseline -0.001 -24"><span class='ocrx_word' id='word_1_234' title='bbox 296 2519 370 2596; x_wconf 88' lang='grc' dir='ltr'><strong>τοὺς</strong></span> <span class='ocrx_word' id='word_1_235' title='bbox 393 2517 428 2583; x_wconf 85' lang='grc' dir='ltr'><strong>ἔν</strong></span> <span class='ocrx_word' id='word_1_236' title='bbox 457 2519 599 2606; x_wconf 76' lang='grc' dir='ltr'><strong>ὑπεροχῇ</strong></span> <span class='ocrx_word' id='word_1_237' title='bbox 629 2521 723 2596; x_wconf 90' lang='grc' dir='ltr'><strong>όντας</strong></span> <span class='ocrx_word' id='word_1_238' title='bbox 751 2515 982 2604; x_wconf 69' lang='grc' dir='ltr'><strong>προσκυνήσειν</strong></span> <span class='ocrx_word' id='word_1_239' title='bbox 1006 2527 1046 2604; x_wconf 71' lang='grc' dir='ltr'><strong>τῇ</strong></span> <span class='ocrx_word' id='word_1_240' title='bbox 1090 2518 1190 2584; x_wconf 85' lang='lat' dir='ltr'><strong>Hunc</strong></span> <span class='ocrx_word' id='word_1_241' title='bbox 1202 2518 1354 2583; x_wconf 84' lang='lat' dir='ltr'><strong>faustum</strong></span> <span class='ocrx_word' id='word_1_242' title='bbox 1362 2518 1428 2582; x_wconf 80' lang='lat' dir='ltr'><strong>fert</strong></span> <span class='ocrx_word' id='word_1_243' title='bbox 1439 2521 1611 2598; x_wconf 88' lang='lat' dir='ltr'><strong>nuntium,</strong></span> <span class='ocrx_word' id='word_1_244' title='bbox 1621 2519 1725 2582; x_wconf 88' lang='lat' dir='ltr'><strong>etiam</strong></span> <span class='ocrx_word' id='word_1_245' title='bbox 1738 2534 1838 2597; x_wconf 81' lang='lat' dir='ltr'><strong>reges</strong></span> 
     </span>
     <span class='ocr_line' id='line_1_22' title="bbox 295 2619 1836 2709; baseline -0.001 -23"><span class='ocrx_word' id='word_1_246' title='bbox 295 2619 464 2708; x_wconf 82' lang='grc' dir='ltr'><strong>ίκκλησίᾳ,</strong></span> <span class='ocrx_word' id='word_1_247' title='bbox 490 2625 563 2709; x_wconf 80' lang='grc' dir='ltr'><strong>ητοι</strong></span> <span class='ocrx_word' id='word_1_248' title='bbox 587 2626 641 2690; x_wconf 85' lang='grc' dir='ltr'><strong>τόν</strong></span> <span class='ocrx_word' id='word_1_249' title='bbox 667 2622 702 2688; x_wconf 81' lang='grc' dir='ltr'><strong>ἐν</strong></span> <span class='ocrx_word' id='word_1_250' title='bbox 728 2623 809 2709; x_wconf 76' lang='grc' dir='ltr'><strong>αὐτῇ</strong></span> <span class='ocrx_word' id='word_1_251' title='bbox 839 2621 967 2709; x_wconf 87' lang='grc' dir='ltr'><strong>Κύριον.</strong></span> <span class='ocrx_word' id='word_1_252' title='bbox 998 2622 1044 2689; x_wconf 85' lang='grc' dir='ltr'><strong>Τό</strong></span> <span class='ocrx_word' id='word_1_253' title='bbox 1088 2629 1124 2688; x_wconf 89' lang='lat' dir='ltr'><strong>at</strong></span> <span class='ocrx_word' id='word_1_254' title='bbox 1144 2641 1378 2706; x_wconf 84' lang='lat' dir='ltr'><strong>quoscumque</strong></span> <span class='ocrx_word' id='word_1_255' title='bbox 1392 2624 1603 2688; x_wconf 89' lang='lat' dir='ltr'><strong>sublimitate</strong></span> <span class='ocrx_word' id='word_1_256' title='bbox 1626 2623 1781 2701; x_wconf 81' lang='lat' dir='ltr'><strong>insignes</strong></span> <span class='ocrx_word' id='word_1_257' title='bbox 1802 2639 1836 2684; x_wconf 88' lang='lat' dir='ltr'><strong>a·</strong></span> 
     </span>
     <span class='ocr_line' id='line_1_23' title="bbox 295 2725 1837 2814; baseline -0.001 -24"><span class='ocrx_word' id='word_1_258' title='bbox 295 2725 413 2794; x_wconf 84' lang='grc' dir='ltr'><strong>ἔσωθεν</strong></span> <span class='ocrx_word' id='word_1_259' title='bbox 428 2727 509 2795; x_wconf 89' lang='grc' dir='ltr'><strong>Θεδν</strong></span> <span class='ocrx_word' id='word_1_260' title='bbox 532 2729 594 2792; x_wconf 91' lang='grc' dir='ltr'><strong>ἔσω</strong></span> <span class='ocrx_word' id='word_1_261' title='bbox 616 2725 772 2814; x_wconf 83' lang='grc' dir='ltr'><strong>σημαίνει</strong></span> <span class='ocrx_word' id='word_1_262' title='bbox 795 2726 920 2812; x_wconf 85' lang='grc' dir='ltr'><strong>Νοητδς</strong></span> <span class='ocrx_word' id='word_1_263' title='bbox 941 2729 1003 2814; x_wconf 73' lang='grc' dir='ltr'><strong>γὰρ</strong></span> <span class='ocrx_word' id='word_1_264' title='bbox 1026 2727 1045 2793; x_wconf 89' lang='grc' dir='ltr'><strong>ό</strong></span> <span class='ocrx_word' id='word_1_265' title='bbox 1088 2728 1266 2792; x_wconf 89' lang='lat' dir='ltr'><strong>doraturos</strong></span> <span class='ocrx_word' id='word_1_266' title='bbox 1293 2745 1366 2792; x_wconf 90' lang='lat' dir='ltr'><strong>esse</strong></span> <span class='ocrx_word' id='word_1_267' title='bbox 1392 2729 1589 2806; x_wconf 85' lang='lat' dir='ltr'><strong>Ecclesiam,</strong></span> <span class='ocrx_word' id='word_1_268' title='bbox 1613 2726 1648 2791; x_wconf 92' lang='lat' dir='ltr'><strong>id</strong></span> <span class='ocrx_word' id='word_1_269' title='bbox 1671 2730 1723 2790; x_wconf 87' lang='lat' dir='ltr'><strong>est</strong></span> <span class='ocrx_word' id='word_1_270' title='bbox 1744 2729 1837 2789; x_wconf 87' lang='lat' dir='ltr'><strong>stan·</strong></span> 
     </span>
     <span class='ocr_line' id='line_1_24' title="bbox 295 2829 1838 2919; baseline 0 -23"><span class='ocrx_word' id='word_1_271' title='bbox 295 2829 415 2916; x_wconf 88' lang='grc' dir='ltr'><strong>κόσμος</strong></span> <span class='ocrx_word' id='word_1_272' title='bbox 442 2841 498 2917; x_wconf 81' lang='grc' dir='ltr'><strong>της</strong></span> <span class='ocrx_word' id='word_1_273' title='bbox 520 2830 703 2918; x_wconf 80' lang='grc' dir='ltr'><strong>ἐκκλησίας.</strong></span> <span class='ocrx_word' id='word_1_274' title='bbox 737 2831 883 2919; x_wconf 85' lang='grc' dir='ltr'><strong>Κροσσδς</strong></span> <span class='ocrx_word' id='word_1_275' title='bbox 908 2833 964 2899; x_wconf 87' lang='grc' dir='ltr'><strong>καί</strong></span> <span class='ocrx_word' id='word_1_276' title='bbox 989 2835 1047 2911; x_wconf 83' lang='grc' dir='ltr'><strong>τὰς</strong></span> <span class='ocrx_word' id='word_1_277' title='bbox 1089 2839 1159 2897; x_wconf 89' lang='lat' dir='ltr'><strong>tem</strong></span> <span class='ocrx_word' id='word_1_278' title='bbox 1182 2834 1218 2896; x_wconf 92' lang='lat' dir='ltr'><strong>iu</strong></span> <span class='ocrx_word' id='word_1_279' title='bbox 1241 2849 1283 2896; x_wconf 85' lang='lat' dir='ltr'><strong>aa</strong></span> <span class='ocrx_word' id='word_1_280' title='bbox 1304 2833 1504 2896; x_wconf 91' lang='lat' dir='ltr'><strong>Dominum:</strong></span> <span class='ocrx_word' id='word_1_281' title='bbox 1524 2830 1724 2912; x_wconf 88' lang='lat' dir='ltr'><strong>adjunctum</strong></span> <span class='ocrx_word' id='word_1_282' title='bbox 1745 2829 1838 2896; x_wconf 68' lang='lat' dir='ltr'><strong>aaa</strong></span> 
     </span>
     <span class='ocr_line' id='line_1_25' title="bbox 297 2934 1840 3024; baseline -0.001 -25"><span class='ocrx_word' id='word_1_283' title='bbox 297 2935 473 3014; x_wconf 85' lang='grc' dir='ltr'><strong>πολυειδεῖς</strong></span> <span class='ocrx_word' id='word_1_284' title='bbox 494 2937 609 3022; x_wconf 83' lang='grc' dir='ltr'><strong>ἀρετὰς</strong></span> <span class='ocrx_word' id='word_1_285' title='bbox 631 2934 778 3023; x_wconf 89' lang='grc' dir='ltr'><strong>σημαίνει</strong></span> <span class='ocrx_word' id='word_1_286' title='bbox 807 2936 904 3003; x_wconf 77' lang='grc' dir='ltr'><strong>Πᾶσα</strong></span> <span class='ocrx_word' id='word_1_287' title='bbox 925 2936 947 3024; x_wconf 76' lang='grc' dir='ltr'><strong>ἡ</strong></span> <span class='ocrx_word' id='word_1_288' title='bbox 970 2935 1047 3017; x_wconf 82' lang='grc' dir='ltr'><strong>δόξα</strong></span> <span class='ocrx_word' id='word_1_289' title='bbox 1091 2938 1201 3001; x_wconf 91' lang='lat' dir='ltr'><strong>Deum</strong></span> <span class='ocrx_word' id='word_1_290' title='bbox 1216 2938 1268 3001; x_wconf 91' lang='lat' dir='ltr'><strong>ilii</strong></span> <span class='ocrx_word' id='word_1_291' title='bbox 1284 2938 1445 3000; x_wconf 89' lang='lat' dir='ltr'><strong>intimum</strong></span> <span class='ocrx_word' id='word_1_292' title='bbox 1461 2935 1646 3015; x_wconf 77' lang='lat' dir='ltr'><strong>significat.</strong></span> <span class='ocrx_word' id='word_1_293' title='bbox 1671 2934 1840 3016; x_wconf 78' lang='lat' dir='ltr'><strong>spiritalis</strong></span> 
     </span>
     <span class='ocr_line' id='line_1_26' title="bbox 295 3038 1841 3129; baseline -0.004 -23"><span class='ocrx_word' id='word_1_294' title='bbox 295 3049 353 3126; x_wconf 82' lang='grc' dir='ltr'><strong>της</strong></span> <span class='ocrx_word' id='word_1_295' title='bbox 368 3040 520 3127; x_wconf 91' lang='grc' dir='ltr'><strong>θυγατρός</strong></span> <span class='ocrx_word' id='word_1_296' title='bbox 536 3050 591 3106; x_wconf 83' lang='grc' dir='ltr'><strong>τοῦ</strong></span> <span class='ocrx_word' id='word_1_297' title='bbox 607 3039 760 3129; x_wconf 83' lang='grc' dir='ltr'><strong>βασίλεως</strong></span> <span class='ocrx_word' id='word_1_298' title='bbox 775 3041 891 3107; x_wconf 81' lang='grc' dir='ltr'><strong>ἔσωθεν</strong></span> <span class='ocrx_word' id='word_1_299' title='bbox 901 3041 936 3108; x_wconf 86' lang='grc' dir='ltr'><strong>ἔν</strong></span> <span class='ocrx_word' id='word_1_300' title='bbox 950 3060 1043 3127; x_wconf 92' lang='grc' dir='ltr'><strong>κροσ-</strong></span> <span class='ocrx_word' id='word_1_301' title='bbox 1091 3043 1183 3106; x_wconf 89' lang='lat' dir='ltr'><strong>enim</strong></span> <span class='ocrx_word' id='word_1_302' title='bbox 1199 3047 1252 3106; x_wconf 89' lang='lat' dir='ltr'><strong>est</strong></span> <span class='ocrx_word' id='word_1_303' title='bbox 1273 3042 1433 3104; x_wconf 76' lang='lat' dir='ltr'><strong>Ecclesia</strong></span> <span class='ocrx_word' id='word_1_304' title='bbox 1457 3039 1616 3104; x_wconf 90' lang='lat' dir='ltr'><strong>mundus.</strong></span> <span class='ocrx_word' id='word_1_305' title='bbox 1639 3038 1790 3103; x_wconf 81' lang='lat' dir='ltr'><strong>Fimbria</strong></span> <span class='ocrx_word' id='word_1_306' title='bbox 1808 3055 1841 3101; x_wconf 89' lang='lat' dir='ltr'><strong>e·</strong></span> 
     </span>
     <span class='ocr_line' id='line_1_27' title="bbox 298 3142 1840 3233; baseline 0 -24"><span class='ocrx_word' id='word_1_307' title='bbox 298 3152 410 3222; x_wconf 81' lang='grc' dir='ltr'><strong>σωτοῖς</strong></span> <span class='ocrx_word' id='word_1_308' title='bbox 435 3142 703 3233; x_wconf 84' lang='grc' dir='ltr'><strong>περιδεδλημένη,</strong></span> <span class='ocrx_word' id='word_1_309' title='bbox 733 3143 980 3231; x_wconf 79' lang='grc' dir='ltr'><strong>πεποικιλμένη,</strong></span> <span class='ocrx_word' id='word_1_310' title='bbox 1004 3147 1045 3211; x_wconf 83' lang='grc' dir='ltr'><strong>εί·</strong></span> <span class='ocrx_word' id='word_1_311' title='bbox 1087 3147 1172 3210; x_wconf 90' lang='lat' dir='ltr'><strong>tiam</strong></span> <span class='ocrx_word' id='word_1_312' title='bbox 1203 3147 1363 3224; x_wconf 76' lang='lat' dir='ltr'><strong>designat</strong></span> <span class='ocrx_word' id='word_1_313' title='bbox 1389 3145 1595 3225; x_wconf 80' lang='lat' dir='ltr'><strong>multiplices</strong></span> <span class='ocrx_word' id='word_1_314' title='bbox 1618 3145 1775 3208; x_wconf 87' lang='lat' dir='ltr'><strong>virtutes.</strong></span> <span class='ocrx_word' id='word_1_315' title='bbox 1802 3144 1840 3208; x_wconf 70' lang='grc' dir='ltr'><strong>(λ</strong></span> 
     </span>
     <span class='ocr_line' id='line_1_28' title="bbox 296 3247 1837 3336; baseline -0.001 -23"><span class='ocrx_word' id='word_1_316' title='bbox 296 3267 371 3314; x_wconf 90' lang='grc' dir='ltr'><strong>τουν</strong></span> <span class='ocrx_word' id='word_1_317' title='bbox 393 3249 543 3335; x_wconf 76' lang='grc' dir='ltr'><strong>πράξεσι,</strong></span> <span class='ocrx_word' id='word_1_318' title='bbox 567 3251 630 3315; x_wconf 82' lang='grc' dir='ltr'><strong>εἴτε</strong></span> <span class='ocrx_word' id='word_1_319' title='bbox 651 3252 707 3315; x_wconf 81' lang='grc' dir='ltr'><strong>καί</strong></span> <span class='ocrx_word' id='word_1_320' title='bbox 721 3249 921 3336; x_wconf 69' lang='grc' dir='ltr'><strong>θεωρήμασι·</strong></span> <span class='ocrx_word' id='word_1_321' title='bbox 938 3251 994 3314; x_wconf 86' lang='grc' dir='ltr'><strong>καί</strong></span> <span class='ocrx_word' id='word_1_322' title='bbox 1016 3250 1044 3316; x_wconf 89' lang='grc' dir='ltr'><strong>εί</strong></span> <span class='ocrx_word' id='word_1_323' title='bbox 1086 3251 1173 3316; x_wconf 82' lang='lat' dir='ltr'><strong>moia</strong></span> <span class='ocrx_word' id='word_1_324' title='bbox 1189 3249 1298 3333; x_wconf 75' lang='lat' dir='ltr'><strong>picria</strong></span> <span class='ocrx_word' id='word_1_325' title='bbox 1308 3249 1397 3331; x_wconf 64' lang='lat' dir='ltr'><strong>stitia</strong></span> <span class='ocrx_word' id='word_1_326' title='bbox 1417 3249 1506 3330; x_wconf 76' lang='lat' dir='ltr'><strong>repis</strong></span> <span class='ocrx_word' id='word_1_327' title='bbox 1527 3247 1567 3311; x_wconf 84' lang='grc' dir='ltr'><strong>ού</strong></span> <span class='ocrx_word' id='word_1_328' title='bbox 1587 3249 1680 3312; x_wconf 75' lang='lat' dir='ltr'><strong>intua</strong></span> <span class='ocrx_word' id='word_1_329' title='bbox 1705 3248 1743 3312; x_wconf 81' lang='lat' dir='ltr'><strong>io</strong></span> <span class='ocrx_word' id='word_1_330' title='bbox 1757 3247 1837 3330; x_wconf 79' lang='lat' dir='ltr'><strong>fiot-</strong></span> 
     </span>
     <span class='ocr_line' id='line_1_29' title="bbox 293 3352 1835 3442; baseline -0.003 -23"><span class='ocrx_word' id='word_1_331' title='bbox 293 3353 452 3439; x_wconf 80' lang='grc' dir='ltr'><strong>ύπόζυγόν</strong></span> <span class='ocrx_word' id='word_1_332' title='bbox 466 3352 533 3420; x_wconf 89' lang='grc' dir='ltr'><strong>ἔστί</strong></span> <span class='ocrx_word' id='word_1_333' title='bbox 551 3377 581 3421; x_wconf 90' lang='grc' dir='ltr'><strong>τι</strong></span> <span class='ocrx_word' id='word_1_334' title='bbox 602 3355 739 3442; x_wconf 84' lang='grc' dir='ltr'><strong>Χριστῷ,</strong></span> <span class='ocrx_word' id='word_1_335' title='bbox 763 3358 817 3420; x_wconf 82' lang='grc' dir='ltr'><strong>καί</strong></span> <span class='ocrx_word' id='word_1_336' title='bbox 840 3356 868 3419; x_wconf 85' lang='grc' dir='ltr'><strong>εί</strong></span> <span class='ocrx_word' id='word_1_337' title='bbox 889 3353 1043 3440; x_wconf 78' lang='grc' dir='ltr'><strong>παρθένος</strong></span> <span class='ocrx_word' id='word_1_338' title='bbox 1086 3353 1169 3420; x_wconf 73' lang='lat' dir='ltr'><strong>iiiia</strong></span> <span class='ocrx_word' id='word_1_339' title='bbox 1183 3353 1391 3433; x_wconf 78' lang='lat' dir='ltr'><strong>circumdata,</strong></span> <span class='ocrx_word' id='word_1_340' title='bbox 1413 3353 1590 3436; x_wconf 69' lang='grc' dir='ltr'><strong>οονίοριιίο,</strong></span> <span class='ocrx_word' id='word_1_341' title='bbox 1611 3353 1645 3416; x_wconf 91' lang='lat' dir='ltr'><strong>id</strong></span> <span class='ocrx_word' id='word_1_342' title='bbox 1668 3353 1778 3416; x_wconf 88' lang='lat' dir='ltr'><strong>estin</strong></span> <span class='ocrx_word' id='word_1_343' title='bbox 1800 3368 1835 3413; x_wconf 92' lang='lat' dir='ltr'><strong>a·</strong></span> 
     </span>
     <span class='ocr_line' id='line_1_30' title="bbox 294 3453 1834 3547; baseline -0.003 -24"><span class='ocrx_word' id='word_1_344' title='bbox 294 3453 355 3542; x_wconf 87' lang='grc' dir='ltr'><strong>όλη</strong></span> <span class='ocrx_word' id='word_1_345' title='bbox 371 3458 520 3544; x_wconf 84' lang='grc' dir='ltr'><strong>Χριστοῦ,</strong></span> <span class='ocrx_word' id='word_1_346' title='bbox 535 3459 557 3545; x_wconf 78' lang='grc' dir='ltr'><strong>ἡ</strong></span> <span class='ocrx_word' id='word_1_347' title='bbox 575 3461 631 3547; x_wconf 83' lang='grc' dir='ltr'><strong>μέν</strong></span> <span class='ocrx_word' id='word_1_348' title='bbox 646 3460 680 3526; x_wconf 83' lang='grc' dir='ltr'><strong>όν</strong></span> <span class='ocrx_word' id='word_1_349' title='bbox 702 3469 746 3546; x_wconf 82' lang='grc' dir='ltr'><strong>τῷ</strong></span> <span class='ocrx_word' id='word_1_350' title='bbox 761 3458 923 3537; x_wconf 81' lang='grc' dir='ltr'><strong>παντελῶς</strong></span> <span class='ocrx_word' id='word_1_351' title='bbox 939 3457 1044 3524; x_wconf 83' lang='grc' dir='ltr'><strong>ἔνδεσ·</strong></span> <span class='ocrx_word' id='word_1_352' title='bbox 1088 3458 1200 3524; x_wconf 87' lang='lat' dir='ltr'><strong>atibus</strong></span> <span class='ocrx_word' id='word_1_353' title='bbox 1210 3460 1314 3523; x_wconf 91' lang='lat' dir='ltr'><strong>simul</strong></span> <span class='ocrx_word' id='word_1_354' title='bbox 1331 3463 1365 3523; x_wconf 88' lang='lat' dir='ltr'><strong>et</strong></span> <span class='ocrx_word' id='word_1_355' title='bbox 1379 3457 1731 3540; x_wconf 90' lang='lat' dir='ltr'><strong>contemplationibus.</strong></span> <span class='ocrx_word' id='word_1_356' title='bbox 1747 3456 1834 3519; x_wconf 87' lang='lat' dir='ltr'><strong>Etsi</strong></span> 
     </span>
     <span class='ocr_line' id='line_1_31' title="bbox 295 3555 1855 3652; baseline -0.004 -24"><span class='ocrx_word' id='word_1_357' title='bbox 295 3562 421 3648; x_wconf 77' lang='grc' dir='ltr'><strong>μεῖσθαι</strong></span> <span class='ocrx_word' id='word_1_358' title='bbox 434 3573 478 3651; x_wconf 83' lang='grc' dir='ltr'><strong>τῷ</strong></span> <span class='ocrx_word' id='word_1_359' title='bbox 493 3563 636 3652; x_wconf 55' lang='lat' dir='ltr'><strong>norm</strong></span> <span class='ocrx_word' id='word_1_360' title='bbox 659 3566 694 3631; x_wconf 82' lang='grc' dir='ltr'><strong>δὲ</strong></span> <span class='ocrx_word' id='word_1_361' title='bbox 717 3563 790 3651; x_wconf 86' lang='grc' dir='ltr'><strong>μηδ’</strong></span> <span class='ocrx_word' id='word_1_362' title='bbox 805 3563 886 3642; x_wconf 87' lang='grc' dir='ltr'><strong>όλως</strong></span> <span class='ocrx_word' id='word_1_363' title='bbox 908 3561 1046 3649; x_wconf 78' lang='grc' dir='ltr'><strong>γενέσθω</strong></span> <span class='ocrx_word' id='word_1_364' title='bbox 1090 3581 1159 3645; x_wconf 88' lang='lat' dir='ltr'><strong>qua</strong></span> <span class='ocrx_word' id='word_1_365' title='bbox 1173 3567 1225 3627; x_wconf 89' lang='lat' dir='ltr'><strong>est</strong></span> <span class='ocrx_word' id='word_1_366' title='bbox 1240 3562 1365 3628; x_wconf 83' lang='lat' dir='ltr'><strong>christi</strong></span> <span class='ocrx_word' id='word_1_367' title='bbox 1388 3579 1535 3642; x_wconf 85' lang='lat' dir='ltr'><strong>consors,</strong></span> <span class='ocrx_word' id='word_1_368' title='bbox 1553 3563 1583 3626; x_wconf 93' lang='lat' dir='ltr'><strong>si</strong></span> <span class='ocrx_word' id='word_1_369' title='bbox 1602 3578 1679 3643; x_wconf 80' lang='lat' dir='ltr'><strong>qum</strong></span> <span class='ocrx_word' id='word_1_370' title='bbox 1701 3555 1855 3638; x_wconf 74' lang='lat' dir='ltr'><strong>integra&#39;</strong></span> 
     </span>
     <span class='ocr_line' id='line_1_32' title="bbox 293 3664 1836 3759; baseline -0.005 -24"><span class='ocrx_word' id='word_1_371' title='bbox 293 3681 351 3738; x_wconf 82' lang='grc' dir='ltr'><strong>τοῦ</strong></span> <span class='ocrx_word' id='word_1_372' title='bbox 365 3670 504 3759; x_wconf 85' lang='grc' dir='ltr'><strong>κόσμου·</strong></span> <span class='ocrx_word' id='word_1_373' title='bbox 526 3673 562 3737; x_wconf 86' lang='grc' dir='ltr'><strong>ού</strong></span> <span class='ocrx_word' id='word_1_374' title='bbox 576 3670 640 3758; x_wconf 76' lang='grc' dir='ltr'><strong>γάρ</strong></span> <span class='ocrx_word' id='word_1_375' title='bbox 662 3671 746 3739; x_wconf 90' lang='grc' dir='ltr'><strong>ἔστιν</strong></span> <span class='ocrx_word' id='word_1_376' title='bbox 761 3670 918 3757; x_wconf 79' lang='grc' dir='ltr'><strong>ύπόζυγον</strong></span> <span class='ocrx_word' id='word_1_377' title='bbox 942 3668 1045 3756; x_wconf 91' lang='grc' dir='ltr'><strong>μέρος,</strong></span> <span class='ocrx_word' id='word_1_378' title='bbox 1092 3669 1218 3734; x_wconf 84' lang='lat' dir='ltr'><strong>Christi</strong></span> <span class='ocrx_word' id='word_1_379' title='bbox 1233 3669 1333 3746; x_wconf 77' lang='lat' dir='ltr'><strong>virgo</strong></span> <span class='ocrx_word' id='word_1_380' title='bbox 1349 3671 1409 3747; x_wconf 87' lang='lat' dir='ltr'><strong>est,</strong></span> <span class='ocrx_word' id='word_1_381' title='bbox 1425 3684 1467 3730; x_wconf 92' lang='lat' dir='ltr'><strong>ea</strong></span> <span class='ocrx_word' id='word_1_382' title='bbox 1481 3671 1532 3730; x_wconf 91' lang='lat' dir='ltr'><strong>est</strong></span> <span class='ocrx_word' id='word_1_383' title='bbox 1546 3670 1715 3747; x_wconf 87' lang='lat' dir='ltr'><strong>quantum</strong></span> <span class='ocrx_word' id='word_1_384' title='bbox 1726 3664 1836 3729; x_wconf 85' lang='lat' dir='ltr'><strong>Verbo</strong></span> 
     </span>
     <span class='ocr_line' id='line_1_33' title="bbox 294 3768 1838 3864; baseline -0.008 -22"><span class='ocrx_word' id='word_1_385' title='bbox 294 3786 388 3842; x_wconf 83' lang='grc' dir='ltr'><strong>τοῦτο</strong></span> <span class='ocrx_word' id='word_1_386' title='bbox 402 3777 555 3856; x_wconf 81' lang='grc' dir='ltr'><strong>παντελές</strong></span> <span class='ocrx_word' id='word_1_387' title='bbox 570 3787 615 3864; x_wconf 78' lang='grc' dir='ltr'><strong>τῷ</strong></span> <span class='ocrx_word' id='word_1_388' title='bbox 629 3775 784 3862; x_wconf 89' lang='grc' dir='ltr'><strong>παρθένιρ.</strong></span> <span class='ocrx_word' id='word_1_389' title='bbox 1091 3774 1281 3840; x_wconf 85' lang='lat' dir='ltr'><strong>arctissime</strong></span> <span class='ocrx_word' id='word_1_390' title='bbox 1303 3770 1538 3851; x_wconf 80' lang='lat' dir='ltr'><strong>conjungitur,</strong></span> <span class='ocrx_word' id='word_1_391' title='bbox 1554 3787 1665 3850; x_wconf 87' lang='lat' dir='ltr'><strong>neque</strong></span> <span class='ocrx_word' id='word_1_392' title='bbox 1689 3768 1760 3832; x_wconf 95' lang='lat' dir='ltr'><strong>ullo</strong></span> <span class='ocrx_word' id='word_1_393' title='bbox 1782 3785 1838 3848; x_wconf 90' lang='lat' dir='ltr'><strong>pa·</strong></span> 
     </span>
    </p>

    <p class='ocr_par' dir='ltr' id='par_1_3' title="bbox 1093 3872 1839 3957">
     <span class='ocr_line' id='line_1_34' title="bbox 1093 3872 1839 3957; baseline -0.012 -15"><span class='ocrx_word' id='word_1_394' title='bbox 1093 3883 1148 3943; x_wconf 87' lang='lat' dir='ltr'><strong>cto</strong></span> <span class='ocrx_word' id='word_1_395' title='bbox 1163 3877 1284 3941; x_wconf 87' lang='lat' dir='ltr'><strong>mundi</strong></span> <span class='ocrx_word' id='word_1_396' title='bbox 1299 3877 1468 3957; x_wconf 83' lang='lat' dir='ltr'><strong>particeps</strong></span> <span class='ocrx_word' id='word_1_397' title='bbox 1483 3873 1539 3938; x_wconf 88' lang='lat' dir='ltr'><strong>fit:</strong></span> <span class='ocrx_word' id='word_1_398' title='bbox 1555 3891 1635 3937; x_wconf 90' lang='lat' dir='ltr'><strong>uam</strong></span> <span class='ocrx_word' id='word_1_399' title='bbox 1650 3889 1719 3935; x_wconf 88' lang='lat' dir='ltr'><strong>non</strong></span> <span class='ocrx_word' id='word_1_400' title='bbox 1735 3875 1787 3935; x_wconf 88' lang='lat' dir='ltr'><strong>est</strong></span> <span class='ocrx_word' id='word_1_401' title='bbox 1803 3872 1839 3934; x_wconf 91' lang='lat' dir='ltr'><strong>in</strong></span> 
     </span>
    </p>
   </div>
   <div class='ocr_carea' id='block_1_3' title="bbox 1089 3977 1986 4064">
    <p class='ocr_par' dir='ltr' id='par_1_4' title="bbox 1089 3977 1986 4064">
     <span class='ocr_line' id='line_1_35' title="bbox 1089 3977 1986 4064; baseline -0.011 -16"><span class='ocrx_word' id='word_1_402' title='bbox 1089 3980 1237 4064; x_wconf 78' lang='lat' dir='ltr'><strong>conjuge</strong></span> <span class='ocrx_word' id='word_1_403' title='bbox 1264 4000 1360 4064; x_wconf 71' lang='grc' dir='ltr'><strong>μυστ,</strong></span> <span class='ocrx_word' id='word_1_404' title='bbox 1386 3985 1497 4045; x_wconf 86' lang='lat' dir='ltr'><strong>totum</strong></span> <span class='ocrx_word' id='word_1_405' title='bbox 1524 3981 1560 4043; x_wconf 90' lang='lat' dir='ltr'><strong>in</strong></span> <span class='ocrx_word' id='word_1_406' title='bbox 1584 3977 1722 4057; x_wconf 78' lang='lat' dir='ltr'><strong>virgine</strong></span> <span class='ocrx_word' id='word_1_407' title='bbox 1749 3978 1836 4041; x_wconf 88' lang='lat' dir='ltr'><strong>inte·</strong></span> <span class='ocrx_word' id='word_1_408' title='bbox 1979 4035 1986 4048; x_wconf 81' lang='grc'><strong>,</strong></span> 
     </span>
    </p>
   </div>
   <div class='ocr_carea' id='block_1_4' title="bbox 1089 4089 1406 4169">
    <p class='ocr_par' dir='ltr' id='par_1_5' title="bbox 1089 4089 1406 4169">
     <span class='ocr_line' id='line_1_36' title="bbox 1089 4089 1406 4169; baseline -0.016 -16"><span class='ocrx_word' id='word_1_409' title='bbox 1089 4105 1192 4168; x_wconf 77' lang='lat' dir='ltr'><strong>grum</strong></span> <span class='ocrx_word' id='word_1_410' title='bbox 1207 4103 1330 4169; x_wconf 90' lang='lat' dir='ltr'><strong>sponso</strong></span> <span class='ocrx_word' id='word_1_411' title='bbox 1346 4089 1406 4150; x_wconf 87' lang='lat' dir='ltr'><strong>ost.</strong></span> 
     </span>
    </p>
   </div>
   <div class='ocr_carea' id='block_1_5' title="bbox 907 4295 1228 4380">
    <p class='ocr_par' dir='ltr' id='par_1_6' title="bbox 907 4295 1228 4380">
     <span class='ocr_line' id='line_1_37' title="bbox 907 4295 1228 4380; baseline -0.009 -2"><span class='ocrx_word' id='word_1_412' title='bbox 907 4299 1078 4380; x_wconf 81' lang='lat' dir='ltr'><strong>Psalmos</strong></span> <span class='ocrx_word' id='word_1_413' title='bbox 1102 4295 1228 4377; x_wconf 79' lang='lat' dir='ltr'><strong><em>XLV.</em></strong></span> 
     </span>
    </p>
   </div>
   <div class='ocr_carea' id='block_1_6' title="bbox 297 4525 1839 4938">
    <p class='ocr_par' dir='ltr' id='par_1_7' title="bbox 297 4525 1839 4831">
     <span class='ocr_line' id='line_1_38' title="bbox 340 4525 1837 4622; baseline -0.008 -20"><span class='ocrx_word' id='word_1_414' title='bbox 340 4551 371 4602; x_wconf 87' lang='grc' dir='ltr'><strong>ν.</strong></span> <span class='ocrx_word' id='word_1_415' title='bbox 387 4537 419 4603; x_wconf 94' lang='grc'><strong>2.</strong></span> <span class='ocrx_word' id='word_1_416' title='bbox 435 4532 473 4603; x_wconf 89' lang='grc' dir='ltr'>Ὁ</span> <span class='ocrx_word' id='word_1_417' title='bbox 489 4532 569 4614; x_wconf 85' lang='grc' dir='ltr'><strong>Θεὸς</strong></span> <span class='ocrx_word' id='word_1_418' title='bbox 583 4531 674 4622; x_wconf 77' lang='grc' dir='ltr'><strong>ἡμῶν</strong></span> <span class='ocrx_word' id='word_1_419' title='bbox 685 4537 857 4622; x_wconf 79' lang='grc' dir='ltr'><strong>καταφυγὴ</strong></span> <span class='ocrx_word' id='word_1_420' title='bbox 880 4534 936 4600; x_wconf 84' lang='grc' dir='ltr'><strong>καί</strong></span> <span class='ocrx_word' id='word_1_421' title='bbox 955 4531 1046 4599; x_wconf 89' lang='grc' dir='ltr'><strong>δύνα-</strong></span> <span class='ocrx_word' id='word_1_422' title='bbox 1135 4549 1168 4597; x_wconf 90' lang='grc' dir='ltr'><strong>ν.</strong></span> <span class='ocrx_word' id='word_1_423' title='bbox 1184 4533 1215 4598; x_wconf 90' lang='grc'><strong>2.</strong></span> <span class='ocrx_word' id='word_1_424' title='bbox 1231 4535 1320 4598; x_wconf 74' lang='lat' dir='ltr'><strong>Deua</strong></span> <span class='ocrx_word' id='word_1_425' title='bbox 1334 4533 1453 4611; x_wconf 72' lang='grc' dir='ltr'><strong>νοτίαν,</strong></span> <span class='ocrx_word' id='word_1_426' title='bbox 1471 4527 1640 4612; x_wconf 61' lang='lat' dir='ltr'><strong>resinam</strong></span> <span class='ocrx_word' id='word_1_427' title='bbox 1661 4527 1695 4592; x_wconf 81' lang='lat' dir='ltr'><strong>ci</strong></span> <span class='ocrx_word' id='word_1_428' title='bbox 1711 4525 1837 4592; x_wconf 75' lang='lat' dir='ltr'><strong>virtus:</strong></span> 
     </span>
     <span class='ocr_line' id='line_1_39' title="bbox 297 4630 1839 4728; baseline -0.006 -23"><span class='ocrx_word' id='word_1_429' title='bbox 297 4657 358 4728; x_wconf 78' lang='grc' dir='ltr'><strong>μις,</strong></span> <span class='ocrx_word' id='word_1_430' title='bbox 374 4639 489 4728; x_wconf 84' lang='grc' dir='ltr'><strong>βοηθός</strong></span> <span class='ocrx_word' id='word_1_431' title='bbox 504 4641 538 4708; x_wconf 84' lang='grc' dir='ltr'><strong>ἔν</strong></span> <span class='ocrx_word' id='word_1_432' title='bbox 553 4635 677 4726; x_wconf 83' lang='grc' dir='ltr'><strong>θλίψεσι</strong></span> <span class='ocrx_word' id='word_1_433' title='bbox 690 4645 760 4719; x_wconf 80' lang='grc' dir='ltr'><strong>ταῖς</strong></span> <span class='ocrx_word' id='word_1_434' title='bbox 775 4638 939 4726; x_wconf 83' lang='grc' dir='ltr'><strong>εύρούσαις</strong></span> <span class='ocrx_word' id='word_1_435' title='bbox 960 4634 1047 4726; x_wconf 73' lang='grc' dir='ltr'><strong>ἡμᾶς</strong></span> <span class='ocrx_word' id='word_1_436' title='bbox 1090 4634 1222 4720; x_wconf 64' lang='grc' dir='ltr'><strong>κόρυδοι·</strong></span> <span class='ocrx_word' id='word_1_437' title='bbox 1235 4638 1273 4703; x_wconf 78' lang='lat' dir='ltr'><strong>ia</strong></span> <span class='ocrx_word' id='word_1_438' title='bbox 1288 4634 1552 4702; x_wconf 71' lang='lat' dir='ltr'><strong>tribulationibus</strong></span> <span class='ocrx_word' id='word_1_439' title='bbox 1562 4649 1632 4718; x_wconf 69' lang='lat' dir='ltr'><strong>qao</strong></span> <span class='ocrx_word' id='word_1_440' title='bbox 1645 4630 1839 4698; x_wconf 75' lang='lat' dir='ltr'><strong>iaociaerttai</strong></span> 
     </span>
     <span class='ocr_line' id='line_1_40' title="bbox 297 4740 1275 4831; baseline -0.006 -21"><span class='ocrx_word' id='word_1_441' title='bbox 297 4745 429 4831; x_wconf 71' lang='grc' dir='ltr'><strong>σφόδρα.</strong></span> <span class='ocrx_word' id='word_1_442' title='bbox 454 4749 522 4815; x_wconf 79' lang='grc' dir='ltr'><strong>να.</strong></span> <span class='ocrx_word' id='word_1_443' title='bbox 539 4747 615 4828; x_wconf 81' lang='lat' dir='ltr'><strong>aaa,</strong></span> <span class='ocrx_word' id='word_1_444' title='bbox 631 4747 663 4812; x_wconf 82' lang='lat' dir='ltr'><strong>a.</strong></span> <span class='ocrx_word' id='word_1_445' title='bbox 1090 4759 1149 4810; x_wconf 73' lang='lat' dir='ltr'><strong>aas</strong></span> <span class='ocrx_word' id='word_1_446' title='bbox 1163 4740 1275 4807; x_wconf 68' lang='lat' dir='ltr'><strong>acmo.</strong></span> 
     </span>
    </p>

    <p class='ocr_par' dir='ltr' id='par_1_8' title="bbox 340 4838 1839 4938">
     <span class='ocr_line' id='line_1_41' title="bbox 340 4838 1839 4938; baseline -0.009 -23"><span class='ocrx_word' id='word_1_447' title='bbox 340 4849 518 4935; x_wconf 82' lang='grc' dir='ltr'><strong>Φεύγοντος</strong></span> <span class='ocrx_word' id='word_1_448' title='bbox 537 4852 598 4938; x_wconf 77' lang='grc' dir='ltr'><strong>τὴν</strong></span> <span class='ocrx_word' id='word_1_449' title='bbox 619 4844 778 4936; x_wconf 88' lang='grc' dir='ltr'><strong>πορνείαν,</strong></span> <span class='ocrx_word' id='word_1_450' title='bbox 792 4859 833 4937; x_wconf 77' lang='grc' dir='ltr'><strong>τῇ</strong></span> <span class='ocrx_word' id='word_1_451' title='bbox 857 4846 1044 4934; x_wconf 79' lang='grc' dir='ltr'><strong>σωφροσύνη</strong></span> <span class='ocrx_word' id='word_1_452' title='bbox 1133 4845 1403 4910; x_wconf 85' lang='lat' dir='ltr'><strong>Fornicationem</strong></span> <span class='ocrx_word' id='word_1_453' title='bbox 1419 4841 1638 4924; x_wconf 79' lang='lat' dir='ltr'><strong>effugientes,</strong></span> <span class='ocrx_word' id='word_1_454' title='bbox 1662 4838 1839 4918; x_wconf 77' lang='lat' dir='ltr'><strong>coniugia-</strong></span> 
     </span>
    </p>
   </div>
   <div class='ocr_carea' id='block_1_7' title="bbox 296 4943 1842 5045">
    <p class='ocr_par' dir='ltr' id='par_1_9' title="bbox 296 4943 1842 5045">
     <span class='ocr_line' id='line_1_42' title="bbox 296 4943 1842 5045; baseline -0.016 -17"><span class='ocrx_word' id='word_1_455' title='bbox 296 4955 563 5042; x_wconf 77' lang='grc' dir='ltr'><strong>προσφεύγωμιν·</strong></span> <span class='ocrx_word' id='word_1_456' title='bbox 593 4957 649 5022; x_wconf 79' lang='grc' dir='ltr'><strong>καὶ</strong></span> <span class='ocrx_word' id='word_1_457' title='bbox 686 4954 861 5045; x_wconf 69' lang='grc' dir='ltr'><strong>μαχόμενοι</strong></span> <span class='ocrx_word' id='word_1_458' title='bbox 893 4953 975 5038; x_wconf 78' lang='grc' dir='ltr'><strong>αῦτη</strong></span> <span class='ocrx_word' id='word_1_459' title='bbox 1004 4961 1045 5038; x_wconf 80' lang='grc' dir='ltr'><strong>τη</strong></span> <span class='ocrx_word' id='word_1_460' title='bbox 1090 4967 1167 5018; x_wconf 87' lang='lat' dir='ltr'><strong>mm</strong></span> <span class='ocrx_word' id='word_1_461' title='bbox 1181 4949 1225 5016; x_wconf 83' lang='lat' dir='ltr'><strong>ad</strong></span> <span class='ocrx_word' id='word_1_462' title='bbox 1239 4949 1487 5014; x_wconf 76' lang='lat' dir='ltr'><strong>castimoniam.</strong></span> <span class='ocrx_word' id='word_1_463' title='bbox 1504 4947 1567 5013; x_wconf 81' lang='lat' dir='ltr'><strong>Oui</strong></span> <span class='ocrx_word' id='word_1_464' title='bbox 1582 4947 1613 5012; x_wconf 88' lang='lat' dir='ltr'><strong>si</strong></span> <span class='ocrx_word' id='word_1_465' title='bbox 1638 4943 1842 5020; x_wconf 82' lang='lat' dir='ltr'><strong>resistimus,</strong></span> 
     </span>
    </p>
   </div>
   <div class='ocr_carea' id='block_1_8' title="bbox 332 5121 669 5193">
    <p class='ocr_par' dir='ltr' id='par_1_10' title="bbox 332 5121 669 5193">
     <span class='ocr_line' id='line_1_43' title="bbox 332 5121 669 5193; baseline -0.009 -13"><span class='ocrx_word' id='word_1_466' title='bbox 332 5121 453 5193; x_wconf 78' lang='lat' dir='ltr'><strong>Paxav,</strong></span> <span class='ocrx_word' id='word_1_467' title='bbox 465 5139 495 5180; x_wconf 78' lang='grc' dir='ltr'><strong>τ.</strong></span> <span class='ocrx_word' id='word_1_468' title='bbox 505 5122 533 5192; x_wconf 86' lang='grc'><strong>2,</strong></span> <span class='ocrx_word' id='word_1_469' title='bbox 545 5121 613 5179; x_wconf 73' lang='grc' dir='ltr'><strong>θαι.</strong></span> <span class='ocrx_word' id='word_1_470' title='bbox 627 5121 669 5177; x_wconf 74' lang='lat' dir='ltr'><strong>ll.</strong></span> 
     </span>
    </p>
   </div>
   <div class='ocr_carea' id='block_1_9' title="bbox 0 0 2015 6084">
    <p class='ocr_par' dir='ltr' id='par_1_11' title="bbox 0 0 2015 6084">
     <span class='ocr_line' id='line_1_44' title="bbox 0 0 2015 6084; baseline 0 0"><span class='ocrx_word' id='word_1_471' title='bbox 0 0 2015 6084; x_wconf 95' lang='lat' dir='ltr'><strong> </strong></span> 
     </span>
    </p>
   </div>
  </div>
 </body>
</html>
