4044 6104
319 409 384 474 384
996 407 1205 474 ORIGENES

320 547 505 636 ὁρωμένους,
522 548 671 616 ἀλλὰκαὶ
686 553 758 628 τοὺς
771 557 996 635 συνεργοῦντας
1011 550 1063 614 αθ
1107 557 1159 616 tos
1174 551 1268 631 alios,
1284 567 1407 633 eosque
1423 567 1491 615 non
1506 568 1638 632 semper
1653 550 1688 613 in
1708 549 1853 615 homini·

320 663 385 732 τοῖς
406 653 562 740 ἀοράτους
582 657 638 719 καί
656 655 786 740 ἀφανεῖς
807 653 938 739 ἐχθροὺς
953 662 1010 738 τῆς
1032 654 1063 717 ἐ·
1107 655 1172 720 bus
1184 654 1309 734 obvios3
1321 655 1378 718 sed
1387 656 1642 733 eriamaognovi
1655 654 1791 718 illorum
1804 673 1854 718 so-

320 768 383 845 μῆς
405 759 511 844 ψυχῆς
530 761 585 823 καί
607 757 775 845 πολεμίους
797 757 965 844 γινώσκω·
991 760 1063 836 τοὺς
1108 759 1394 838 cios-invisibiles,
1418 763 1582 841 quotquot
1603 775 1663 839 per
1689 757 1852 824 invidiam

320 862 455 928 πάντοτε
476 864 534 947 τὴν
549 863 582 927 ἐν
598 865 647 928 σοί
662 871 706 947 τῷ
729 861 800 946 Θεῷ
816 881 876 948 μου
897 864 1062 948 προκοπὴν
1107 880 1182 929 meo
1198 879 1282 942 erga
1304 868 1347 942 te,
1371 863 1471 941 Deus,
1494 863 1605 926 studio
1621 863 1851 934 adversantur.

319 965 609 1052 διαφθονουμένους·
621 967 669 1030 διὸ
680 965 857 1050 παρακαλῶ
874 965 928 1028 καί
942 963 1062 1049 δέομαι,
1109 965 1187 1029 Ideo
1199 981 1282 1044 rogo
1298 971 1332 1029 et
1346 967 1489 1047 postula
1506 967 1666 1046 quoniam
1683 967 1719 1029 in
1734 972 1767 1029 te
1778 984 1851 1047 spe·

321 1068 429 1154 ἐπειδῆ
445 1070 496 1133 ἐπὶ
511 1070 560 1132 σοὶ
575 1069 706 1155 ῆλπισα,
730 1066 801 1132 ἀλλ’
812 1069 871 1132 ουκ
885 1067 936 1132 ἐπί
951 1066 1063 1152 πλῆθει
1107 1073 1191 1151 ravi,
1207 1071 1346 1134 minime
1362 1087 1441 1134 vero
1457 1071 1493 1133 in
1506 1069 1727 1134 multitudine
1742 1070 1850 1148 agmi-

320 1180 465 1255 στρατοῦ,
481 1168 553 1235 οὐδὲ
568 1171 619 1235 ἐπί
634 1170 719 1255 δεξιᾷ
734 1170 789 1234 καί
805 1169 936 1256 βοηθείᾳ
954 1169 1062 1255 φίλων,
1108 1192 1200 1256 num,
1218 1191 1326 1255 neque
1343 1175 1378 1236 in
1394 1175 1533 1238 dextera
1559 1179 1620 1236 aui
1632 1175 1741 1238 tutela
1767 1175 1849 1236 ami-

320 1274 380 1340 ώπθ
395 1295 430 1340 τε
443 1283 500 1359 τῆς
515 1283 574 1359 σῆς
594 1273 745 1360 ῥωσθῆναι
766 1275 869 1354 δεξιᾶς
885 1275 923 1339 ἐκ
937 1274 1062 1340 πάντων
1107 1295 1233 1356 corum,
1250 1282 1289 1340 ut
1308 1282 1368 1342 tua
1383 1277 1520 1341 dextera
1542 1279 1586 1342 ab
1601 1277 1759 1340 omnibus
1779 1295 1851 1359 per-

318 1385 381 1443 τῶν
405 1377 578 1444 διωκόντων
601 1399 665 1464 με·
687 1379 776 1456 εἰδώς
798 1379 832 1442 δέ
859 1381 912 1442 τδν
938 1377 1063 1444 πάντων
1106 1382 1325 1460 sequentibus
1349 1398 1402 1444 me
1418 1382 1548 1462 eripiet.
1572 1385 1718 1445 cernens
1734 1387 1848 1444 eutem

318 1481 496 1547 δεινότατον
511 1482 545 1546 ἐν
559 1480 658 1566 κακίᾳ
673 1481 899 1564 δυνατώτατον,
913 1482 1006 1546 αυτὸν
1021 1480 1060 1566 δὴ
1106 1486 1258 1548 omnium
1273 1486 1509 1564 sevissimum,
1530 1487 1565 1548 in
1581 1486 1712 1550 malitia
1734 1490 1849 1567 poten-

320 1587 373 1650 τθν
389 1587 529 1670 ἀρχοντα
544 1596 600 1651 τοῦ
615 1587 726 1664 αἰῶνος
741 1586 861 1668 τούτου,
877 1586 947 1670 περὶ
961 1587 998 1650 οώ
1013 1585 1063 1650 λέ·
1105 1589 1284 1668 tissimum,
1294 1589 1405 1669 ipsum
1418 1589 1476 1668 huj
1481 1608 1520 1654 us
1527 1590 1643 1654 saecuii
1651 1590 1848 1670 principem,

306 1689 438 1754 λειιται·
450 1687 488 1756 Ὁ
500 1688 654 1768 ἀντίδικος
665 1691 750 1776 ὑμῶν
761 1690 915 1772 διάώολος,
928 1691 970 1769 ώς
981 1689 1062 1758 λέων
1106 1690 1146 1753 de
1162 1708 1229 1771 quo
1244 1691 1372 1756 dietum
1388 1698 1453 1758 est:
1481 1715 1498 1753 ι
1514 1693 1735 1757 Adversarius
1757 1695 1847 1756 sieut

320 1793 506 1879 ώρυώμενος,
524 1793 734 1879 περιέρχεται,
749 1793 853 1878 ζητῶν
875 1793 943 1860 τίνα
965 1815 1062 1859 κατα-
1106 1794 1158 1857 leo
1174 1796 1314 1873 rugiens
1335 1797 1456 1876 quaerit
1477 1813 1578 1876 quem
1602 1795 1748 1874 devorer,
1765 1817 1783 1854 υ
1812 1797 1847 1858 in

316 1919 395 1982 πιη,
421 1896 584 1982 ἐξαιρέτως
615 1900 668 1962 καί
692 1897 828 1983 μάλιστα
857 1898 1007 1984 ῥωσθῆναι
1028 1896 1061 1976 ἐξ
1105 1897 1285 1976 primiset
1309 1900 1522 1979 potissimum
1553 1899 1711 1981 deprecor
1740 1900 1782 1963 ab
1809 1915 1847 1962 eo

320 2003 417 2066 αίιτοῶ
432 2001 618 2086 παρακαλῶ,
642 2000 763 2088 μήποτε
785 2002 913 2088 ἀρπάοη
926 2002 968 2080 ώς
982 2001 1062 2067 λέων
1106 2003 1202 2084 eripi,
1215 2019 1258 2066 ne
1269 2007 1308 2067 et
1320 2003 1483 2083 {corrpiet
1493 2004 1637 2068 ααίιιιααι
1647 2019 1758 2082 aream,
1774 2001 1849 2066 dam

316 2107 375 2190 τῆν
391 2103 498 2190 ψυχήν
513 2126 582 2191 μου,
606 2108 648 2192 μῆ
665 2107 754 2184 ὄντος
776 2106 994 2192 λυτρουμένου,
1018 2107 1060 2192 μὴ
1104 2123 1194 2170 armo
1209 2107 1274 2170 erit
1287 2107 1345 2189 qui
1358 2107 1506 2186 redimat,
1536 2125 1625 2172 nemo
1640 2108 1697 2190 qui
1722 2107 1848 2172 sarm

316 2209 352 2276 δέ
372 2209 536 2288 σώζοντος·
560 2209 588 2274 εἰ
609 2212 671 2296 γὰρ
695 2212 738 2296 μῆ
762 2213 800 2275 σὺ
824 2220 987 2296 παραστῆς
1011 2231 1063 2297 μοι
1096 2209 1224 2292 sacrati
1240 2212 1306 2274 nisi
1321 2212 1412 2274 enim
1428 2215 1467 2274 tu
1481 2211 1566 2274 mihi
1581 2212 1671 2276 adsis
1682 2217 1849 2293 protector

318 2311 432 2399 βοηθὸς
448 2315 503 2378 καὶ
518 2316 633 2398 σωτὴρ,
657 2315 747 2380 οὐδὲν
762 2315 801 2381 ἀν
816 2317 851 2381 τὸ
874 2315 996 2382 κωλώον
1011 2315 1060 2400 εἴη
1106 2319 1140 2376 οι
1154 2315 1311 2394 salvator,
1334 2314 1421 2378 nihil
1436 2318 1488 2380 est
1512 2315 1602 2397 quod
1620 2315 1783 2396 impediat
1808 2335 1849 2382 ne

319 2415 538 2501 καταποθῆναι
560 2417 619 2481 ὑπὸ
641 2427 698 2482 τοῦ
719 2416 855 2501 λέοντος,
877 2429 933 2484 τοῦ
947 2417 987 2505 δῆ
1005 2419 1063 2505 μά-
1106 2416 1278 2494 deglutiat
1297 2435 1318 2479 a
1337 2419 1445 2499 leone,
1462 2421 1521 2501 qui
1538 2437 1751 2502 summopere
1778 2422 1848 2484 ani·

319 2518 412 2586 λιστα
422 2529 480 2606 τῆς
492 2521 571 2607 ἐμῆς
587 2522 693 2608 ψυχῆς
708 2525 766 2609 τὴν
778 2523 936 2588 ἀπώλειαν
953 2523 1063 2610 διψῶν-
1107 2535 1198 2582 mam
1221 2537 1331 2583 meam
1349 2522 1431 2602 sitit,
1455 2525 1635 2605 omniaque
1658 2529 1782 2605 movet,
1813 2529 1852 2590 ut

320 2645 383 2707 τος,
402 2623 560 2710 θηρεῦσαί
573 2647 607 2691 τε
618 2627 719 2712 αθτῆν
734 2629 789 2692 καί
805 2627 991 2713 ἀφαρπάσαι
1003 2638 1063 2694 ιτα-
1107 2639 1181 2685 eam
1197 2630 1343 2705 aucuper
1364 2631 1398 2689 et
1421 2628 1539 2708 rapiat.
1558 2662 1596 2672 -
1616 2629 1741 2692 Salutis
1763 2645 1847 2708 ergo

318 2749 377 2793 σαν
392 2729 578 2817 ποιουμένου
598 2729 747 2815 σπουδήν.
766 2769 807 2780 -
824 2730 983 2818 Σωτῆριος
1006 2735 1063 2819 μὲν
1106 2728 1202 2792 dator
1217 2733 1268 2792 eat
1282 2731 1456 2812 Dominus,
1477 2735 1507 2796 si
1524 2733 1660 2814 infirmi,
1672 2735 1703 2802 si
1719 2735 1770 2798 illi
1793 2735 1851 2816 qui

316 2834 372 2899 οὖν
387 2832 513 2919 Κύριος,
529 2833 557 2898 εἰ
579 2834 782 2912 ἀσθενοῦντες
804 2834 928 2902 δέονται
949 2837 1063 2923 pauori·
1106 2833 1301 2913 captivitate
1313 2839 1711 2918 tenentur‚expoaiulent
1724 2842 1761 2900 ut
1771 2837 1853 2902 libe·

316 2956 376 3020 ναι,
393 2937 422 3001 οί
438 2937 489 3000 ἐπὶ
504 2947 543 3022 τῆ
559 2935 761 3024 αἰχμαλωσίᾳ
775 2939 992 3027 κατεχόμενοι.
1107 2940 1236 3001 rentur.

360 3062 392 3105 ν.
409 3042 478 3105 4-6.
502 3039 609 3125 Κύριε,
632 3043 649 3105 δ
676 3041 755 3119 Θεός
783 3064 852 3129 μου,
879 3044 907 3109 εί
928 3045 1063 3131 ἐποίησα
1149 3042 1294 3122 Domine,
1312 3043 1402 3109 Derrr
1427 3061 1526 3124 meur,
1544 3044 1577 3109 si
1593 3043 1668 3126 feci
1691 3045 1789 3125 istud,
1816 3047 1848 3111 ri

316 3153 419 3224 τοῦτο,
437 3146 464 3208 εί
486 3145 570 3212 ἐστιν
592 3143 701 3210 ἀδικία
721 3145 755 3212 ἐν
777 3145 869 3232 χερσί
883 3169 952 3234 μου,
968 3150 996 3214 εί
1010 3150 1063 3214 ἀν-
1104 3145 1323 3228 οσίίιιίριιίίαε
1339 3149 1376 3211 ia
1393 3147 1541 3212 mnibus
1555 3150 1645 3227 reris,
1670 3150 1703 3212 ri
1721 3149 1847 3214 reddidi

316 3246 488 3315 ταπέδωκα
506 3257 570 3327 τοίς
581 3249 820 3315 ἀνταποδιδοῶσί
838 3273 889 3337 μοι
907 3255 1004 3334 κακά,
1028 3252 1062 3316 ἀ·
1105 3249 1307 3315 reddentibus
1316 3253 1398 3317 milri
1409 3253 1507 3332 maia,
1527 3251 1669 3318 decadam
1683 3255 1797 3319 memo
1810 3253 1850 3318 αθ

317 3350 484 3438 ποπέσοιμι
506 3354 569 3438 ἀρα
585 3353 647 3418 ἀπὸ
670 3363 731 3418 τῶν
750 3354 871 3440 ἐχθρῶν
887 3375 946 3440 μου
960 3353 1061 3432 κενός.
1105 3353 1249 3420 inimices
1262 3357 1343 3421 meir
1357 3355 1477 3420 ἐκοπία.
1504 3357 1721 3440 Perseqratar
1743 3359 1852 3422 iuimi-

315 3454 518 3535 Καταδιώξαι
538 3458 602 3541 ἀρα
623 3456 768 3542 θέχθρὸς
790 3460 849 3542 τῆν
873 3456 979 3544 ψυχήν
991 3479 1060 3543 μου,
1105 3472 1162 3521 car
1182 3459 1325 3523 ιιιιιίιιανι
1346 3476 1472 3538 rreum,
1501 3463 1533 3523 rt
1554 3459 1794 3541 comprehendar
1821 3467 1853 3526 rt

315 3560 370 3623 καί
380 3557 555 3624 καταλάώοι
567 3562 622 3624 καί
635 3559 860 3646 καταπατῆσαι
872 3563 916 3640 είς
927 3570 989 3648 γῆν
1003 3564 1062 3647 τῆν
1105 3562 1264 3628 emulcet
1287 3563 1325 3626 irr
1354 3567 1443 3626 terra
1464 3564 1566 3628 eitam
1587 3581 1699 3643 meam,
1728 3569 1760 3630 rt
1784 3565 1851 3647 ρίο-

314 3661 400 3746 ζωῆν
424 3683 493 3748 μου,
509 3664 564 3728 καί
586 3666 644 3748 τῆν
667 3663 760 3744 δόξαν
777 3685 835 3749 μου
851 3665 895 3742 εἰς
910 3675 989 3751 χοῶν
1004 3685 1061 3729 κα·
1104 3665 1192 3728 mam
1206 3683 1310 3730 meam
1325 3665 1539 3747 impulsorem
1553 3667 1694 3733 ἀσώαεαί.

315 3766 529 3851 τασκηνώσαι.

358 3865 518 3948 Ἕκαστος
546 3881 607 3937 τῶν
629 3871 726 3956 ἀγίων
751 3874 805 3936 καί
826 3871 985 3957 διορθῶν
1010 3872 1063 3938 ἀν-
1155 3875 1356 3936 Sanctorum
1382 3873 1527 3954 quisque
1549 3877 1584 3936 et
1616 3875 1765 3938 virorum
1791 3877 1852 3938 Dei

314 3974 395 4058 δρῶν
410 3973 469 4038 οὐκ
483 3973 534 4038 ἐπί
546 3983 612 4052 τοῖς
627 3976 743 4056 αὐτοῖς,
756 3973 826 4039 ἀλλ’
838 3976 888 4040 ἐπὶ
903 3975 1061 4060 διαφόροις
1106 3977 1296 4041 amicorum
1323 3977 1577 4040 commendatus
1600 3981 1667 4056 est,
1689 3995 1756 4042 non
1779 3995 1854 4060 pro-

315 4075 554 4163 ιιατορθώμασιν
588 4078 848 4163 μεμαρτύρηται·
879 4079 975 4165 σοφίᾳ
1005 4080 1061 4166 μὲν
1105 4087 1180 4164 pier
1200 4083 1345 4144 virtutes
1365 4081 1509 4161 easdem,
1537 4081 1595 4144 sed
1624 4083 1666 4146 ob
1689 4084 1854 4165 multipli-

316 4184 377 4267 γὰρ
389 4179 544 4267 διέλαμψε
555 4181 723 4268 Σολωμῶν,
739 4183 924 4268 σωφροσύνη
940 4183 1060 4269 διέπρε-
1104 4189 1158 4251 eia
1180 4188 1346 4252 virtutum
1373 4188 1539 4268 exempla.
1568 4189 1739 4268 Sapientia
1761 4189 1852 4252 enim

276 4361 280 4368 ,
316 4285 376 4370 ψεν
398 4283 534 4371 Ἰωσῆφ,
557 4283 629 4352 ‘les
655 4285 690 4352 ἐν
711 4287 853 4372 ὑπομονῇ
876 4287 984 4352 δεινῶν
1006 4290 1061 4352 καὶ
1105 4291 1233 4356 effulsit
1254 4293 1420 4372 Salomon,
1451 4293 1606 4355 castitate
1632 4292 1779 4371 insignis
1798 4294 1854 4356 ,λυ

315 4387 466 4475 καρτερίᾳ
491 4389 645 4475 διαφανὴς
667 4389 807 4477 γέγονεν.
831 4387 977 4478 Ἀδραάμ
996 4392 1060 4457 ἐπί-
1104 4395 1197 4476 seph,
1212 4397 1234 4458 J
1236 4395 1277 4458 ob
1292 4395 1456 4476 patientia
1471 4399 1505 4458 et
1520 4395 1718 4460 fortitudine
1733 4397 1769 4459 in
1795 4396 1853 4459 ad·

313 4514 443 4560 στευσεν
457 4501 501 4579 τῷ
524 4492 605 4580 Θεῷ,
620 4497 675 4559 καί
694 4493 843 4580 ἐλογίσθη
860 4497 944 4582 αὐτῷ
959 4497 1003 4575 είς
1018 4498 1061 4561 δι-
1104 4499 1211 4562 versis
1230 4499 1411 4580 praelarus
1433 4498 1499 4562 fuit
1522 4498 1725 4562 «Abraham
1747 4499 1852 4564 credi-

314 4597 502 4681 καιοσώνην·
518 4596 655 4684 Μωυσῆς
669 4607 771 4683 πρᾶος
783 4599 825 4685 ῆν
839 4602 928 4684 παρά
941 4602 1061 4680 πάντας
1104 4602 1155 4665 dir
1183 4605 1252 4667 Deo
1268 4608 1302 4666 et
1323 4607 1518 4684 reputatum
1533 4607 1584 4666 est
1606 4604 1657 4666 iili
1680 4603 1722 4666 ad
1748 4603 1847 4684 justi·

314 4703 388 4779 τοὺς
411 4699 592 4785 ἀνθρώπους
613 4705 686 4781 τοὺς
708 4704 800 4782 ὄντας
823 4704 875 4769 ἐπί
900 4714 956 4790 τῆς
979 4714 1060 4791 γῆς·
1104 4709 1198 4770 tiam.
1215 4727 1233 4765 ν
1251 4709 1379 4789 Moyses
1399 4728 1415 4766 ι
1432 4707 1525 4770 mitis
1551 4711 1624 4770 erat
1646 4725 1714 4789 prae
1743 4710 1849 4772 omni·

313 4808 396 4872 οώτω
419 4805 447 4870 δ’
458 4805 497 4870 ἀν
513 4805 609 4882 εἴποις
631 4808 772 4884 καὶτοὺς
796 4807 922 4886 λοιποὸς
941 4809 1060 4887 πάντας
1104 4812 1168 4876 bus
1180 4812 1374 4875 hominibus
1390 4811 1449 4892 qui
1462 4816 1667 4892 erantsuper
1677 4816 1812 4876 terram.
1829 4836 1847 4872 ν

316 4911 432 4996 ἀρετῆς
454 4911 488 4976 ἐν
505 4908 591 4994 μέρει
613 4911 859 5000 μετεσχηκέναι·
892 4913 1005 5000 ὁμοίως
1027 4935 1060 4980 τε
1106 4921 1157 4981 Ita
1190 4917 1315 4981 dixeris
1347 4920 1380 4980 et
1409 4920 1545 4980 aaeteros
1580 4933 1694 4981 omnes
1724 4916 1849 4982 virtute

348 5117 376 5158 ν.
397 5100 423 5156 4.
441 5099 467 5156 θ.
481 5099 567 5158 Varie
588 5097 630 5160 1⁸.
652 5099 726 5159 Gerr.
740 5101 827 5168 ιηώ
849 5103 934 5159 Num.
957 5121 1009 5176 ιιι,
1034 5106 1058 5162 5.
1104 5105 1210 5163 Matri.
1225 5121 1267 5165 ιι.
1281 5105 1322 5160 16.
