3966 6108
292 415 356 478 476
953 425 1168 490 ORIGENES

293 558 378 644 ᾠδης
392 568 438 644 τῷ
452 558 557 626 Δαυὶδι
575 557 640 625 Καὶ
653 561 733 648 αῦτη
749 559 784 626 δὲ
803 571 867 641 ταῖς
882 560 1040 647 Ἐθραίοις
1085 567 1177 630 mine
1215 567 1284 629 Deo
1322 565 1390 645 dat,
1425 565 1635 649 dedicatque.
1679 567 1839 630 Inseribit

291 659 490 750 ἠέπιγραφὴ
508 663 567 728 οὐκ
581 665 655 729 έστι.
1086 670 1194 732 euim:
1222 671 1310 736 taus
1331 670 1451 735 remisi
1477 669 1610 751 Doridi,
1629 672 1689 753 qui
1714 671 1837 735 titulus

1085 773 1176 854 apud
1191 776 1348 838 Hebraeos
1364 792 1431 838 non
1453 780 1572 838 exstat.

335 867 550 955 Προκαλεῖται
563 875 625 959 γάρ
641 876 713 952 τοὺς
731 874 937 953 ἀκούονταςθ
961 873 1041 959 ψαλ-
1129 879 1266 942 Etenim
1292 880 1444 960 psalmus
1474 879 1646 944 auditores
1680 881 1839 960 provocat

289 976 348 1058 μδς
370 975 415 1053 είς
438 977 600 1043 κοινωνίαν
624 976 880 1064 ἀγαλλιάματος,
910 980 967 1045 καῖ
997 979 1041 1057 είς
1085 980 1128 1045 ad
1144 999 1324 1046 commune
1342 983 1531 1066 tripudium
1547 988 1581 1047 et
1596 981 1839 1064 triumphalem

288 1077 475 1165 ἀλαλαγμὸν
490 1081 652 1148 ἐπινίκιον·
666 1079 721 1146 καί
736 1103 822 1160 τινας
837 1086 916 1167 πρὸς
933 1093 977 1170 τῷ
992 1082 1041 1148 τέ-
1086 1086 1288 1166 elamorem3
1302 1089 1336 1150 et
1347 1087 1382 1149 in
1398 1085 1466 1149 fine
1482 1086 1645 1168 quasdam
1661 1087 1841 1150 vehemen-

288 1181 338 1246 λει
352 1183 649 1270 καταφορικωτέρας
673 1185 806 1264 ἀπειλάς
822 1187 907 1252 κατά
928 1195 990 1252 τῶν
1006 1186 1041 1251 ἀ-
1086 1189 1188 1253 θύοιτο
1205 1189 1316 1254 mines
1332 1191 1479 1252 intentat
1493 1188 1656 1254 adversus
1682 1187 1840 1252 ineredu-

289 1287 482 1355 πιστούντων
504 1291 582 1375 ἔχει,
598 1299 661 1357 τῶν
684 1293 743 1378 τὴν
766 1291 867 1376 αύτην
889 1289 1042 1370 έπιδειξα-
1086 1293 1148 1372 los,
1165 1293 1225 1373 qui
1240 1293 1554 1373 perversamanimi
1568 1293 1840 1356 saisententiam

289 1389 391 1475 μένων
408 1391 590 1478 κακόνοιαν,
612 1396 646 1460 ἔν
665 1417 699 1460 τε
718 1403 783 1474 τοῖς
803 1396 1042 1480 τεσσαράκοντα
1086 1399 1341 1476 prompserunt:
1357 1402 1431 1459 tum
1448 1397 1484 1458 in
1500 1395 1730 1476 qnadraginta
1741 1397 1841 1459 annis

289 1497 375 1561 ἔτεσι
395 1505 453 1583 τῆς
474 1498 510 1563 ἒν
532 1497 641 1585 ἐρήμῳ
662 1499 832 1586 διαγωγῆς,
855 1501 890 1566 έν
915 1503 961 1579 οῖς
987 1503 1042 1568 τὸν
1085 1503 1230 1578 peraeta
1238 1501 1273 1562 in
1281 1498 1413 1562 deserto
1425 1499 1619 1580 mansionis,
1632 1500 1768 1580 quando
1780 1500 1838 1563 be·

288 1599 459 1687 εὐεργέτην
475 1603 679 1690 παρῴξυναν·
700 1607 755 1670 καὶ
768 1606 848 1692 μετά
862 1615 972 1689 ταῦτα,
989 1606 1041 1670 ύτε
1086 1601 1290 1666 neiaetorem
1300 1603 1605 1683 exacerbaverunt5
1622 1609 1656 1666 et
1667 1607 1744 1685 poet
1755 1604 1839 1685 haee,

288 1707 349 1791 τὴν
364 1705 508 1774 δοθεῖσαν
530 1705 605 1794 ἡμῖν
620 1709 672 1774 διά
694 1719 750 1774 τοῦ
774 1709 960 1796 εὐαγγελίου
982 1731 1040 1775 κα-
1086 1705 1221 1786 quando
1238 1705 1352 1770 datam
1372 1708 1440 1772 illis
1459 1725 1520 1789 per
1537 1709 1757 1786 evangelium
1780 1725 1838 1772 ve-

293 1808 449 1876 τάπσυσιν
474 1819 532 1897 της
555 1812 711 1899 ἁμαρτίας
737 1812 774 1878 ού
796 1813 1041 1899 προσεδέξαντο,
1086 1812 1363 1892 niamapeeoatis
1378 1830 1445 1876 non
1462 1819 1672 1894 receperunt,
1681 1814 1753 1894 ipso
1765 1814 1837 1877 illis

290 1914 337 1990 οῖς
355 1913 428 2000 έξην
443 1915 486 1994 εἰς
502 1918 538 1980 τὸ
555 1915 693 2003 σήμερον
708 1917 912 2000 εἰσελθόντος,
934 1921 989 1984 καὶ
1003 1920 1043 1985 ἐκ
1086 1931 1185 1996 porro
1200 1915 1308 1980 iuhoe
1319 1915 1418 1980 hodie
1431 1917 1643 1998 adveniente,
1653 1918 1841 1982 etabaeter-

291 2027 349 2104 της
364 2019 551 2105 προαιωνίου
562 2023 618 2086 καῖ
630 2021 730 2087 ἀιδίου
743 2022 986 2109 μεγαλειότητος
998 2026 1042 2103 είς
1087 2020 1365 2086 uaetimmortali
1378 2020 1616 2100 magnitudine
1630 2022 1843 2103 intempora-

289 2125 442 2208 χρονικὴν
456 2121 578 2212 γένεσιν
589 2124 786 2204 καταδύντος
802 2125 922 2206 ἀνοῖξαι
935 2129 1042 2205 αῦτοῖς
1086 2141 1185 2188 neam
1213 2125 1428 2188 nativitatem
1452 2126 1688 2205 descendente,
1708 2131 1748 2189 ut
1770 2127 1842 2190 illis

291 2227 352 2311 την
365 2227 487 2292 εῖσοδον
503 2237 559 2314 της
574 2227 791 2308 ἀναπαύσεως.
806 2228 911 2296 Ἀλλά
924 2232 969 2308 εἰς
983 2233 1042 2318 την
1086 2231 1233 2310 aperiret
1256 2229 1383 2310 quietis
1399 2230 1586 2293 introitum.
1612 2230 1675 2294 Sed
1703 2228 1840 2293 errandi

292 2327 428 2414 πλάνην,
450 2333 506 2396 καῖ
530 2333 589 2418 τὴν
614 2331 759 2400 ἀπιστίαν
781 2334 898 2420 ὁδηγὸν
923 2335 1043 2403 ἑαυτῶν
1087 2333 1210 2412 gratia,
1234 2332 1355 2396 dueem
1381 2333 1447 2396 sibi
1471 2332 1708 2397 infidelitatem
1724 2331 1843 2415 praefe·
1979 2369 1980 2388 τ

291 2433 552 2522 mesanum,
574 2438 609 2502 έν
630 2459 665 2502 τε
687 2447 752 2516 τοῖς
775 2437 908 2523 πρύτοις
930 2440 985 2504 καὶ
1008 2439 1042 2506 ἐν
1087 2436 1649 2518 rentee,tuminhaeprimaaetote
1662 2442 1696 2500 et
1710 2438 1747 2500 in
1761 2454 1839 2501 suo-

292 2547 357 2618 τοῖς
373 2542 453 2625 μετά
467 2550 569 2606 ταῦτα
590 2542 726 2627 χρόνοις,
742 2543 826 2627 δρκιρ
842 2551 900 2628 τῆς
918 2541 1042 2610 εἰσόδου
1087 2540 1285 2604 cedentibus
1311 2540 1531 2624 temporibus,
1558 2543 1619 2605 Dei
1643 2540 1841 2621 juramento

292 2652 351 2728 της
365 2646 410 2724 εἰς
423 2646 483 2732 την
498 2644 698 2713 κατάπαυσιν
708 2655 765 2712 τοῦ
780 2645 864 2714 Θεοῦ
876 2647 1043 2714 ἀπεκλείσ-
1086 2644 1130 2708 ab
1146 2646 1306 2724 ingressu
1322 2646 1358 2708 in
1375 2647 1528 2726 requiem
1543 2647 1673 2710 exclusi
1688 2645 1840 2710 fuerunt.

291 2747 403 2834 θησαν.
419 2747 493 2828 Πῶς
514 2751 576 2836 γάρ
591 2750 631 2815 δν
654 2748 822 2817 είσέλθσιεν
844 2753 888 2828 είς
903 2753 962 2838 την
984 2773 1042 2817 κα·
1087 2749 1257 2826 Quomodo
1273 2751 1364 2812 enim
1380 2751 1510 2831 possint
1522 2752 1556 2814 in
1570 2751 1721 2832 quietem
1733 2751 1840 2813 intro-

290 2852 447 2919 τάπαυσιν
462 2853 493 2918 οἱ
508 2852 657 2934 έκουσίως
674 2854 804 2932 ἑαυτούς
825 2853 971 2940 εῦλογίας
987 2855 1042 2920 ἀλ-
1086 2853 1175 2936 duci,
1199 2855 1259 2936 qui
1286 2860 1404 2934 sponte
1429 2872 1492 2917 sua
1513 2872 1549 2917 se
1569 2852 1840 2917 abenediotione

289 2956 534 3042 λοτριύσαντεςς
549 2957 707 3025 Ἐνταῦθα
720 2957 824 3044 τοίνυν
839 2958 930 3026 ὁτῶν
943 2957 1041 3044 ἁγίων
1086 2959 1214 3022 alienos
1230 2958 1406 3022 feceruut?
1417 2959 1480 3020 Hie
1494 2959 1631 3021 interim
1643 2961 1841 3021 sanctorum

290 3064 397 3146 χορὸς,
413 3063 468 3125 καὶ
489 3064 562 3141 τοὺς
578 3061 715 3141 ἀπειθεῖς
737 3073 792 3127 τοῦ
813 3062 946 3149 Ἰσραὴλ
967 3085 1042 3149 προ-
1085 3063 1317 3126 ohorusetiam
1331 3061 1521 3126 incredulos
1533 3063 1668 3126 Israelis
1680 3061 1839 3125 hortatur

290 3163 439 3249 τρέπεται
453 3165 506 3230 ἐπὶ
520 3168 577 3252 τὴν
592 3165 644 3230 διά
659 3165 798 3251 Χριστοῦ
813 3165 971 3254 σωτηρίαν
991 3168 1041 3235 έλ·
1085 3167 1128 3230 ad
1147 3167 1296 3229 eundum
1317 3167 1352 3229 in
1370 3168 1516 3230 salutem
1528 3183 1589 3246 per
1609 3166 1794 3244 Christum,
1808 3181 1843 3227 o-

291 3269 366 3351 θεῐν,
382 3269 503 3348 δεικνύς
519 3269 560 3348 ὡς
576 3270 797 3354 ἐπακούσεται,
811 3273 839 3337 εί
853 3272 1040 3358 προσπέσοι·
1086 3272 1247 3336 stendens
1264 3288 1320 3335 eos
1334 3271 1565 3335 exaudiendos
1580 3289 1663 3351 esse,
1682 3271 1713 3335 si
1727 3289 1843 3334 eoram

287 3395 323 3442 εν
346 3376 449 3460 αύτῷ,
475 3376 533 3440 άτε
555 3377 649 3453 αύτδς
684 3375 727 3440 ὢν
753 3379 898 3462 ποιητὴς,
926 3381 982 3444 καῖ
1003 3380 1039 3443 τθ
1085 3393 1125 3440 eo
1146 3377 1399 3459 procubuerint,
1417 3380 1533 3457 utpote
1556 3375 1616 3456 qui
1638 3379 1770 3438 creator
1790 3381 1843 3439 est

287 3477 366 3543 ίδιον
381 3479 475 3563 ἔργον
489 3477 631 3565 άγαπῦν·
649 3477 828 3565 εἰσφέρεται
838 3482 874 3548 δὲ
886 3483 966 3568 μετά
980 3485 1039 3569 τὴν
1084 3499 1124 3544 ae
1149 3481 1267 3559 diligit
1288 3497 1373 3563 opus
1396 3497 1508 3545 snum.
1540 3482 1688 3560 Postque
1711 3483 1844 3543 saneto-

287 3591 351 3648 τῶν
376 3581 474 3669 άγίων
495 3583 679 3670 παραίνεσιν
703 3587 758 3651 καὶ
777 3586 874 3652 αύτοῦ
896 3585 1040 3675 Πνεῦμα
1084 3605 1160 3650 rum
1180 3587 1459 3666 exhortationem,
1479 3585 1712 3649 introducitur
1730 3601 1843 3666 perso·

287 3709 341 3766 τος
367 3689 403 3752 τὸ
432 3687 610 3774 πρόσωπον,
637 3699 703 3769 τοῖς
730 3690 873 3756 ἀπειθέοι
898 3713 1039 3778 παρακε-
1084 3709 1129 3754 na
1148 3692 1298 3773 Spiritus
1323 3691 1441 3772 ipsine,
1457 3671 1517 3771 qui
1533 3689 1668 3753 eredere
1684 3691 1842 3767 neganti·

284 3790 465 3877 λευάμενον,
489 3794 532 3879 μὴ
548 3795 607 3880 τὴν
627 3803 690 3862 τῶν
710 3793 856 3881 πατέριον
879 3796 1039 3882 μιμεῖσθαι
1084 3796 1148 3860 bus
1160 3797 1325 3878 praecipit,
1339 3813 1381 3859 ne
1393 3801 1530 3877 patrum
1543 3811 1683 3858 suorum
1696 3792 1842 3858 infideli·

286 3893 446 3962 ἀπιστίαν.
1083 3905 1189 3964 tatem
1205 3901 1393 3964 imitentur.

329 3999 424 4065 Ἐστι
437 4000 473 4065 δέ
491 4004 546 4067 καῖ
561 4001 684 4088 ἱστορία
704 4005 833 4090 τοιαύτη
850 4013 895 4092 τῷ
911 4005 1036 4093 ψαλμῷ.
1127 4006 1189 4068 Est
1215 4007 1317 4068 etiem
1345 4004 1487 4067 historia
1506 4003 1636 4085 psalmo
1663 4005 1840 4066 consenta-

283 4101 408 4181 Ἰωσίας
423 4105 440 4168 δ
455 4104 603 4192 βασιλεὺς
618 4109 733 4196 κομιδὴ
745 4107 877 4196 γέγονεν
893 4109 1036 4196 εύσεθής.
1085 4127 1159 4173 nea
1176 4110 1288 4173 Josias
1304 4127 1364 4172 rex
1382 4107 1567 4172 admodum
1582 4107 1661 4189 pius
1677 4107 1759 4187 iuit3
1778 4107 1839 4187 qui

286 4205 387 4286 Ούτος
400 4207 602 4296 θεασάμενος
613 4220 668 4278 τοῦ
679 4212 759 4278 λαοῦ
771 4216 806 4277 τὸ
818 4213 967 4280 πλεῖστον
978 4216 1037 4301 τὴν
1083 4229 1189 4297 quum
1212 4212 1354 4276 vidisset
1379 4211 1541 4293 majorem
1564 4212 1682 4293 populi
1709 4215 1838 4274 oretum

287 4319 349 4376 των
362 4312 499 4381 είδύλων
511 4313 738 4401 ἀσπασάμενον
748 4315 1037 4403 θεραπείαν,προσ-
1082 4319 1343 4383 simulacrorum
1351 4320 1546 4399 amplexum
1558 4317 1663 4381 fuisse
1675 4316 1839 4398 supersti-

285 4413 379 4495 έταξε
399 4417 455 4502 μέν
478 4418 622 4498 άπαντας
643 4429 891 4506 κατασφαγῆναι
912 4429 974 4489 roa
996 4423 1038 4488 εί·
1082 4423 1221 4501 tionem,
1233 4419 1338 4501 jussit
1356 4427 1390 4485 et
1405 4439 1522 4485 omues
1545 4420 1713 4484 idolorum
1728 4438 1840 4484 saeer-

284 4518 395 4586 δύλων
411 4523 484 4600 τοὺς
498 4520 613 4608 ἱερέας,
636 4527 710 4602 τσὺς
726 4523 761 4588 δὲ
779 4524 898 4592 τούτων
914 4525 1037 4614 βωμούς
1083 4529 1178 4591 dotes
1193 4525 1368 4606 trucidari,
1384 4532 1418 4589 et
1434 4526 1630 4590 eorumdem
1645 4543 1722 4589 aras
1748 4525 1841 4589 radi-

287 4623 326 4689 έκ
341 4623 464 4711 βάθρων
485 4625 737 4713 ἀνασπασθηναι,
761 4637 823 4695 τῶν
838 4631 874 4697 δὲ
895 4630 1038 4696 τετελευ-
1082 4633 1171 4695 uitus
1182 4630 1338 4709 convelli,
1351 4635 1386 4694 et
1401 4634 1612 4694 mortuorum
1621 4629 1837 4694 sacerdotum

287 4728 431 4814 τηκάτων
452 4729 560 4816 ἱερέων
582 4731 736 4817 ἀνορύξας
757 4736 830 4811 τούς
851 4733 1039 4819 τάφους,τά
1084 4736 1245 4801 effodiens
1261 4738 1429 4818 sepulcra,
1445 4752 1565 4799 eorum
1591 4751 1667 4798 ossa
1691 4735 1728 4798 in
1754 4735 1838 4815 ipsis

285 4833 406 4899 τούτων
421 4834 500 4899 δστα
514 4833 711 4902 κατέκαυσεν
726 4837 760 4903 έν
775 4837 880 4916 αὐτοῖς
895 4847 961 4916 τοῖς
975 4848 1038 4905 των
1083 4841 1275 4905 demonum
1286 4840 1355 4903 aris
1364 4839 1559 4902 combussit.
1572 4839 1702 4902 Deinde
1714 4855 1838 4902 eonve-

284 4937 441 5024 δαιμύνων
467 4937 593 5026 βωμοῖς.
620 4939 702 5008 Εἶτα
726 4943 780 5008 τὸν
805 4941 884 5009 λαδν
910 4943 1038 5008 ἅπαντα
1082 4950 1196 5010 catum
1212 4945 1413 5009 universum
1424 4944 1589 5026 populum
1612 4941 1840 5007 commonefe-

284 5041 502 5129 συναθροίσας,
510 5044 720 5132 μεταμέλειαν
731 5044 913 5134 χρήσασθαι
924 5067 1037 5132 καραι-
1083 5049 1131 5114 eit
1150 5054 1189 5113 ut
1215 5048 1454 5129 poeniteutiam
1474 5051 1628 5127 agerent,
1651 5051 1841 5130 placarent-
