4020 6098
810 444 853 507 IN
875 444 1061 508 PSALMOS

789 707 958 785 Psalmis
984 703 1096 784 OIX.

208 952 240 997 v.
258 933 322 998 1-6.
346 929 445 998 Είπεν
467 931 484 998 ὁ
506 930 623 1018 Κύριος
645 941 689 1020 τῷ
704 931 811 1019 Κυρίμ
835 954 913 1021 μου·
1003 954 1035 999 ν.
1051 938 1114 1000 1-6.
1128 934 1226 1000 Discit
1239 933 1400 1000 Dominus
1411 931 1544 996 Domino
1555 949 1639 998 meo:
1655 933 1710 999 Se·

160 1035 272 1104 Κάθου
287 1038 326 1103 ἐκ
348 1037 455 1118 δεξιῶν
479 1061 548 1125 μου,
565 1039 624 1117 ἕως
640 1040 678 1106 ἂν
698 1040 749 1104 θῶ
772 1042 845 1119 τοὺς
861 1039 914 1126 ἐχ·
957 1038 1030 1104 deb
1045 1038 1170 1104 ιίιαίνίσ
1192 1037 1282 1117 meu,
1308 1035 1403 1101 άυιισο
1418 1053 1539 1116 putam
1560 1037 1710 1100 inimicos

162 1142 254 1227 δροθς
265 1164 321 1207 σου
334 1141 503 1208 θποπάδιον
515 1151 575 1207 τῶν
590 1143 695 1208 ποδῶν
708 1164 774 1208 σου.
788 1140 914 1208 :Pte
959 1145 1030 1205 letos
1056 1139 1228 1206 scabellum
1250 1138 1370 1221 pedem
1399 1141 1537 1203 tiorum.
1578 1140 1708 1221 Virqam

163 1247 217 1312 δον
243 1243 404 1331 δυνάμεως
430 1244 638 1326 ἒξοιποσιελεϊ
660 1267 711 1310 σοι
736 1243 852 1331 Κύριος
875 1245 914 1310 ἐκ
956 1245 1093 1310 uirtutis
1109 1249 1170 1309 lue
1183 1244 1307 1308 emittet
1321 1243 1381 1306 libi
1394 1243 1553 1307 Dominus
1567 1242 1707 1307 ααιθὶοκ.

163 1349 255 1433 Σιὼν,
269 1347 476 1434 κατακυρίευε
492 1351 526 1415 ἐν
538 1349 624 1437 μέσῳ
636 1359 697 1414 τῶν
712 1349 833 1436 ἐχθρῶν
845 1369 913 1414 σου.
958 1349 1134 1412 Ιλυιιιικανι
1155 1349 1193 1412 iu
1214 1347 1314 1411 mlo
1339 1347 1547 1412 inimicorum
1568 1351 1708 1411 ίαυνιιιιι.

166 1492 208 1504 -
224 1453 315 1519 Μετά
330 1462 388 1518 σου
403 1451 424 1536 ἡ
442 1454 527 1540 άρχὴ
543 1452 578 1518 ἐν
591 1450 697 1540 ἡμέρᾳ
710 1462 768 1539 της
784 1453 914 1539 δυνάμε-
960 1456 1076 1520 Τοαιιιι
1092 1452 1295 1534 ριάααράαιιι
1309 1452 1346 1515 iu
1364 1451 1416 1515 lie
1437 1450 1574 1515 uirtutis
1597 1453 1658 1514 lue
1672 1451 1710 1514 ιἰι

164 1555 206 1635 ὠς
221 1578 289 1640 σου,
305 1559 339 1622 ἐν
351 1567 415 1636 τοῖς
430 1556 630 1644 λαμπρότησι
644 1566 705 1623 τῶν
730 1556 827 1644 άγίυν
845 1577 912 1642 σου,
958 1554 1180 1636 splendoribus
1194 1558 1378 1621 selectorum
1392 1559 1531 1618 luorum.
1554 1555 1606 1618 Εο
1619 1557 1710 1618 utero

164 1659 203 1725 ίκ
224 1662 360 1746 γαστρὸς
377 1663 436 1746 πρὸ
452 1660 613 1747 ἐυσρόρου
636 1659 793 1746 ἐγέννησά
809 1682 854 1725 σε.
871 1698 913 1709 -
960 1665 1034 1726 aule
1057 1659 1235 1742 lucifluum
1254 1659 1353 1741 ρεκκί
1374 1662 1413 1723 le.
1444 1657 1578 1722 Iurabit
1600 1657 1709 1721 Domi·

164 1757 286 1851 Ὥμοσε
308 1763 436 1850 Κύριος,
459 1767 514 1830 καί
536 1767 573 1830 oi
601 1764 914 1852 μεταμεληθήσεται·
959 1783 1033 1845 ulls,
1051 1769 1158 1830 είιιυιι
1167 1764 1335 1846 penitebit
1348 1781 1437 1828 eum:
1455 1766 1506 1827 Τιι
1516 1780 1551 1828 αι
1562 1763 1710 1828 καταντίον

159 1857 211 1932 'ut
234 1868 334 1953 ἱερεὺς
357 1870 401 1947 εἰς
423 1871 477 1934 τὸν
500 1871 608 1952 αἰῶνα,
636 1872 722 1935 κατὰ
743 1872 802 1956 τὴν
828 1868 914 1949 τάξιν
959 1872 997 1935 iu
1019 1874 1171 1934 eternum
1192 1869 1366 1934 scutellum
1380 1867 1525 1933 ordinem
1543 1866 1710 1933 Melchise-

167 1969 376 2057 Μελχισεδέκ
394 2011 435 2021 -
451 1971 568 2058 Κύριος
590 1974 630 2038 ἐκ
651 1973 758 2054 δεξιῶν
781 1995 849 2055 σου,
865 1995 918 2039 συ-
960 1972 1045 2039 decl.
1061 1974 1220 2038 Dominus
1235 1990 1257 2038 α
1270 1972 1391 2037 bellis
1406 1973 1485 2038 luis:
1500 1971 1661 2054 confreqit
1675 1971 1712 2034 ιἰι

164 2073 297 2141 νὲθλασε
312 2075 346 2140 ἐν
361 2073 468 2162 ἡμέρᾳ
482 2077 579 2163 ὀργῆς
595 2079 690 2142 αὐτοῦ
707 2076 854 2166 βασιλεῖς.
872 2115 913 2126 -
960 2075 1012 2142 lie
1026 2078 1085 2140 irre
1111 2093 1176 2142 τινα
1202 2093 1302 2162 reyes.
1325 2075 1490 2142 Iudicabit
1510 2077 1548 2139 in
1572 2073 1712 2139 ustioni·

165 2176 278 2264 Κρινεῖ
297 2178 331 2244 ἐν
346 2187 410 2255 τοῖς
433 2177 544 2264 ἔθνεσι,
567 2180 728 2266 πληρώσει
750 2179 914 2267 πτώματα,
960 2181 1027 2261 bue,
1047 2181 1193 2262 implebit
1213 2181 1341 2260 retinas,
1360 2177 1584 2261 emiquesselll
1605 2178 1713 2259 eapite

165 2281 332 2348 συνθλάσει
347 2282 490 2367 κεφαλάς
505 2281 556 2348 ἐπὶ
570 2294 631 2370 γης
645 2283 781 2350 πολλῶν.
960 2286 1103 2350 iuberet
1118 2283 1305 2348 mellonem.

161 2375 164 2382 ¹
210 2385 326 2471 Χάριιι
337 2384 421 2453 Θεοῦ
433 2387 528 2452 αὐτοῦ
541 2388 596 2473 μὲν
604 2385 916 2474 άκούειδπρονθτηί
1003 2391 1054 2453 Ex
1069 2388 1183 2468 gratie
1206 2382 1343 2469 quidem
1359 2405 1379 2451 s
1394 2388 1463 2450 Deo
1488 2386 1552 2467 ipsi
1576 2403 1709 2450 conoes-

166 2491 189 2557 θ
204 2491 272 2556 εἶπε
283 2490 420 2576 Χριστῷ,
443 2493 477 2557 ἐν
499 2501 564 2570 τοῖς
579 2491 712 2576 πράτοις
725 2491 780 2556 δύο
795 2489 915 2578 στίχοις
959 2513 1007 2575 se,
1022 2493 1186 2576 prophete
1201 2492 1297 2556 audit
1309 2508 1464 2574 quaenum
1475 2492 1566 2554 Deus
1584 2489 1708 2552 dixerit

166 2596 222 2660 καί
237 2593 301 2671 τοῖς
318 2595 397 2680 μετὰ
412 2596 466 2660 τὸν
480 2592 583 2680 τρίτον
597 2594 760 2680 τέτταρσι·
775 2595 916 2682 κινούμε-
960 2599 1103 2678 Christe,
1127 2599 1163 2660 iu
1186 2597 1317 2660 duobus
1340 2595 1517 2660 versiculis
1540 2595 1709 2677 prioribus

166 2718 218 2775 νσς
231 2697 266 2764 δὲ
277 2698 337 2762 ὑπὸ
352 2707 407 2762 τοῦ
420 2697 510 2784 ἁγίου
523 2698 716 2785 Πνεθματος,
729 2697 814 2785 λέγει
825 2701 865 2763 τά
880 2698 918 2763 ἐκ
962 2707 997 2765 et
1012 2703 1047 2765 in
1064 2706 1209 2782 quatuor
1224 2705 1300 2781 post
1314 2700 1454 2763 tertium
1477 2699 1708 2779 sequentibus.

166 2799 335 2884 προσώπου
358 2803 453 2867 αὐτοῦ
468 2800 539 2886 τρία
559 2801 666 2889 σιιχία
688 2811 752 2880 τοῖς
769 2805 848 2888 μετὰ
863 2806 917 2867 τὸν
962 2809 1073 2871 Motus
1095 2810 1249 2868 autema
1273 2805 1402 2885 Spiritu
1423 2807 1549 2882 saneto,
1574 2821 1615 2866 ex
1637 2800 1711 2882 ejus

166 2902 308 2990 ἔθδομον.
324 2904 379 2984 Εἰς
394 2909 448 2970 τὸν
463 2905 581 2991 Κύριον
596 2903 685 2992 ἡμῶν
701 2909 755 2971 καί
771 2905 851 2974 Θεὸν
863 2909 916 2971 τὸν
961 2927 1104 2991 persons
1119 2908 1202 2972 dicit
1220 2913 1289 2972 tres
1312 2923 1431 2970 versus
1446 2907 1506 2988 qui
1528 2907 1711 2986 septimum

165 3009 303 3095 Χριστὸν
326 3010 457 3095 εἴρηται,
472 3012 526 3075 τάν
550 3020 704 3097 μονογενῆ
728 3013 782 3076 καὶ
797 3009 916 3096 πρωτί-
962 3014 1146 3096 excipiunt.
1170 3015 1339 3077 Dicuntur
1362 3017 1517 3094 respectu
1533 3011 1576 3075 ad
1598 3011 1711 3074 Domi-

165 3133 279 3179 τοκον·
301 3112 500 3198 πρωτότοκον
527 3115 583 3201 μὲν
611 3115 697 3179 κατά
721 3117 780 3201 την
803 3114 917 3200 σάρκα,
962 3136 1046 3181 num
1069 3123 1223 3180 nostrum
1247 3122 1282 3180 et
1303 3118 1411 3180 Deum
1435 3115 1616 3196 Christum,
1637 3115 1712 3178 uui-

166 3227 320 3306 μονογενῆ
337 3217 371 3282 δὲ
386 3219 471 3282 κατά
483 3217 711 3304 τηνθεάιητα·
726 3219 770 3296 είς
785 3221 847 3304 γάρ
859 3221 916 3283 σὺν
963 3221 1120 3300 genitum
1142 3225 1176 3284 et
1198 3221 1482 3302 primogenitum
1506 3219 1713 3301 primogeni-

165 3319 354 3408 ἀμφοτέροις
377 3323 432 3386 καί
453 3321 525 3400 Υἱὸς
546 3323 602 3386 καί
627 3321 752 3405 Κύριος.
776 3319 917 3406 Ἐπιτρὲ-
960 3331 1034 3388 tum
1046 3325 1183 3407 quidem
1195 3323 1384 3388 seeundum
1396 3341 1542 3404 carnem,
1552 3323 1711 3402 unigeni·

164 3446 258 3490 πεται
272 3423 307 3490 δὲ
329 3423 458 3490 καθίσαι
478 3426 538 3511 οίχ
561 3423 603 3504 ὡς
627 3425 807 3511 μονογενὴς,
831 3427 915 3490 κατά
960 3433 1033 3493 tum
1049 3446 1129 3492 vero
1144 3428 1332 3492 seeundum
1348 3429 1578 3508 divinitatem
1603 3446 1711 3491 uuum

164 3541 258 3595 τοῦτο
280 3531 342 3615 γάρ
365 3530 529 3609 συναίδισς,
547 3527 630 3594 άλλά
653 3527 694 3605 ὡς
717 3527 915 3612 πρωτότοκος
959 3549 1058 3614 porro
1074 3532 1110 3596 in
1123 3533 1286 3613 utrisque,
1297 3535 1331 3595 et
1341 3533 1467 3595 Filium
1476 3533 1709 3595 etDominum.

165 3635 223 3698 καὶ
248 3631 454 3719 κληρονόμος.
481 3631 681 3718 Δηλυθέντος
703 3634 765 3717 γάρ
788 3633 840 3696 διά
861 3642 916 3697 τοῦ
959 3636 1107 3701 iubetur
1122 3639 1236 3698 eutem
1252 3635 1378 3714 sedere,
1395 3652 1462 3697 non
1482 3640 1656 3717 tamquam
1674 3653 1711 3698 u-

158 3730 378 3822 ’προλαθόντος
404 3736 530 3823 ψαλμοῦ
557 3746 613 3801 τοῦ
640 3736 769 3820 πάθους,
796 3745 849 3801 νῦν
875 3739 916 3803 τά
960 3740 1151 3820 nigenitus;
1174 3756 1254 3801 nem
1276 3738 1464 3803 seeundum
1486 3739 1559 3819 hoc,
1575 3744 1709 3803 eoaeter·

167 3843 249 3927 μετὰ
261 3842 321 3928 τὴν
336 3839 494 3926 ἀνάληψιν
510 3840 528 3905 ὁ
544 3841 652 3926 παρὼν
668 3839 877 3926 προθεσπίζει.
959 3861 1025 3906 nus
1041 3847 1107 3906 est:
1131 3841 1190 3906 sed
1206 3847 1245 3905 ut
1266 3843 1515 3923 primogenitus
1532 3848 1566 3906 et
1587 3843 1705 3906 haeres.

961 3948 1072 4022 Quum
1084 3947 1219 4009 enimin
1231 3945 1439 4028 precedente
1452 3947 1580 4028 psalmo
1595 3946 1707 4028 passio

962 4051 1132 4115 declarata
1147 4050 1260 4132 fuerit,
1276 4069 1368 4114 nune
1390 4053 1553 4134 mysteria
1575 4057 1650 4134 post
1672 4069 1707 4114 υ-

962 4156 1708 4237 seensionempraesenspsulmusvutieinetur.

200 4375 252 4431 Pe.
266 4391 327 4434 cxx.
339 4391 369 4432 ν.
382 4375 437 4430 1-6.
449 4375 517 4431 Vut.
535 4375 561 4430 4.
579 4373 685 4445 Maste,
703 4375 916 4432 Adamantius!
960 4393 1038 4432 nune
1046 4374 1220 4448 purephsesi
1228 4374 1373 4446 diffusum,
1381 4392 1457 4430 nuuc
1465 4374 1636 4447 compendio
1646 4391 1714 4430 uon-

169 4459 255 4528 Quod
260 4476 321 4514 uon
330 4459 427 4516 dicere
436 4459 539 4517 videor
549 4477 612 4532 ego,
619 4478 673 4516 nee
680 4461 818 4535 plaudere
828 4465 917 4534 solus,
961 4467 1094 4532 uectem,
1106 4467 1170 4518 tum
1180 4479 1245 4517 cum
1254 4479 1400 4535 anonymo
1410 4461 1653 4517 ulterumloeum:
1665 4463 1715 4516 οὐκ

164 4545 220 4602 ‘sed
225 4544 436 4617 Theodoreus,
442 4546 494 4602 sed
499 4546 698 4617 Heracleotes,
705 4547 757 4603 sed
763 4548 823 4620 elii,
829 4547 918 4604 etiem
961 4549 1102 4602 ίκάαλλοιν
1115 4561 1207 4618 usque
1216 4546 1255 4602 ed
1266 4550 1387 4616 ἠγνόουν.
1399 4579 1432 4588 -
1442 4546 1499 4604 Rei
1510 4546 1640 4603 metricus
1652 4547 1712 4603 He·

164 4638 283 4690 veteres
294 4649 408 4704 quoque
418 4632 565 4706 anonymi,
572 4638 644 4704 quot
654 4637 684 4688 et
694 4634 918 4706 qualescumque
961 4634 1108 4690 broeorum
1119 4632 1244 4688 studiosi
1254 4640 1387 4704 quaerent
1399 4632 1498 4689 decem
1508 4639 1594 4701 στίχιιι
1602 4634 1713 4705 sigillu-

165 4717 283 4775 demum
309 4717 450 4790 grandem
474 4717 557 4775 iilum
579 4719 760 4790 theologiam
782 4719 918 4793 passibus
961 4721 1121 4778 timesolo
1132 4720 1261 4791 Origene
1271 4718 1441 4780 minutatim
1450 4720 1604 4791 distinam
1617 4727 1713 4776 totum

165 4803 247 4861 haud
260 4819 374 4877 semper
386 4805 479 4876 aequis
486 4805 580 4860 secuti
592 4811 669 4861 suut.
679 4805 823 4877 Equidem
831 4813 918 4864 vetus
962 4809 1041 4866 euim
1057 4806 1230 4880 prooemium
1247 4806 1318 4861 stibi
1341 4825 1401 4862 non
1425 4814 1583 4880 comperet.
1610 4807 1713 4880 Neque

166 4905 331 4962 anonymus
349 4889 474 4945 σοιτοσίθ
491 4888 596 4947 verbe:
616 4896 652 4956 τίς
670 4893 716 4944 τὸν
734 4893 856 4958 Κύριον...
869 4894 917 4960 ἠγ·
962 4893 1051 4950 etiem
1062 4891 1147 4948 licuit
1158 4898 1263 4959 στίχους
1274 4891 1439 4948 discernere
1451 4892 1712 4963 juxtucodieemB

165 4983 255 5036 νάουν.
272 4976 443 5033 Theodorus
455 4995 526 5035 vero
539 4977 729 5034 Heracleotes
746 4977 838 5035 verbe
855 4977 917 5035 iere
962 4979 1146 5048 Vetieunqm.
1163 4977 1300 5033 Pselmus
1316 4977 1394 5034 enim
1405 4978 1511 5035 incidit
1528 4979 1560 5035 in
1571 4979 1713 5052 grandem

166 5062 304 5122 retinuit:
318 5067 452 5132 μιτίθιυκε
463 5067 493 5119 δά
506 5080 598 5134 usque
611 5061 649 5118 ed
662 5065 831 5132 οθκὶμελλιν
843 5066 917 5119 lees-
960 5066 1096 5122 laeenam
1108 5063 1144 5121 de
1157 5083 1215 5137 qus
1231 5081 1301 5121 mox
1318 5064 1438 5121 indolui.
1452 5064 1488 5121 of.
1498 5065 1593 5122 Exod.
1611 5084 1655 5139 111,
1669 5068 1713 5124 14.

168 5155 219 5208 θαι.
235 5148 439 5206 Theodoreus
458 5154 559 5206 eutem
574 5155 637 5206 tum
653 5147 785 5206 eumdem
802 5149 915 5222 seriem,
962 5169 997 5210 111
1010 5151 1084 5224 θος.
1099 5169 1173 5224 xxu,
1187 5152 1231 5210 19.
1244 5136 1352 5218 Metilu
1366 5169 1418 5223 xx,
1431 5154 1474 5222 22,
1487 5153 1531 5210 23.
1606 5171 1611 5184 ·
