3966 6108
290 429 353 490 538
965 431 1176 498 ORIGENES
1198 427 1202 434 ’

288 577 483 656 Jeremiam,
499 593 575 658 quae
595 576 747 658 apprime
768 594 848 639 cum
863 563 1036 641 Vaticanis
1079 577 1171 642 libus
1187 563 1347 660 expressi,
1364 579 1466 644 etiam
1486 565 1630 661 pieturis
1652 577 1762 642 ornati
1788 575 1833 638 ab

288 683 423 745 Catenis
445 683 672 760 consentiunt,
690 685 730 744 ut
743 682 798 744 vcl
821 699 863 744 ex
885 681 1036 745 fontibus
1082 699 1155 744 avo
1170 683 1312 746 classico
1327 684 1534 766 repetundis.

287 788 422 865 nostris,
440 788 496 851 vel
512 804 553 850 ex
569 786 754 851 simillimis
769 788 892 848 cuncta
914 784 1037 860 hausta
1125 785 1297 862 Agedum:
1321 787 1357 850 in
1385 787 1559 850 immensis
1584 783 1831 862 voluminibus,

289 889 485 971 videantur3
502 909 542 953 ac
556 892 665 955 Maius
689 890 804 953 eadem
820 889 963 953 sollicite
986 907 1036 952 re·
1081 906 1158 969 quae
1183 893 1234 953 tot
1258 891 1453 954 nominibus
1478 895 1669 972 personant,
1700 887 1833 952 silebit-

287 994 417 1072 legens,
440 995 499 1056 vix
513 996 660 1075 paucula
674 994 787 1076 potuit
801 992 964 1057 scholiola
979 1011 1036 1057 su·
1078 1009 1123 1056 ne
1153 994 1318 1072 Origenes
1348 995 1384 1058 in
1415 995 1548 1072 leuium,
1578 993 1619 1056 de
1650 1010 1716 1074 quo
1749 990 1831 1054 hac-

287 1096 481 1184 peraddere.
1080 1102 1180 1160 tenus
1198 1113 1308 1176 grace
1331 1098 1443 1161 nihil?
1465 1097 1608 1160 nihil-ne
1631 1112 1766 1178 quoquc
1789 1095 1831 1157 in

331 1201 452 1264 Omnia
474 1204 628 1281 prostant
650 1201 686 1265 in
704 1201 819 1284 ,tribus
845 1201 1037 1283 conspicuis
1081 1202 1257 1265 Danielem
1283 1203 1374 1264 criti
1400 1203 1487 1266 Sane
1517 1201 1559 1265 ad
1584 1202 1648 1264 XII
1678 1201 1830 1263 minores

286 1304 458 1368 codicibus
490 1304 678 1383 Vaticanis3
709 1304 745 1367 in
769 1303 923 1368 ottobon.
957 1305 1033 1385 452,
1081 1303 1261 1386 prophetas
1283 1303 1452 1368 silendum
1476 1307 1563 1368 esset
1588 1319 1737 1387 prorsus,
1760 1303 1833 1366 nisr

287 1407 404 1471 saeculi
422 1425 457 1487 x,
470 1407 529 1487 qui
542 1410 675 1469 aetatem
687 1410 721 1470 ct
732 1423 872 1469 manum
884 1405 1037 1470 eamdem
1080 1406 1263 1472 Philoculic
1272 1407 1375 1471 breve
1387 1409 1422 1470 in
1435 1410 1517 1471 Osee
1529 1409 1717 1470 servaverit
1727 1404 1830 1469 ἀποσ-

286 1509 390 1574 reiert
411 1528 514 1592 quam
528 1510 615 1572 alter
637 1509 790 1573 Ottobon.
815 1510 888 1588 192,
908 1511 1036 1590 optima
1079 1508 1269 1594 παομάτιον.
1292 1511 1355 1574 Sed
1373 1512 1545 1575 enimvero
1563 1509 1636 1590 jam
1659 1510 1835 1591 quodnam

286 1616 322 1678 in
345 1615 491 1696 psalmos
514 1619 633 1677 catena
655 1613 811 1694 insignia,
841 1630 945 1693 supra
967 1630 1037 1676 me·
1078 1620 1155 1698 post
1183 1615 1358 1696 Allatium,
1385 1615 1626 1694 Cariopbilum,
1656 1616 1833 1693 Angelum

287 1723 438 1781 moratus
453 1718 590 1800 passim.
607 1701 725 1780 Caeteri
741 1717 808 1780 duo
823 1722 906 1782 suut
927 1718 1035 1781 Vatic.
1080 1719 1217 1798 Maium,
1226 1723 1309 1800 quot
1321 1724 1355 1782 et
1366 1735 1522 1800 quanam
1535 1722 1610 1800 post
1622 1720 1785 1782 Huetium
1796 1723 1834 1782 et

288 1823 383 1902 1153,
406 1823 490 1886 1154
513 1838 658 1902 quorum
681 1823 846 1902 posterior
869 1821 905 1885 in
927 1820 1037 1885 forma
1081 1823 1253 1887 Mauricos
1277 1823 1485 1904 expiscanda
1508 1825 1669 1887 manent?
1691 1825 1778 1887 Sanc
1799 1841 1837 1886 e-

287 1928 410 1990 minori
435 1927 613 1990 continuat
626 1927 783 2008 priorem,
798 1926 881 1991 adeo
901 1928 1036 1992 atlanti·
1079 1927 1197 2008 sigua,
1212 1933 1246 1990 et
1271 1945 1388 2010 pauca,
1404 1945 1480 2008 quae
1502 1932 1616 1991 tamen
1632 1946 1675 1992 ne
1698 1928 1833 1991 diutius

288 2034 419 2094 cumnt
435 2032 524 2094 mole
539 2047 655 2095 omnes
678 2035 816 2112 superet
837 2031 1034 2111 Vaticanoe3
1079 2031 1209 2094 lateant
1230 2038 1290 2095 aut
1313 2035 1463 2113 pereant,
1487 2047 1547 2112 pro
1571 2032 1657 2094 tanti
1682 2032 1835 2094 nominis

287 2134 386 2198 ambo
400 2135 517 2198 saeculi
538 2134 674 2199 circiter
695 2135 753 2217 XI,
775 2135 835 2200 sed
856 2135 899 2199 ab
915 2137 1034 2200 uncia.
1079 2135 1208 2217 decore,
1221 2139 1261 2200 ut
1271 2137 1489 2216 colligantur,
1502 2137 1751 2219 properandum
1764 2141 1829 2199 est.

956 2393 1000 2456 Ινι
1022 2390 1157 2459 Ictium.

331 2609 408 2672 Cer.
422 2624 549 2688 xxxrx,
564 2624 597 2671 v.
615 2607 645 2672 i.
660 2601 733 2670 Ὀτι
753 2604 809 2669 καὶ
823 2603 887 2669 ἀπὸ
908 2612 970 2672 των
984 2603 1033 2671 τέ·
1121 2625 1154 2669 v.
1171 2605 1201 2669 7.
1227 2606 1383 2683 Qrtcnm
1404 2625 1443 2672 cc
1452 2608 1549 2690 filiis
1570 2607 1648 2687 tuis,
1679 2623 1757 2691 quoe
1776 2625 1831 2691 ρο-

284 2733 367 2778 νινων
382 2733 449 2794 σου,
469 2712 512 2778 <bv
525 2709 697 2796 γνννήσενς,
712 2707 868 2795 λήψονται
879 2710 934 2773 καὶ
944 2707 1034 2794 ποιή-
1075 2711 1199 2790 atum,
1220 2717 1386 2776 αοονναιονιν
1407 2718 1438 2778 et
1450 2713 1583 2795 sacient
1608 2714 1767 2779 coemto
1788 2712 1827 2776 ia

287 2838 377 2882 σουσι
399 2815 578 2894 σπάδονιας
600 2817 634 2890 ἐν
656 2823 699 2900 τῷ
715 2813 791 2900 οἴνῳ
809 2824 865 2879 τοῦ
881 2811 1033 2901 βασιλέως
1076 2814 1166 2880 danto
1179 2815 1269 2898 ννρίο
1283 2815 1544 2898 Babyloniorum.

288 2930 350 2986 τῶν
366 2918 585 3006 Βαβυλωνίων.

331 3022 511 3099 Σπάδοντνς
526 3020 672 3109 εὐνοῦχοί
686 3023 753 3088 εἰσι.
769 3021 906 3108 Λέγεται
917 3021 952 3086 δὲ
967 3031 1038 3086 τοῦ·
1124 3021 1294 3104 Spadones
1310 3025 1459 3088 eunuchi
1474 3028 1573 3088 sunt:
1596 3024 1661 3088 hoc
1681 3041 1761 3086 vero
1778 3040 1830 3086 re-

286 3147 323 3192 το
338 3127 485 3210 περὶτῶν
500 3135 592 3210 τριῶν
607 3125 726 3191 παίδων
740 3129 796 3193 καὶ
807 3125 937 3214 Δανιὴλ,
950 3125 991 3204 ὡς
1003 3125 1036 3205 ἐξ
1079 3125 1188 3190 fertur
1203 3127 1244 3192 de
1261 3129 1370 3192 tribus
1385 3131 1500 3210 pueris
1523 3135 1556 3192 et
1571 3130 1722 3208 Daniele,
1744 3145 1783 3191 ac
1798 3129 1830 3191 si

286 3230 399 3296 τούτου
414 3227 560 3316 Ἐζεχίου
575 3230 667 3316 ἦσαν.
1079 3249 1122 3294 ex
1136 3231 1252 3295 eodem
1269 3234 1328 3297 illo
1342 3233 1487 3297 Ezeclria
1502 3235 1682 3297 orirentur.

333 3338 410 3401 Cer.
425 3355 516 3420 nxw,
533 3355 565 3400 ν.
584 3339 612 3400 1.
629 3333 738 3414 Οὕτως
752 3333 839 3422 λέγει
854 3333 979 3421 Κύριος·
996 3332 1034 3400 Ὁ
1122 3354 1155 3399 v.
1184 3337 1212 3398 l.
1240 3337 1297 3401 aa
1322 3335 1467 3418 loquitur
1498 3337 1674 3400 Dominus:
1709 3335 1828 3401 uelum

288 3437 419 3524 οὐρανός
442 3460 501 3525 μου
523 3438 648 3524 θρόνος,
670 3441 726 3506 καὶ
751 3439 774 3526 ἡ
799 3449 842 3527 γῆ
866 3438 1035 3506 ὑποπόδιον
1079 3439 1214 3505 tironus
1233 3456 1332 3520 meus,
1358 3445 1390 3505 et
1411 3444 1501 3505 terro
1521 3439 1695 3510 scutellum
1707 3440 1829 3521 pedum

284 3553 345 3610 τῶν
359 3543 464 3609 ποδῶν
480 3566 549 3630 μου.
1078 3561 1231 3608 uteorum.

328 3647 366 3715 Ὀ
381 3651 513 3735 οἰιρανός
524 3671 576 3737 μοι
585 3647 711 3736 θρόνος,
722 3648 744 3733 ἡ
757 3649 792 3714 δὲ
807 3657 849 3735 γῆ
865 3648 1034 3715 ὑποπόδιον
1127 3647 1243 3712 Culum
1256 3647 1341 3712 miti
1356 3649 1501 3728 turonus,
1521 3652 1610 3713 terra
1631 3652 1739 3713 cutem
1759 3663 1829 3712 acu-

285 3760 348 3819 των
358 3754 462 3819 ποδῶν
479 3775 555 3840 μου·
571 3755 632 3841 οὐχ
646 3753 675 3817 οἱ
686 3750 786 3836 τόποι,
803 3750 911 3816 &liat
923 3751 956 3817 ἐν
967 3760 1033 3828 τοῖς
1080 3751 1198 3816 tellum
1217 3752 1337 3833 pedum
1366 3771 1529 3833 νινοννιννι,·
1551 3770 1619 3816 non
1645 3752 1717 3832 jam
1741 3753 1826 3832 loca,

284 3855 401 3937 τόποις.
424 3857 609 3925 Ὑποπόδιόν
631 3857 715 3922 ἐστιν
738 3855 759 3941 ἡ
782 3867 825 3942 γῆ
840 3857 893 3922 διὰ
906 3857 965 3944 τὴν
981 3874 1034 3942 ρε-
1076 3857 1135 3921 sed
1150 3858 1210 3939 qui
1222 3859 1431 3921 locatenent.
1445 3859 1636 3922 scabellum
1648 3861 1825 3920 autemest

284 3962 389 4049 γάλην
402 3961 525 4048 κίνησιν
536 3963 591 4028 καὶ
602 3963 661 4050 τὴν
672 3961 794 4048 πολλὴν
810 3960 892 4026 ὁδόν.
1079 3950 1180 4043 terra,
1198 3966 1334 4045 propter
1352 3963 1528 4040 ingentem
1545 3965 1674 4026 motum
1691 3968 1725 4026 et
1739 3964 1827 4025 mul·

1078 4069 1150 4128 tarn
1165 4066 1268 4129 viam.

313 4272 383 4346 Gap.
395 4289 502 4343 xxxrx,
512 4291 540 4331 v.
550 4274 575 4343 7,
585 4272 681 4329 Vatic.
691 4270 743 4328 755
761 4270 782 4326 f.
792 4269 852 4342 146,
862 4269 932 4326 1153
939 4269 961 4325 f.
973 4269 1034 4336 180,
1076 4267 1182 4325 Daniel
1195 4273 1225 4324 et
1236 4273 1298 4325 tres
1315 4268 1433 4341 poem„
1452 4269 1553 4326 Patrai·
1567 4285 1632 4341 xm,
1646 4271 1700 4328 754
1711 4278 1767 4328 πον.
1780 4271 1825 4329 80.

281 4359 381 4416 Ottob.
393 4361 447 4416 tta
458 4360 480 4416 f.
494 4362 554 4417 111.
567 4361 629 4418 Nec
640 4362 726 4435 plura
738 4359 876 4432 Origenis
888 4356 939 4428 ibi,
949 4356 1033 4429 cujus
1111 4353 1181 4429 Cep.
1190 4355 1412 4426 uxvr,v.1.Vat.
1421 4357 1490 4413 1153
1500 4356 1520 4413 ν’.
1531 4358 1592 4428 261,
1603 4357 1664 4414 ott
1676 4359 1756 4414 ibis.
1764 4357 1826 4428 203,

282 4445 379 4502 locum
396 4446 514 4504 videtur
532 4446 720 4521 occupavisse
738 4445 891 4514 Eusebius,
913 4442 959 4499 uti
975 4443 1034 4498 cla·
1075 4446 1199 4512 uterque
1211 4441 1250 4496 ad
1262 4440 1447 4499 Ezechielem
1459 4460 1524 4513 xrr,
1538 4444 1580 4513 17,
1598 4443 1650 4499 sed
1666 4443 1825 4502 menifeete

281 4539 365 4588 mant
381 4532 535 4606 Hexepla,
557 4531 663 4604 quibus
680 4531 814 4606 superbit
830 4530 895 4604 ejus
911 4528 1034 4603 mendis
1076 4533 1161 4583 extre
1172 4527 1276 4597 locum,
1289 4545 1383 4600 neque
1395 4528 1437 4584 ibi
1450 4528 1528 4602 apud
1546 4530 1697 4586 Maurinoe
1709 4547 1825 4604 compe·

280 4618 508 4675 commentarius
520 4637 539 4675 a
551 4618 781 4675 Montefelconio
792 4619 941 4692 vulgatus.
954 4619 1031 4674 Pau·
1075 4619 1122 4670 ret
1138 4614 1299 4687 quidquam·
1319 4614 1424 4672 simile.
1448 4615 1515 4672 Huc
1537 4616 1638 4689 igitur,
1660 4617 1728 4691 jure
1745 4623 1827 4691 post·

280 4706 323 4762 cie
335 4705 427 4762 habes
440 4705 620 4778 singularem
631 4705 770 4778 fabulam,
780 4705 956 4779 quemiorte
965 4703 1030 4760 Ori·
1073 4701 1180 4758 liminii
1197 4702 1341 4759 scholium
1358 4701 1531 4774 reducimus,
1550 4702 1603 4760 sed
1621 4703 1717 4762 doctis
1733 4705 1823 4762 relin-

278 4810 378 4864 genee,
390 4791 436 4848 uti
447 4793 531 4863 nolet,
544 4809 562 4848 a
574 4791 688 4850 Judaeis
704 4791 825 4867 recepit.
843 4792 965 4849 Cautius
977 4789 1031 4847 eli·
1073 4789 1190 4862 quimus
1207 4791 1419 4863 explorandum
1442 4791 1538 4863 qualis
1555 4795 1587 4848 et
1609 4791 1762 4863 cujusnam
1781 4791 1823 4848 sit

278 4880 310 4937 bi
320 4880 360 4937 ed
368 4879 554 4937 Ezechielem
564 4894 638 4951 xm,
652 4881 687 4936 la
698 4878 777 4936 idem
788 4878 846 4936 eit:
864 4881 974 4948 Σπνρριι
984 4883 1030 4947 βα·
1073 4877 1136 4935 sive
1148 4883 1246 4934 motus
1260 4878 1375 4950 ingene,
1386 4877 1448 4936 sive
1457 4877 1548 4949 longa
1557 4877 1615 4935 uia
1625 4878 1682 4934 Dei
1690 4877 1748 4935 ne?
1766 4878 1827 4935 Sed

278 4971 377 5035 οιλινας
389 4971 453 5024 aar
471 4971 496 5024 οῑ
506 4971 718 5037 παραδοξαρινοι
734 4970 877 5038 τὸνλόγον
894 4973 941 5023 τοῦ
953 4968 1030 5032 θεοῦ,
1074 4980 1132 5036 qno
1143 4962 1253 5020 sensu?
1265 4963 1430 5020 Telluriene
1444 4961 1501 5021 erit
1516 4969 1615 5020 motus
1627 4971 1658 5021 et
1669 4963 1748 5020 iter?
1765 4964 1826 5022 Sed

164 5119 166 5122 ¹
277 5059 335 5122 οῐος
347 5058 363 5110 5
375 5056 474 5124 Δανιὴλ
484 5059 531 5110 eat
541 5059 567 5110 ot
577 5061 649 5123 τρεῖς
660 5059 761 5120 παῖδας
776 5053 906 5111 “Samen
916 5052 1033 5124 regium
1075 5050 1220 5123 quomodo
1238 5049 1358 5122 dictum,
1371 5049 1538 5123 quindecim
1549 5051 1665 5111 secula
1677 5056 1746 5111 ante
1758 5051 1827 5110 illos

282 5146 361 5212 eunt,
376 5140 428 5214 qul
440 5140 498 5200 Dei
508 5139 631 5200 verbum
644 5145 844 5216 susceperunt,
859 5138 957 5214 qualis
973 5137 1033 5195 tuit
1075 5136 1223 5197 Gelileum
1234 5143 1265 5200 et
1276 5137 1490 5214 Oopernicum?
