4020 6098
305 429 369 492 204
899 432 904 441 ’
989 431 1199 498 ORIGENES

351 568 562 654 Καταοκηνοῑ
583 569 758 648 έπάότοὺς
788 571 829 636 τόι
850 574 978 639 πετεινὰ
999 583 1055 638 τοῦ
1143 570 1476 658 Supereosvoluares
1486 577 1739 660 eoelihabitant,
1752 575 1853 645 dum-

307 677 451 763 οόρανοῦ,
475 674 585 761 ἐπειδὴ
612 675 708 761 ἔσχον
730 674 842 760 πίστιν,
869 675 911 755 ὡς
937 677 1055 745 κόκκον
1099 679 1198 743 modo
1214 681 1396 744 habuerint
1411 681 1521 763 fidem,
1537 687 1576 746 ut
1598 700 1744 762 granum
1760 687 1855 749 sina-

306 781 471 857 σινόιπευς.
1104 784 1166 865 pis,

349 908 381 952 v.
401 889 452 954 13.
467 883 550 953 Ἀπό
565 893 689 970 καρποῦ
712 895 774 952 τῦν
789 887 890 972 ἔργων
905 907 963 952 σου
978 906 1054 974 χορ·
1142 906 1174 951 ν.
1200 872 1249 952 ίθ.
1266 888 1442 972 Destruit
1455 907 1585 970 operam
1607 894 1735 958 taetram
1749 895 1856 960 satta-

305 987 533 1076 τασθήσεταιή
550 997 604 1075 γῆ.
1098 988 1302 1083 θίίανίσννα.

267 1083 269 1088 ’
350 1093 482 1179 Καρπός
497 1103 557 1158 τῶν
580 1095 681 1180 ἔργον
702 1095 787 1161 ἐστιν
807 1091 830 1178 ἡ
848 1091 969 1179 θεωρία
990 1104 1054 1161 τῶν
1145 1097 1290 1161 Fructus
1304 1095 1471 1160 bonorum
1483 1114 1624 1179 operum
1640 1103 1692 1162 est
1705 1100 1857 1163 oontem-

305 1196 490 1286 γεγονότων.
1097 1199 1202 1280 piatio
1218 1203 1467 1264 ereaturarum.
1940 1259 1944 1266 ,
1978 1255 1979 1290 γ

350 1323 383 1368 v.
401 1304 451 1368 14.
468 1297 704 1381 Ἐξανατέλλυν
725 1300 841 1389 χόρτον
855 1311 921 1382 τοῖς
942 1302 1054 1390 κτήνε-
1142 1319 1174 1365 v.
1192 1304 1242 1366 14.
1262 1304 1325 1380 ροντ’
1332 1303 1487 1383 producit
1498 1304 1797 1388 senemrjumentis,
1815 1309 1854 1370 et
1978 1295 1979 1370 ζ

305 1427 347 1488 σι,
363 1407 418 1470 καί
429 1405 720 1492 χλόηντῇδουλείγι
731 1415 793 1473 τῶν
805 1406 984 1491 ἀνθρώπων,
997 1416 1053 1472 τοῦ
1098 1405 1395 1472 θονόαανεονυόίαόί
1415 1409 1588 1489 minum,
1607 1415 1645 1476 at
1659 1411 1771 1476 adtraat
1784 1427 1851 1493 pa·
1978 1413 1979 1484 ί

306 1510 473 1598 ἐξαγαγεῖν
487 1513 583 1596 όρτον
597 1513 636 1577 ἐκ
646 1519 704 1596 τῆς
718 1520 789 1597 γῆς.
1097 1510 1336 1576 amaeam.

349 1612 473 1700 Ὠσπερ
495 1624 557 1680 τῦν
579 1615 700 1706 όδόιτυν
719 1615 855 1683 δέδυκεν
873 1619 933 1703 τὴν
953 1637 1052 1703 χορη·
1134 1590 1421 1688 Quemadmodum
1429 1615 1754 1699 subsidiaaquarum
1762 1638 1850 1702 prae-
1978 1611 1979 1660 ί

305 1718 387 1807 γίαν,
403 1723 483 1786 οὕτω
498 1721 554 1784 καὶ
576 1719 640 1785 ἀπὸ
661 1729 722 1806 γῆς
743 1719 911 1806 τρέφεσθαι
933 1741 1049 1806 παρεσ-
1097 1716 1193 1796 stitit,
1210 1718 1259 1780 ita
1282 1721 1316 1781 et
1330 1719 1468 1782 curavit
1489 1720 1603 1784 cibum
1625 1727 1749 1785 eterra
1770 1721 1855 1785 edu-

306 1823 453 1890 κεύασεν·
469 1824 521 1890 διὰ
535 1833 627 1888 τοῦτο
642 1821 828 1909 ἐφρόντισας
840 1831 900 1890 τῶν
918 1833 1052 1910 κτηνῶν,
1097 1818 1251 1883 cendum.
1264 1819 1392 1885 Idcirco
1403 1825 1605 1888 consuluisti
1616 1823 1791 1906 jumentis,
1802 1829 1845 1888 ut

306 1931 357 1994 ίνα
368 1929 407 1993 δι’
414 1919 517 1994 ababa
532 1937 744 2014 γεωργοῦντες
759 1929 800 1996 τό
815 1930 893 2011 πρός
909 1929 994 2014 (aba
1006 1931 1056 1993 εῦ-
1100 1939 1161 2003 per
1172 1940 1212 1986 ea
1223 1925 1371 1988 colentes
1383 1929 1788 2007 agros,alim0niamvitae
1799 1931 1852 1993 in-

307 2053 420 2119 ρωμεν,
437 2029 567 2118 Τάχαῂ
584 2031 667 2111 λέξις
681 2029 796 2117 χόρτος
813 2034 869 2097 και
884 2035 974 2111 οὗτος
998 2034 1054 2119 μὲν
1097 2027 1285 2090 veniamus.
1304 2031 1449 2104 -Quin
1472 2035 1507 2094 et
1527 2049 1594 2095 vox
1621 2032 1738 2097 fenum
1761 2034 1854 2098 idem

307 2139 401 2222 ἄρτος
416 2147 486 2224 γῆς.
501 2135 593 2202 Ἐστι
608 2134 643 2200 δέ
658 2157 704 2214 τις
720 2136 815 2220 ἄρτος
831 2137 966 2221 οὐρανοῦ
981 2139 1052 2223 περὶ
1099 2134 1170 2194 esto
1186 2149 1225 2195 ae
1241 2133 1341 2213 pants
1364 2134 1406 2198 de
1421 2139 1521 2199 terra.
1538 2138 1599 2200 Est
1619 2142 1734 2201 autem
1754 2140 1854 2220 panis

307 2243 344 2306 οὔ
359 2241 492 2326 εἷργγταν
506 2238 625 2325 Ἄρτον
638 2241 770 2324 οὐρανοῦ
787 2239 923 2306 δέδωκεν
936 2242 1052 2318 αὐτοῖς,
1099 2233 1140 2298 de
1155 2237 1250 2315 coelo,
1273 2235 1318 2300 de
1341 2254 1409 2319 quo
1424 2238 1570 2303 dictum:
1596 2243 1751 2306 «Panem
1773 2244 1853 2306 coeli
1978 2289 1979 2292 =

307 2383 349 2395 ...
365 2343 504 2430 Χόρτος·
518 2345 535 2408 ὁ
550 2344 612 2430 γὰρ
626 2342 761 2431 ἀσθενὴς
775 2343 904 2430 λάχανα
917 2343 1022 2410 ἐσθίει,
1099 2337 1194 2402 dedit
1211 2341 1302 2404 618.»
1323 2375 1361 2388 -
1378 2345 1509 2407 Ferrum.
1531 2346 1668 2409 Etenim
1692 2347 1782 2428 «qui
1796 2347 1854 2410 de·

260 2514 265 2524 .
1099 2442 1178 2506 bilis
1193 2449 1252 2524 est,
1270 2446 1345 2510 olus
1361 2446 1584 2511 manducet.»
1805 2443 1811 2455 '

350 2571 382 2617 τ.
401 2553 451 2634 16,
473 2552 523 2616 li.
547 2551 808 2637 Χορταοθήοεται
831 2553 872 2617 τόι
894 2551 973 2632 ξύλα
995 2559 1051 2618 τοῦ
1142 2565 1174 2610 v.
1193 2549 1243 2628 16,
1262 2550 1313 2613 17.
1329 2549 1573 2615 detenebantur
1584 2551 1675 2635 liqna
1690 2553 1803 2636 campi,
1820 2557 1852 2618 et

306 2652 425 2740 πεδίου,
437 2653 470 2719 ai
484 2653 590 2740 κέδροι
604 2666 661 2721 τοῦ
672 2655 809 2744 Λιβάνου
826 2656 863 2734 ἃς
875 2655 1053 2741 ἐφύτευσεν.
1098 2650 1186 2716 aedri
1203 2652 1330 2732 Libani,
1348 2669 1431 2736 qrcas
1449 2655 1628 2735 plautavit.
1643 2656 1724 2722 Ῑίίίο
1739 2673 1854 2738 passe-

307 2757 399 2824 Ἐκεί
420 2757 567 2845 στρουθία
588 2761 834 2844 ἐννοοσεόσουοι,
850 2769 905 2826 τοῦ
924 2758 1054 2846 ίρυδίου
1097 2772 1167 2820 rem
1187 2756 1408 2840 nidificabunt,
1433 2757 1560 2824 herodii
1585 2759 1696 2826 amus
1717 2761 1783 2826 ίίίίῦ
1804 2766 1854 2827 611
1978 2763 1979 2848 γ

306 2861 430 2950 ἠοίκία
443 2862 570 2950 ἡγεῖται
583 2866 695 2930 αὐτῶν.
1098 2877 1225 2926 emm:

351 2969 511 3035 Δείκνυσιν
524 2972 579 3035 καί
593 2972 633 3035 τόι
648 2971 681 3036 ἐν
696 2970 801 3055 δρυμῦ
814 2969 950 3048 αὔξοντα
965 2967 1052 3054 ξόλα,
1142 2966 1300 3030 Declarat
1314 2968 1417 3030 etiam
1436 2972 1521 3048 quae'
1530 2969 1567 3032 in
1589 2970 1686 3052 sylva
1696 2975 1855 3034 creseunt

306 3075 372 3141 οίον
387 3071 503 3159 κέδροι,
519 3076 573 3138 καί
588 3075 629 3138 τὰ
643 3073 737 3158 ἕτερα
747 3083 811 3151 τοῐς
827 3075 923 3138 αὐτοῦ
939 3073 1052 3159 νεόμα-
1098 3069 1244 3150 arbores,
1262 3071 1380 3150 quales
1403 3075 1485 3134 sunt
1500 3071 1595 3135 aedri
1613 3077 1646 3135 et
1663 3073 1731 3134 alia
1744 3073 1853 3150 ligna,

307 3199 355 3244 σιν
371 3176 610 3262 αόξήθηοονται.
626 3175 742 3262 Γέγονε
754 3177 900 3243 δὲταῦτα
910 3178 965 3242 καί
979 3177 1018 3241 δι’
1025 3177 1056 3241 ἕ-
1097 3173 1189 3238 haud
1203 3175 1277 3238 sine
1292 3173 1365 3253 eius
1388 3175 1529 3239 nutibus
1546 3182 1693 3239 auctum
1708 3177 1761 3239 iri.
1777 3177 1854 3240 Ple-

305 3302 383 3366 τερα
395 3283 450 3367 μέν
462 3281 604 3365 πλεῖστα,
618 3284 660 3347 ὢν
675 3283 730 3346 καί
744 3283 805 3368 τὴν
814 3291 926 3366 πεῖραν
937 3284 1054 3368 ἔχομεν
1098 3297 1203 3361 raque
1226 3280 1274 3342 ita
1295 3280 1496 3358 succedunt,
1521 3281 1572 3342 uti
1595 3280 1697 3343 etiam
1726 3280 1857 3361 experi-

305 3388 360 3450 καί
382 3395 444 3451 τῶν
467 3385 635 3470 στρουθίων
658 3386 702 3464 είς
724 3385 848 3464 καλιάς.
870 3425 911 3434 -
931 3382 1054 3473 Ὥσπερ
1099 3383 1227 3446 muria
1242 3399 1416 3463 passerum
1435 3400 1518 3446 eura
1534 3384 1634 3447 nidos
1655 3383 1853 3448 edificandi.

307 3492 374 3554 ἔστι
395 3491 466 3556 τινόι
487 3490 569 3568 ξύλα
590 3499 645 3554 τοῦ
668 3489 869 3576 παραδείσου,
894 3494 975 3557 οὕτω
1000 3493 1055 3558 καί
1103 3521 1142 3530 -
1166 3487 1261 3549 Siout
1275 3490 1357 3549 suni
1379 3487 1477 3564 ligna
1500 3487 1661 3568 paradisi,
1677 3491 1759 3551 suut
1772 3504 1855 3569 quo·

305 3592 384 3672 ξύλα
399 3603 455 3659 τοῦ
470 3591 587 3658 πεδίου.
1099 3606 1167 3670 que
1184 3590 1282 3668 ligna
1297 3590 1417 3670 campi.

349 3718 382 3763 v,
401 3699 451 3764 18,
467 3696 551 3783 Ὀρη
568 3700 609 3763 τὰ
631 3699 741 3784 ὑψηλὰ
755 3709 820 3778 τοῖς
835 3701 984 3787 eram·
1002 3699 1056 3766 πε.
1143 3712 1174 3756 v.
1194 3694 1244 3756 18.
1261 3696 1386 3759 Montes
1399 3695 1520 3762 excelsi
1536 3696 1662 3777 οοευότγ
1678 3699 1786 3778 petra,
1804 3713 1855 3760 re·

304 3821 365 3886 τρα
379 3805 550 3888 καταφυγὴ
565 3811 631 3881 τοῖς
645 3803 901 3889 χοιρογρυλλίοις.
1091 3799 1233 3882 samium
1248 3798 1434 3865 θενόνιαοίίε.

350 3907 392 3972 Εί
409 3929 465 3990 τις,
481 3909 586 3993 φησίν,
601 3909 724 3991 ἔροιτο·
746 3907 804 3974 Διόι
818 3905 847 3972 τί
862 3910 937 3993 όρη;
953 3908 1006 3974 διὰ
1027 3906 1057 3974 τί
1145 3901 1238 3979 Quod
1253 3903 1283 3965 si
1294 3904 1381 3985 quis,
1394 3903 1452 3982 ait,
1466 3904 1741 3986 interrogaverit,
1755 3921 1855 3985 quor-

306 4008 432 4096 πέτραις
449 4011 630 4097 μανθανέτω
646 4011 694 4077 ότι
716 4021 816 4077 ταῦτα
831 4010 1011 4098 ἀναγκαίως
1027 4015 1056 4079 έ-
1100 4025 1177 4070 sum
1191 4010 1348 4072 montes?
1359 4009 1410 4072 vad
1425 4009 1508 4092 quid
1519 4027 1602 4072 saxa
1619 4009 1784 4091 prosunt?
1798 4011 1855 4074 Di-

306 4114 534 4201 δηριουργήθη.
547 4115 586 4181 Εἰ
597 4117 659 4202 γόιρ
672 4115 712 4182 δι’
720 4116 795 4181 όλου
806 4117 935 4201 daturo
946 4114 1055 4195 πεδίας
1102 4117 1174 4175 scat
1190 4112 1306 4176 eadem
1330 4112 1434 4176 fuisse
1449 4112 1542 4176 haud
1560 4115 1633 4177 sine
1653 4115 1854 4178 necessitate

305 4217 398 4304 ἡγή,
419 4221 461 4305 μὴ
485 4221 606 4304 ἔχουσα
627 4221 696 4304 όρη,
722 4220 781 4284 οὐκ
803 4220 843 4284 όν
864 4222 906 4284 τὰ
927 4220 1056 4286 ποικίλα
1100 4220 1223 4280 creata.
1239 4219 1273 4280 si
1290 4218 1381 4280 euim
1398 4234 1440 4280 ex
1457 4217 1596 4296 integro
1612 4221 1702 4280 terra
1716 4219 1752 4280 iu
1764 4235 1854 4281 earn·

307 4322 441 4408 ουνέστη
458 4333 519 4390 τῦν
542 4323 631 4402 ζώων
645 4322 734 4409 γένη,
750 4323 869 4408 θᾶττον
891 4333 953 4390 τῶν
969 4325 1056 4412 ίσχυ-
1102 4323 1156 4403 pis
1179 4325 1391 4403 aquaretur,'
1405 4321 1548 4385 sublatis
1576 4322 1757 4403 montibus,
1779 4321 1853 4401 J'am

307 4427 530 4514 pertentaret(
560 4427 793 4512 ἀσθενεστέροις
823 4427 1055 4513 έπιπηδὼντυν.
1100 4443 1168 4490 non
1185 4431 1377 4490 constarent
1388 4427 1484 4490 varia
1495 4427 1700 4490 animalium
1713 4445 1852 4508 genera,

305 4531 372 4599 Νῦν
388 4531 458 4617 δέὴ
476 4539 536 4598 τῶν
549 4530 645 4616 όρέυν
661 4531 809 4609 σύστασις
819 4535 989 4619 καταφυγὴ
1001 4531 1054 4619 γέ·
1100 4529 1322 4594 validioribus
1354 4530 1576 4595 imbecilliora
1602 4531 1852 4598 invadentibus.

305 4658 390 4724 γονε,
405 4647 461 4703 τοῦ
477 4639 520 4724 μὴ
543 4635 754 4721 ἀσθενέστερα
768 4637 828 4701 ὑπὸ
850 4645 912 4722 τῶν
927 4638 1053 4724 ἰσχυρο-
1101 4637 1199 4699 Nune
1220 4651 1300 4698 vero
1326 4635 1493 4699 montium
1514 4637 1610 4700 sinus
1633 4636 1853 4701 debilioribus

306 4747 405 4829 τέρων
417 4742 610 4826 ἁλίσκεσθαι,
621 4744 676 4808 καί
690 4741 829 4829 μάλιστα
838 4743 924 4807 κατὰ
933 4745 987 4808 τόν
999 4752 1055 4810 τοῦ
1101 4739 1236 4819 refugio
1258 4744 1349 4836 suut,
1372 4757 1415 4804 ne
1434 4757 1454 4803 a
1476 4739 1673 4804 fortioribus
1696 4743 1854 4806 extermi-

344 4997 372 5035 v.
387 4980 428 5035 16.
441 4979 509 5036 Vat.
523 4979 549 5035 6.
802 5039 805 5046 ,
1138 4992 1167 5032 ν.
1181 4975 1224 5031 18.
1237 4975 1305 5031 Vat.
1323 4974 1405 5044 4,14.
1423 4973 1469 5030 cf.
1486 4973 1557 5030 Lae.
1575 4992 1605 5046 x,
1624 4974 1668 5030 19.
1687 4972 1798 5031 Ultima
1810 4972 1854 5033 vi·

343 5084 371 5123 v.
386 5066 428 5121 14.
442 5065 508 5121 Vnt.
521 5066 547 5136 4,
562 5065 602 5120 14.
615 5065 665 5121 Pe.
678 5081 792 5135 amu,
804 5065 849 5122 26.
861 5065 947 5122 Rom.
958 5082 1019 5126 ιον.
1032 5068 1059 5125 2·
1104 5061 1210 5120 dentur
1221 5077 1333 5131 manea,
1345 5059 1403 5116 nisi
1415 5059 1437 5116 f.
1450 5060 1532 5134 legas
1545 5063 1694 5117 ἁκούουσιν.

345 5171 373 5212 ν.
387 5154 429 5225 16,
443 5153 485 5210 17.
499 5155 565 5214 Vat.
580 5153 621 5209 la
635 5150 679 5208 uf.
693 5151 783 5209 etiam
794 5151 903 5209 Athen.
