4044 6104
870 471 1076 536 EUSEBIUS
1679 477 1740 540 421

247 632 278 678 ν.
295 613 348 674 31.
363 605 613 694 Ἀναγγέλλεται
627 615 671 694 τῷ
693 606 800 693 Κυρύιμ
820 611 916 693 γενεὰ
930 607 952 693 ἡ
999 630 1053 676 νον
1066 609 1143 695 πρός
1162 630 1201 695 με
1216 611 1253 675 σύ
1269 614 1313 697 μη
1331 609 1456 676 ἐκδαλύ
1476 610 1545 696 ἐξω,
1562 587 1621 678 oda¹
1636 614 1698 699 ἐφη
1717 614 1752 680 δέ

203 698 422 788 ἐρχομένη-
435 696 491 764 Τό·
503 693 655 762 Γένέαπο
676 697 780 762 εύεται
792 699 846 762 οιαὶ
858 700 954 783 γενεὰ
999 701 1053 764 τόν
1068 698 1211 765 ἐλθόντα.
1235 698 1297 765 Τόν
1318 702 1381 786 γόιρ
1397 699 1448 766 ἀεὶ
1473 701 1661 788 ἐνεργοῦντα
1675 703 1753 788 πρὸς

202 791 341 875 ἔρχεται,
350 786 470 852 ἐπύτύν
479 785 534 850 δύο
542 785 628 852 λαῶν
639 718 788 866 effetatio
798 806 888 870 τινες,
899 796 967 872 της·
1002 789 1098 853 αὐτὸν
1120 789 1211 873 ἥκειν
1232 786 1272 853 δι’
1288 788 1413 874 ύρετης,
1438 791 1498 854 οὐκ
1519 789 1668 857 ἐπύόιλλει
1682 791 1751 871 ἐξω.

204 876 455 1032 tilitlttlti
476 871 884 1049 ittftttittt
899 884 957 1029 l}
1003 875 1093 1033 ἓξὲξ
1109 877 1523 1032 {diffiditis
1539 880 1754 1034 ”illiti

203 1054 337 1141 λήσεται
357 1062 400 1139 τῷ
422 985 530 1138 ligiis
541 984 619 1139 πθθς
641 1061 702 1118 τῶν
716 986 949 1137 πρεσθευόνθθν
992 1075 1060 1140 νην,
1088 987 1317 1140 διναγγελοθθλν
1332 1063 1376 1142 τῷ
1394 989 1750 1142 τεχθησοςμένφρθεοθό-

202 1145 281 1229 ύπέρ
296 1143 395 1254 αὐτῆς
415 1139 576 1228 βοώντων·
599 1141 684 1226 Πρδς
705 1141 742 1208 σέ
760 1140 835 1226 ἔθνη
858 1141 949 1315 Zion-
992 1163 1039 1227 ιαμ
1054 1142 1131 1230 λαῷ,
1147 1144 1183 1208 δν
1199 1143 1216 1208 ό
1232 1142 1348 1228 Κύριος
1371 1143 1501 1229 ἐποίησε
1522 1144 1575 1210 ora
1597 1142 1749 1251 rotidioa

203 1254 253 1298 σιν
267 1232 312 1297 ἀπ
332 1230 478 1316 ἐσχάτων
492 1237 550 1315 της
608 1251 634 1312 ς,
650 1232 705 1295 καὶ
717 1250 857 1315 προσκυν
881 1252 952 1295 σου·
996 1232 1139 1317 αἵματος,
1154 1230 1295 1310 καλέσας
1309 1235 1364 1297 τδν
1379 1232 1457 1298 λαδν
1473 1232 1599 1298 ἑαυτοῦ.
1616 1235 1700 1299 Itod.

203 1343 243 1387 σι
268 1321 346 1406 Περὶ
359 1321 400 1405 ης
415 1339 510 1405 φησιν
525 1320 543 1383 δ
597 1321 691 1404 ύριος,
707 1319 756 1385 ότι
769 1319 805 1384 τό
821 1318 953 1406 ἐρχόμε-

495 1585 500 1592 ι
795 1476 965 1556 Psalmus
989 1473 1160 1556 XXIII.

247 1657 280 1701 v.
297 1638 327 1717 i,
352 1637 382 1700 8.
405 1632 529 1719 Ἀρατε
550 1632 662 1716 πύλας,
686 1633 715 1698 ot
737 1635 899 1720 ἄρχοντες,
923 1635 955 1699 a
1042 1655 1074 1700 v.
1091 1639 1122 1700 8.
1138 1638 1420 1721 Aooltiuportos,
1428 1641 1609 1722 potantes,
1624 1644 1751 1706 oestrus

206 1748 282 1826 μων,
298 1737 539 1824 καλέπάρθητε,
554 1736 954 1820 alterumalteum·
998 1745 1031 1804 et
1050 1740 1231 1823 elevamini,
1242 1747 1346 1824 porta
1361 1744 1537 1826 somnos,
1556 1749 1588 1810 et
1600 1743 1751 1811 introibit

205 1842 380 1908 λεύσεταιδ
393 1839 954 1929 βασιλεὺςτηςδόξης....Κύριοςτων
997 1861 1056 1909 ret
1072 1847 1186 1930 μύονύα
1187 1895 1238 1912 .....
1255 1850 1414 1914 Dominus
1427 1851 1598 1931 uirtutum,
1619 1851 1689 1932 ipse
1703 1857 1753 1916 est
1850 1825 1883 1896 -’

205 1947 378 2034 δυνάμεων,
396 1944 490 2025 αὐτός
505 1947 589 2011 ἐστιν
601 1945 722 2024 ούτοςό
738 1945 954 2033 βασιλεύςτης
998 1965 1057 2014 ret
1077 1949 1199 2033 pluria.

205 2053 309 2138 δόξης.
334 2055 434 2120 Vatia.
452 2054 526 2132 637,
542 2053 573 2117 2.
1660 2083 1663 2088 ¹

250 2155 320 2223 Ούιι
334 2157 430 2222 εἶπεν·
446 2151 611 2234 Ἀνοέξατε
633 2153 735 2232 πύλας
750 2155 846 2240 ὑμῶν,
863 2156 905 2222 ὢν
920 2153 956 2238 ἡ·
1044 2160 1118 2223 Non
1133 2160 1377 2243 dixitrAperite
1390 2168 1504 2246 portas
1516 2168 1655 2246 vestras,
1668 2184 1750 2247 qua·

205 2261 311 2348 γεῖσθε
326 2262 382 2326 καὶ
395 2258 571 2346 τυγχάνετε
586 2257 736 2344 φύλακες.
750 2257 808 2337 Ὣς
821 2261 884 2345 γὰρ
898 2278 956 2324 κα-
999 2279 1076 2326 rum
1099 2266 1180 2329 estis
1202 2267 1362 2348 praesides
1386 2273 1420 2332 et
1453 2268 1621 2348 custodes.
1654 2272 1749 2335 Siout

205 2369 289 2448 πιὼν,
303 2364 587 2451 τιλίναςούρανούς,
600 2361 805 2448 ούιιόινούξας,
820 2363 953 2452 κατέδη,
999 2367 1146 2433 enimin
1169 2369 1333 2436 descensu
1354 2389 1417 2436 suo
1445 2374 1615 2438 inclinans
1637 2376 1750 2454 ooelos,

205 2474 258 2538 τδν
273 2471 368 2538 αὐτόν
381 2465 498 2556 τρόπον
511 2467 714 2554 ἀναληφθεὶς,
727 2470 786 2535 οὐκ
801 2468 954 2557 ύνοιχθει·
999 2489 1067 2536 nou
1082 2473 1249 2553 aperiens,
1264 2475 1422 2558 delapsus
1441 2479 1503 2556 est,
1518 2474 1635 2540 eodem
1652 2478 1752 2541 modo

205 2585 270 2642 σῶν
291 2573 482 2656 τῶνπυλῶν,
499 2572 572 2638 ἀλλ’
585 2571 787 2659 αἱρουμένων,
811 2573 955 2659 εἰσῆλθεν
1000 2577 1194 2658 ascendens,
1207 2580 1291 2660 quin
1302 2584 1408 2659 portae
1418 2580 1751 2661 aperiantur,introi-

207 2679 246 2744 δι’
257 2680 365 2762 αύτδις,
388 2676 431 2755 ὣς
453 2677 584 2762 λογικὰς
606 2677 641 2742 δὲ
663 2678 790 2760 ταύτας,
814 2677 956 2764 ἐπαρθεί-
999 2680 1051 2744 vit
1065 2698 1125 2761 per
1140 2699 1196 2745 eas
1219 2682 1381 2762 sublatas,
1397 2700 1473 2764 quaa
1492 2685 1544 2746 uti
1567 2685 1750 2752 rationales

207 2805 276 2862 σας.
293 2782 508 2868 Πνευματικαὶ
522 2779 557 2847 δέ
577 2782 664 2864 εἰσιν,
680 2783 734 2846 καὶ
754 2782 791 2847 ού
805 2783 956 2868 πρόσκαι·
1000 2801 1036 2848 se
1051 2785 1281 2850 elevaverunt.
1305 2787 1506 2868 spirituales
1525 2792 1640 2851 autem
1659 2793 1751 2869 sunt,

205 2909 266 2973 ροι,
283 2887 335 2952 aa
357 2888 393 2951 τδ
416 2884 514 2951 δόλον
528 2887 583 2950 καὶ
605 2884 777 2971 ἀκήρατον.
799 2886 957 2967 Βασιλεύς
1000 2906 1063 2952 neo
1074 2885 1288 2970 transitoria,
1297 2888 1339 2953 ob
1348 2906 1459 2968 genus
1470 2891 1622 2955 materiae
1630 2909 1751 2973 expers

93 3072 96 3081 γ
204 2993 240 3058 δέ
255 2991 350 3077 δόξης
361 2991 378 3056 δ
390 2989 504 3076 Σωτὴρ
521 2991 643 3075 εἴρηται
654 2999 698 3076 τῷ
709 2990 833 3069 πάντως
846 2993 956 3079 ἄρχειν
1001 2997 1035 3056 et
1049 2994 1281 3076 purissimum.
1295 2998 1366 3059 Rex
1381 2999 1497 3058 autem
1509 2996 1629 3074 gloriae
1641 2994 1751 3059 dietus

186 3107 267 3190 Ιττύν
289 3095 450 3180 ἐπιδόξων,
466 3095 508 3174 ὡς
530 3096 619 3180 παρὰ
641 3095 766 3161 πάντων
788 3095 957 3183 δοξαζόμε-
1001 3104 1052 3162 est
1064 3101 1227 3180 Salvator,
1240 3117 1282 3162 ex
1294 3116 1332 3162 eo
1349 3100 1440 3179 quod
1452 3101 1589 3164 omnino
1601 3100 1753 3182 praeemi·
1867 3172 1872 3190 ί

203 3224 267 3284 νος,
282 3204 337 3268 καὶ
353 3200 481 3288 μόνιμον
497 3201 579 3287 ἔχων
590 3202 649 3286 τὴν
664 3199 836 3287 βασιλείαν,
849 3201 890 3286 ἣν
900 3202 957 3266 καὶ
1001 3206 1080 3264 neat
1095 3201 1196 3265 rebus
1212 3202 1382 3283 gloriosis,
1398 3207 1438 3265 ut
1453 3203 1513 3284 qui
1529 3203 1572 3266 ab
1595 3204 1753 3268 omnibus

204 3315 352 3394 χορηγῶν
374 3314 438 3384 τοῖς
461 3303 557 3384 ἀξίοις
580 3303 698 3388 ταύτης
720 3305 843 3389 εἴρηται
858 3304 876 3369 δ
891 3304 956 3369 Κύ·
1001 3306 1171 3384 gloriosus
1193 3306 1364 3369 salutatur
1386 3309 1421 3369 et
1440 3307 1580 3371 unicum
1604 3308 1755 3389 possidet

205 3432 279 3495 ριος.
302 3411 342 3477 Εἰ
363 3412 425 3497 γὰρ
449 3411 601 3495 ἔγνωσαν,
626 3409 731 3493 φησὶν,
759 3409 818 3474 οὐκ
841 3409 881 3474 δν
902 3410 956 3474 τόν
1000 3426 1158 3488 regnum,
1171 3410 1261 3490 quod
1274 3410 1389 3488 dignis
1400 3427 1507 3490 quum
1524 3411 1708 3492 distribuit,
1722 3429 1754 3474 e·

203 3515 322 3601 Κύρισν
336 3525 394 3600 της
409 3513 502 3598 δόξης
525 3513 737 3598 ἐσταύρωσαν.
753 3512 855 3590 Ούτος
876 3513 956 3577 ἐκεῖ·
996 3512 1054 3594 jus
1069 3516 1210 3577 vocatus
1223 3516 1275 3577 est
1285 3514 1460 3577 Dominus.
1479 3515 1640 3577 «Etenim
1657 3516 1685 3578 si
1701 3533 1753 3579 eo-

203 3641 266 3704 νος,
282 3622 387 3705 φησιν,
403 3621 439 3685 δν
453 3618 531 3702 ῐσθε,
547 3619 576 3683 εἰ
590 3619 645 3682 καὶ
666 3625 758 3703 σῶμα
773 3615 955 3701 περίκειται,
1001 3617 1210 3698 gnavisaent,
1227 3617 1349 3698 inquit,
1366 3634 1434 3682 non
1449 3618 1543 3682 oraui
1558 3619 1668 3681 Deum
1680 3620 1753 3697 glo-

203 3726 282 3808 πρός
297 3725 369 3801 τούς
384 3723 418 3803 ἐξ
433 3723 519 3808 ὑμῶν
533 3719 776 3808 τυραννίσαντας
799 3720 955 3810 πολεμῶν,
1001 3721 1061 3784 riae
1076 3719 1273 3785 affixissent.
1288 3742 1304 3780 u
1324 3723 1416 3785 Idem
1428 3722 1486 3786 ille
1499 3726 1559 3802 est,
1576 3722 1635 3802 ait,
1648 3739 1751 3804 quem

204 3829 260 3892 καὶ
290 3826 410 3904 πάντας
440 3824 583 3913 ἀριστεία
611 3823 812 3890 ααταδαλύν.
845 3825 891 3891 Τό
921 3825 957 3889 δέ
1000 3825 1152 3905 novistis,
1179 3825 1313 3889 etiamsi
1336 3841 1458 3906 eorpus
1482 3823 1641 3905 induerit,
1669 3825 1751 3889 dum

205 3930 403 4017 προσταχθέν
426 3929 459 3995 αἱ
484 3930 582 3996 πύλαι
607 3931 688 4016 μετὰ
710 3937 771 3995 των
792 3927 956 4016 ἀρχόντων
1000 3929 1129 3993 bellum
1145 3929 1309 3993 adversus
1325 3927 1401 3993 illas
1424 3932 1554 3992 vestras
1570 3932 1752 4010 potestates

205 4019 390 4120 ποιήσασαι,
413 4044 482 4113 ταῖς
497 4033 679 4120 ύπερτέραις
699 4034 779 4117 ἅπερ
801 4025 955 4121 ηαουσαν,
1001 4049 1076 4115 qua
1090 4033 1268 4115 tyrannice
1283 4033 1442 4113 agebant,
1459 4033 1621 4113 exercuit,
1634 4037 1669 4097 et
1683 4050 1752 4096 om·

207 4139 396 4226 ἀναγγεῐλαι
411 4139 523 4217 πύλαις
544 4140 600 4204 καὶ
622 4135 819 4223 πειθομέναις
841 4136 955 4225 ὁμοίως
1000 4155 1060 4201 nes
1082 4136 1280 4201 fortitudine
1299 4155 1363 4200 sua
1383 4154 1510 4218 susque
1525 4137 1637 4200 vertit.
1661 4139 1754 4200 Post-

206 4243 360 4326 ἐδίδαξαν.
1000 4242 1752 4324 quamautempraaeeptumilludportaeoum

1000 4347 1211 4430 principibus
1243 4348 1479 4428 impleverunt,
1499 4363 1575 4428 quae
1601 4345 1750 4424 audiere,

1001 4470 1042 4516 ea
1055 4452 1214 4516 similiter
1228 4451 1386 4515 nuntiare
1401 4450 1633 4538 superioribus
1648 4452 1751 4532 posti·

921 4599 923 4614 .
1000 4557 1065 4620 bus
1090 4555 1291 4620 didicerunt.

248 4661 439 4750 Ὠριγένους,
455 4661 619 4751 anaspia,
632 4661 850 4748 Θεοδωρήτου.
868 4659 957 4738 Τινὲς
1046 4659 1204 4742 meam,
1220 4657 1364 4737 Boeotii,
1376 4655 1571 4722 Pteodoreto'.
1588 4657 1751 4720 Nonnulli

178 4807 182 4818 ·
205 4769 241 4834 δέ
257 4770 315 4854 την
336 4767 485 4854 δευτέραν
507 4777 616 4835 πεῦσιν
639 4770 696 4834 καὶ
717 4766 891 4851 ἀπόκρισιν,
919 4763 956 4829 οὐ
1001 4767 1116 4826 autem
1131 4763 1272 4825 alteram
1284 4763 1383 4825 aiunt
1399 4761 1701 4839 interrogationem
1717 4765 1752 4824 et

205 4883 275 4952 ταῖς
291 4875 336 4939 ἐτι
358 4872 504 4959 ἀνωτέρω
520 4873 670 4962 δυνάμεσι
693 4869 837 4960 εἰρῆσθαί
850 4890 956 4957 φασιν,
1002 4865 1253 4947 responsionem
1269 4882 1337 4929 non
1363 4865 1469 4944 dirigi
1488 4865 1532 4928 ad
1559 4865 1751 4945 superiores

207 4977 293 5043 ἀλλὰ
306 4987 376 5057 ταῖς
391 4977 511 5056 αὐταῖς.
1002 4974 1196 5053 potestates,
1207 4970 1266 5034 sed
1281 4969 1324 5032 ad
1340 4970 1484 5034 easdem.

241 5111 291 5168 Pa
302 5127 391 5182 xxm,
404 5128 432 5171 ν.
443 5111 470 5166 8.
483 5111 552 5168 Vsa
565 5110 609 5181 16,
621 5108 652 5166 in
662 5123 719 5181 quo
731 5107 824 5164 miror
833 5112 894 5164 tum
906 5125 957 5182 op
1000 5120 1069 5160 oum
1080 5101 1178 5173 editis,
1197 5101 1453 5174 desideratamque
1471 5102 1503 5158 in
1514 5101 1559 5159 eis
1575 5107 1752 5160 eommunia·

207 5193 958 5276 portauerepparisaeme,quoeaptissimeoohaerent
1002 5188 1751 5265 riumpleneetoongruaeonflaiunt.Gt1,00r.rr,d
