4020 6098
740 416 784 481 IN
807 415 1010 482 PSALMUII
1032 417 1167 483 CXVIII
1673 422 1738 488 265

195 555 318 636 ἀδικίας
334 553 517 641 ἀπόστησον
540 554 595 622 ἀπ’
606 554 693 642 ἐμοῦ,
709 554 752 633 ύς
770 555 943 642 τυγχάνον·
988 561 1048 636 est,
1071 557 1130 621 sed
1144 555 1231 623 dixit
1245 557 1320 622 hacc
1345 559 1436 626 Viam
1446 560 1639 643 iaqaatata
1653 579 1738 628 ama-

193 681 254 726 οαν
268 661 302 726 έν
324 661 402 747 ἐμοὶ,
425 663 480 725 καὶ
494 660 736 746 ἐνυπάρχοοσάν
759 681 819 746 μοι.
843 656 942 726 Ὅσον
986 677 1024 724 ac
1037 675 1059 724 a
1074 676 1133 739 aaa,
1163 677 1203 722 ec
1218 662 1247 724 si
1264 662 1321 724 via
1337 661 1373 724 in
1399 680 1454 726 me
1480 665 1568 728 adsit
1594 671 1628 730 et
1653 667 1740 731 mibi

193 765 256 851 γόιρ
271 765 365 849 ἐσμεν
380 765 426 828 ἐτι
440 762 564 850 φαῦλοι,
579 761 601 847 η
617 764 687 841 όδός
701 773 759 848 της
775 762 898 840 ἀδικίας
909 763 943 829 ἐν
988 763 1106 826 indita.
1126 764 1295 839 Quadeu
1310 767 1401 830 enlm
1413 769 1510 849 pravi
1532 787 1661 850 sumus,
1683 773 1741 835 via

193 866 270 954 ἡμῖν
281 869 375 950 ἐστιν,
388 869 443 931 καί
454 867 558 932 πάντα
574 868 630 952 μέν
645 866 812 952 πρακτέον,
824 869 876 932 iva
888 868 943 931 αύ-
996 867 1188 946 iniquitatis
1201 869 1236 930 in
1247 868 1344 932 noble
1355 875 1416 949 est,
1429 876 1462 933 et
1473 873 1588 935 omnio
1602 891 1742 938 moven-

192 973 253 1056 την
268 969 484 1056 ἀπωθηοωμεν
498 979 555 1055 της
571 968 787 1056 ψυχηςὴμῶν·
803 971 942 1058 μάλιστα
995 969 1037 1032 ds
1048 975 1140 1050 sunt,
1152 973 1192 1032 ut
1207 972 1301 1034 illem
1317 972 1359 1035 ab
1370 975 1486 1037 anima
1500 980 1615 1039 nostra
1629 976 1741 1057 ejicis·

194 1073 229 1138 δὲ
249 1071 330 1139 Θτόν
353 1077 504 1158 συνεργόν
526 1074 571 1149 εἰς
592 1083 683 1138 τοῦτο
706 1072 940 1158 παρακλητέον,
989 1089 1076 1152 mus,
1092 1079 1166 1136 tum
1181 1090 1262 1138 vero
1277 1077 1479 1142 maximead
1494 1078 1582 1143 hanc
1593 1097 1666 1142 rem
1678 1082 1740 1144 Dei

194 1178 256 1259 ίνα,
279 1177 397 1262 ταύτης
422 1176 607 1261 ἀποστάσης
628 1177 728 1262 ἡμῶν,
756 1178 938 1264 δυνηθῶμεν
989 1177 1157 1240 auxilium
1174 1177 1422 1258 implorandum
1435 1186 1495 1260 est,
1509 1187 1738 1265 utpostquem

195 1281 310 1346 εἰπεῖν·
326 1283 381 1344 καί
395 1289 439 1366 τῷ
454 1280 539 1364 νόμῳ
550 1301 608 1345 σου
619 1279 771 1364 ἐλέησον·
784 1280 943 1360 ἀξιοῦντες
987 1280 1048 1344 illa
1061 1297 1082 1342 e
1097 1279 1193 1344 noble
1209 1284 1394 1363 recesserit,
1411 1284 1524 1348 dicere
1542 1287 1739 1351 veleamus:

194 1383 279 1470 νόμῳ
295 1383 378 1451 Θεοῦ
393 1383 455 1450 ἀπό
478 1383 561 1451 Θεοῦ
576 1383 755 1468 ἐλεηθῆναι,
772 1387 797 1471 ᾧ
816 1405 943 1471 νινομο-
986 1385 1033 1448 Et
1044 1384 1161 1465 όπίορο
1175 1387 1231 1448 taa
1245 1386 1398 1452 micam
1412 1389 1476 1452 arci
1485 1413 1496 1472 .·
1511 1390 1741 1471 supplicantes

195 1487 328 1574 θέτηκιν
342 1488 360 1553 δ
375 1487 465 1571 Θεὸς,
489 1487 530 1566 ὡς
546 1489 585 1554 ἀν
607 1510 653 1566 τις
667 1490 748 1554 τίποι
771 1490 885 1574 ἰατρῷ·
901 1487 943 1565 ὡς
987 1490 1067 1568 Deo,
1083 1494 1122 1552 ut
1136 1490 1180 1552 ob
1202 1491 1314 1568 legem
1331 1509 1433 1572 quam
1450 1495 1521 1575 ipse
1546 1495 1626 1558 tulit
1640 1496 1742 1575 Deus,

199 1593 325 1678 ἀπαντᾷ
340 1593 358 1657 ὁ
373 1593 511 1677 ἰατρικός
528 1591 631 1678 λόγος,
648 1592 750 1678 ἀγαγέ
767 1613 805 1678 με
819 1593 871 1658 ἐπὶ
884 1595 944 1678 τὴν
988 1593 1219 1656 miserIoordIa
1235 1611 1501 1678 consequamur,
1513 1597 1651 1678 perinde
1663 1599 1743 1663 acsi

201 1695 329 1783 ὑγιείαν,
357 1697 419 1762 εἴτε
445 1703 566 1782 τομαῖς,
594 1697 656 1762 εἴτε
682 1705 866 1782 καυτηρσιν,
890 1696 947 1762 εἴθ’
991 1697 1176 1779 quisdicat
1195 1700 1341 1764 medIco:
1365 1702 1470 1764 Prout
1488 1703 1657 1766 succurrit
1674 1719 1743 1766 me·

197 1799 334 1866 όποοοῦν
349 1798 561 1865 ύποθόιλλεται
572 1810 633 1865 τῶν
647 1797 801 1866 ἐπιπόνων
816 1799 875 1862 bad
886 1807 944 1885 της
989 1801 1110 1866 dicinae
1126 1805 1222 1883 ratio,
1243 1804 1329 1868 educ
1354 1821 1409 1868 me
1437 1805 1473 1869 in
1492 1807 1684 1885 sanitatem,
1700 1807 1744 1870 si·

198 1905 340 1990 ἰατρικῆς
354 1906 409 1969 καὶ
423 1913 483 1970 τῶν
498 1904 600 1991 νόμιον
615 1903 722 1987 τότ-ης.
987 1923 1029 1968 ve
1051 1907 1269 1988 sectionibus,
1294 1908 1368 1970 sive
1391 1909 1677 1989 ustulationibus,
1699 1909 1744 1973 si·

241 2008 343 2075 Τοῦτο
355 2009 390 2074 δέ
404 2008 422 2073 ό
436 2009 492 2094 μὲν
507 2007 648 2085 Ἀκύλας
660 2008 731 2073 όδόν
747 2005 881 2093 ψεύδους
892 2007 945 2072 ἐκ·
988 2025 1029 2072 νε
1044 2011 1285 2092 qualicumque
1308 2011 1407 2076 modo
1433 2015 1493 2093 qui
1520 2013 1677 2078 dolorem
1700 2015 1745 2078 Ir-

195 2111 346 2178 δέδιοκεν
363 2112 380 2177 ό
395 2111 430 2178 δέ
445 2112 619 2198 Σύμμαχος
634 2113 706 2177 ὁδόν
726 2111 826 2196 ψευδῆ
842 2109 944 2195 περίε-
988 2097 1088 2191 roget
1112 2130 1154 2177 ex
1183 2119 1255 2178 arte
1281 2115 1412 2180 medica
1436 2133 1554 2198 exque
1581 2118 1675 2182 illins
1697 2119 1744 2183 le-

195 2216 242 2282 λι.
257 2217 322 2282 Καί
337 2218 424 2302 οἶμαι
438 2214 708 2302 προοροριύτερον,
721 2213 943 2300 ἐπείδέχόμε-
989 2217 1105 2294 gibus.
1134 2252 1172 2262 —
1201 2219 1272 2282 Hoc
1302 2223 1416 2283 autem
1449 2221 1579 2302 Aquila
1605 2221 1743 2301 quidem

194 2343 247 2400 νος
262 2319 369 2407 στίχος
383 2323 442 2406 την
465 2317 653 2398 ἀπεναντίας
668 2329 723 2384 τοῦ
740 2319 875 2404 ψεύδους
891 2317 944 2384 ἀν-
987 2321 1076 2385 aiam
1092 2321 1255 2387 mendacii
1266 2323 1431 2404 exposuiq
1444 2324 1674 2406 Symmachus
1688 2344 1745 2390 ve·

195 2423 345 2510 τιτίθηοιν
368 2423 528 2507 ἀληθειαν,
551 2425 673 2500 δεικνύς
695 2425 730 2486 τό
752 2421 945 2487 ἀκόλουθον·
992 2443 1039 2488 ro:
1050 2427 1139 2490 aiam
1150 2426 1454 2509 madaccmaaser.
1464 2428 1558 2503 Quod
1570 2429 1672 2493 etiem
1684 2447 1745 2512 pu·

195 2523 288 2596 Ὁδόν
302 2529 374 2615 γὰρ,
390 2528 477 2613 φησί,
492 2527 644 2612 ἀληθείας
659 2525 863 2613 ᾑρετιοόμην.
989 2533 1025 2592 to
1049 2530 1268 2612 probabilius,
1307 2532 1432 2613 quippe
1463 2549 1569 2612 quum
1583 2567 1586 2574 ·
1598 2549 1744 2613 sequens

988 2635 1179 2696 versiculus
1201 2636 1406 2698 contrariom
1431 2636 1606 2700 mendacio
1621 2639 1744 2701 verita·

988 2739 1058 2800 tem
1082 2739 1238 2816 opponat,
1260 2735 1436 2802 declarans
1466 2757 1581 2803 rerum
1604 2741 1743 2804 seriem:

1002 2840 1094 2906 Viam
1109 2841 1210 2919 enim,
1227 2840 1349 2922 inquit,
1369 2843 1521 2908 cecitatis·
1538 2843 1629 2925 οίορί.

240 2965 273 3012 v.
289 2947 341 3012 30.
357 2942 451 3011 Ὁδόν
462 2941 611 3028 ἀληθεύοις
622 2941 825 3030 ηρετισάμην,
838 2944 893 3008 καί
905 2944 946 3010 rt
1035 2961 1067 3006 ν.
1084 2945 1135 3008 30.
1162 2945 1253 3010 Viam
1271 2946 1423 3012 romanas
1445 2947 1537 3030 alepi,
1565 2953 1596 3013 et
1613 2946 1744 3029 jada'aa'a

198 3046 335 3134 κρίματά
349 3069 406 3114 σου
421 3049 479 3113 ούκ
492 3046 701 3134 ἐπελαθόμην.
997 3052 1219 3114 taaaoaraaa
1233 3047 1359 3113 caliace

244 3154 354 3219 Ταῦτα
368 3155 429 3238 γὰρ
441 3149 485 3229 τίς
497 3153 577 3237 ἐρεῖς
593 3159 800 3236 καταφρονῶν
813 3151 869 3236 μέν
884 3157 947 3216 τῶν
1045 3151 1139 3214 'I'alia
1153 3153 1231 3231 quis
1261 3151 1360 3214 dicii?
1376 3152 1437 3216 llle
1451 3153 1505 3218 vir
1516 3156 1575 3234 qui
1599 3159 1746 3222 contem·

200 3255 409 3344 βλεπομένων,
426 3255 469 3332 ὣς
483 3253 692 3340 προσκαίριον,
714 3257 840 3320 σκοπῶν
855 3255 890 3319 δέ
905 3254 946 3318 τά
991 3254 1044 3316 nIt
1059 3269 1098 3316 ea
1129 3269 1204 3334 quse
1219 3259 1417 3335 cernuntur,
1436 3258 1488 3320 nti
1517 3263 1744 3342 temporanea,

200 3362 244 3446 μὴ
262 3359 449 3446 βλεπόμενα,
461 3358 503 3434 ὡς
518 3358 637 3442 αίύνια,
650 3360 705 3423 καί
715 3357 820 3442 ἀληθη
833 3353 947 3440 κυρίοις
991 3362 1126 3439 spectet
1136 3375 1215 3422 vero
1225 3357 1267 3420 ad
1279 3375 1319 3421 ee
1331 3377 1406 3440 quae
1421 3379 1489 3424 non
1501 3361 1660 3426 videntur
1671 3381 1746 3446 pro-

199 3464 402 3549 ὑπάρχοντα·
416 3464 477 3527 ούκ
488 3460 639 3547 ἀληθείας
654 3464 716 3548 γὰρ
729 3463 751 3548 ἡ
763 3461 844 3544 όδός,
860 3460 945 3545 ἡέπί
996 3466 1035 3525 ut
1049 3466 1185 3542 eterna,
1202 3466 1236 3525 et
1247 3479 1323 3544 quae
1334 3465 1406 3526 sole
1418 3466 1552 3546 proprIe
1562 3483 1643 3529 vera
1652 3473 1743 3532 sunt.

200 3570 294 3650 δόξαν
315 3573 370 3636 καί
392 3569 528 3635 πλοῦτον
550 3569 686 3655 ἐπίγειον
709 3570 880 3655 δδηγοῦσα
897 3564 948 3631 Ἐ-
991 3568 1152 3630 VerItetis
1167 3583 1314 3648 namque
1330 3567 1386 3630 vio
1404 3583 1475 3631 non
1492 3572 1544 3632 est
1559 3588 1635 3651 quae
1651 3571 1746 3636 ducii

199 3683 289 3741 κεῖνα
303 3674 339 3738 δέ
353 3671 399 3751 τίς
413 3672 512 3757 ζητεῖ,
536 3681 597 3738 τῶν
610 3672 769 3758 κριμάτων
791 3679 847 3735 τοῦ
863 3668 947 3736 Θεοῦ
992 3671 1034 3735 ed
1047 3671 1203 3750 gloriam,
1215 3669 1302 3734 etad
1315 3687 1393 3752 opes
1408 3672 1607 3738 mundanus.
1621 3674 1746 3754 Hujus·

204 3776 410 3864 μεμνημένος,
425 3778 481 3842 καί
497 3784 555 3860 της
570 3776 621 3841 ἐπ’
631 3775 761 3852 ἐκείνοις
776 3772 949 3840 ἀνταποδό-
991 3774 1082 3839 modi
1097 3778 1212 3837 nutem
1227 3791 1280 3840 res
1297 3775 1460 3855 quIsnam
1476 3779 1699 3860 persequitur,
1715 3781 1745 3844 si

201 3903 299 3966 αεῶςς
991 3879 1184 3943 meminerit
1194 3878 1343 3959 judicior
1353 3897 1411 3942 um
1428 3881 1490 3944 Dei
1506 3887 1539 3945 et
1555 3883 1747 3948 retributio

991 3985 1045 4048 nis
1061 3984 1139 4047 inde
1155 3983 1350 4063 pendentis?

244 4109 276 4153 v.
294 4090 345 4153 32.
362 4086 455 4153 Ὁδόν
477 4087 611 4154 ἐντολῶν
632 4109 688 4153 σου
712 4087 858 4174 ἔδραμον,
872 4088 948 4152 όταν
1035 4107 1067 4152 ν.
1085 4089 1137 4151 32.
1157 4090 1247 4154 Viam
1256 4086 1626 4157 mandatoaamtaaaum
1637 4111 1748 4162 cacta-
1776 4145 1778 4148 .

201 4193 377 4271 ἐπλάτυνοις
391 4196 450 4279 τὴν
466 4193 598 4277 καρδίαν
613 4213 683 4279 μου.
991 4193 1035 4272 ον’,
1051 4209 1122 4257 cram
1141 4191 1292 4257 dilatasti
1310 4185 1363 4256 aar
1377 4211 1491 4258 meam.

244 4295 283 4362 Ol
297 4297 385 4384 λόγοι
401 4299 436 4363 δέ
450 4308 511 4363 τῶν
522 4297 657 4364 ἐντολῶν
668 4297 877 4374 πλατύνοντες
887 4298 946 4381 τὴν
1036 4299 1213 4360 Sermones
1243 4296 1489 4379 mandatorum,
1516 4301 1577 4380 qui
1600 4301 1745 4366 dilatant

199 4400 341 4486 καρδίαν,
359 4401 490 4466 εὔκολον
506 4402 586 4486 αὐτη
598 4399 876 4485 παρασκευάζουσι
891 4407 948 4485 τῆς
992 4418 1059 4480 cor,
1075 4402 1212 4482 planem
1227 4400 1319 4464 cordi
1342 4401 1436 4464 viam
1463 4408 1619 4468 sternunt
1637 4405 1680 4468 ad
1694 4406 1743 4469 vi·

200 4513 379 4591 πρακτικης
393 4508 452 4591 τὴν
467 4504 549 4570 ὁδόν.
992 4509 1063 4568 tam
1078 4509 1260 4568 actuosam.

233 4893 262 4933 ν.
276 4875 319 4932 θθ.
332 4877 400 4934 vac.
419 4877 445 4949 5,
464 4879 552 4950 12,16.
567 4875 681 4934 Similia
699 4893 764 4950 quae
782 4877 832 4935 BB
845 4878 949 4936 omise-
992 4879 1040 4930 καί
1056 4877 1097 4929 ἐπ’
1115 4876 1206 4930 ἐκεῖνα
1224 4875 1367 4929 παίδων...
1389 4877 1443 4943 γὰρ
1466 4876 1528 4941 όδός
1545 4874 1578 4944 ην
1596 4877 1709 4943 αἱρεῖται
1725 4877 1742 4930 ό

197 4967 276 5034 runt,
289 4963 419 5021 sonavit
430 4963 586 5022 Gorderius
605 4981 671 5020 cum
682 4963 730 5019 his
747 4965 950 5038 varietatibus,
992 4965 1242 5031 πραγματευόμενος
1253 4963 1299 5014 τόν
1311 4965 1386 5014 κότον
1397 4963 1512 5015 πλοῦτον
1524 4965 1572 5015 καί
1583 4964 1631 5027 τὰς
1640 4964 1683 5016 ἐπί
1690 4966 1741 5030 τίς

200 5065 266 5121 quse
279 5050 473 5123 paraphrasin
482 5051 634 5109 affectant.
647 5053 699 5106 Τόν
717 5058 806 5120 στίχον
817 5057 912 5108 τοῦτον
924 5056 950 5108 Ι·
993 5050 1082 5114 δόξας.
1095 5051 1126 5102 et
1137 5051 1245 5102 oaetera.
1256 5044 1425 5120 proIIxiora.

199 5143 240 5205 ρετ
252 5139 332 5206 μόνος
344 5141 360 5194 ό
371 5143 578 5206 καταφρονῶν...
590 5143 637 5193 καί
653 5141 722 5206 μόνα
739 5141 835 5206 κυρίοις
853 5140 951 5209 amia,
1027 5153 1056 5194 v.
1069 5135 1113 5191 82.
1129 5133 1194 5193 Vct
1207 5133 1232 5190 5.
