4036 6090
807 398 850 461 IN
873 398 1059 462 Pssullos
1657 396 1718 458 165

174 541 252 628 μούς
266 538 302 606 δὲ
315 534 401 625 λέγει
415 537 486 623 περὶ
501 537 543 602 ὢν
560 535 695 622 εἴρηται·
718 533 861 621 Ποταμοὶ
882 535 921 600 ἐκ
964 493 1017 600 na
1025 537 1108 602 dicit
1122 537 1163 600 de
1184 536 1318 620 quibus
1335 536 1511 600 scribitur:
1535 536 1722 600 «Flumine

172 653 232 729 τῆς
245 640 367 720 κοιλίας
389 642 487 706 αῦτοῦ
509 640 672 726 ῥεύσονται
692 639 805 718 ύδατος
827 639 921 706 ἀλλο-
965 639 1006 703 de
1020 645 1140 704 ventre
1155 638 1230 720 ejus
1252 639 1397 704 exibunt
1413 640 1672 720 uquaeselientis
1684 641 1721 704 in

174 745 429 834 [circuncisionis
447 743 581 812 αίόινιον.
964 743 1069 808 vitum
1085 747 1288 808 aeternam.»

215 872 248 918 v.
265 854 318 918 34.
331 850 378 917 Τό
388 850 424 916 δὲ
435 848 524 926 ίλεός
540 869 600 936 μου
615 849 652 914 ού
665 851 709 935 μὴ
722 847 920 915 διασκιδάσω
1009 866 1041 911 ν.
1058 849 1110 911 34.
1128 845 1393 912 Misericordiam
1415 850 1522 912 παίωνι
1543 864 1645 913 ooeom
1657 864 1721 912 ooo

173 955 230 1024 ἀπ’
241 956 347 1040 αύτοῦ,
364 955 438 1021 οῦδὲ
453 955 496 1042 μη
520 950 666 1038 ἀδικήσω
680 953 715 1020 ἐν
732 953 772 1038 τῇ
788 951 922 1040 ἀληθείη
949 943 1149 1034 ’ἀίυρειρααι
1163 951 1201 1019 αθ
1215 967 1260 1032 ιο,
1289 967 1389 1034 oeque
1403 949 1512 1018 coceio
1526 952 1564 1016 io
1583 951 1721 1018 oooiioce

175 1082 246 1149 μου.
968 1071 1050 1120 oceo.

218 1162 343 1232 Ἀδικεῖ
355 1164 415 1250 την
429 1159 643 1248 κληρονομίαν
654 1160 672 1226 ό
684 1157 834 1245 ἁρπάζων
848 1159 922 1237 τοῦς
1009 1161 1113 1224 Nocet
1128 1158 1317 1224 hereditati
1332 1158 1392 1240 qui
1411 1159 1534 1240 spoliet
1548 1159 1716 1238 heredem
1773 1199 1776 1205 s

171 1266 400 1354 κληρονόμους,
411 1268 466 1331 καί
478 1265 612 1352 ἁρπάζει
622 1265 682 1350 τὴν
696 1272 811 1350 γνῶσιν
826 1263 923 1329 όποι-
967 1267 1001 1327 et
1016 1265 1105 1346 repit
1118 1264 1306 1348 scientiam,
1322 1264 1383 1345 qni
1398 1263 1549 1344 impuros
1564 1263 1646 1328 iecit
1660 1280 1720 1330 eos.

172 1381 217 1440 ων
237 1371 437 1456 ἀκαθάρτους
457 1373 531 1448 τούς
552 1368 736 1455 πεφυκότας
756 1366 923 1454 γινώσκειν
967 1369 1028 1450 qui
1040 1368 1524 1447 adcognoseendamesmnnti
1536 1372 1625 1431 sunt.
1638 1367 1719 1431 Haec

172 1475 282 1562 αύτύν.
298 1475 409 1542 Ταῦτα
423 1475 458 1541 δὲ
473 1473 577 1541 πάντα
587 1473 605 1539 ό
615 1461 733 1557 Κύριος
748 1473 793 1551 είς
808 1470 922 1538 ἑαυτὸν
967 1459 1047 1537 νέυυ
1063 1473 1202 1536 omnino
1222 1472 1387 1536 Dominus
1410 1471 1547 1535 sibimet
1568 1469 1718 1550 ascribit,

173 1579 373 1668 ἀναδέχεται,
388 1579 427 1645 ἐκ
439 1590 497 1667 της
511 1583 590 1664 πρός
604 1575 690 1665 ἡμᾶς
704 1575 869 1654 κοινωνίας
880 1577 921 1641 τόι
968 1577 1027 1658 qui
1040 1594 1082 1640 ex
1094 1592 1156 1641 suo
1168 1575 1265 1640 nobis
1275 1593 1354 1640 cum
1369 1575 1580 1655 commercio,
1591 1579 1724 1640 nostras

172 1681 315 1771 ἡμέτερα
339 1682 425 1768 πάθη
456 1680 706 1770 ἀναδεχόμενος·
737 1681 832 1758 αὐτὸς
860 1680 923 1766 γάρ
966 1681 1089 1763 recipit
1113 1679 1349 1743 infirmitates:
1374 1679 1446 1762 ipse
1470 1679 1561 1742 enim
1589 1677 1720 1742 dolores

172 1788 231 1864 τάς
245 1785 408 1865 ἀσθενείας
422 1785 512 1874 ἡμῶν
526 1775 613 1873 ἦρεν,
625 1786 681 1851 καί
691 1787 748 1864 τάς
763 1782 874 1862 νόσους
889 1783 919 1850 ὲ·
949 1789 1100 1878 ¹nostros
1115 1784 1274 1867 portavit,
1291 1783 1493 1864 morbosque
1508 1782 1658 1848 sustulit.

173 1891 343 1980 βάσταοεν.

219 2017 251 2062 ν.
268 1999 321 2062 36.
335 1989 445 2075 'Auci
466 1995 578 2082 ὤμοσα
599 1993 633 2062 ίν
647 2001 692 2080 τῷ
712 1990 792 2080 ἀγίμ
809 2014 878 2080 μου,
895 1992 925 2058 εί
1010 1993 1042 2057 ν.
1059 1995 1111 2058 36.
1132 1991 1239 2059 siout
1253 1991 1372 2074 jorooo·
1392 1991 1431 2056 ios
1451 1994 1562 2057 soluo
1583 2008 1661 2072 oceo,
1686 1991 1719 2057 si

175 2109 221 2188 τῷ
235 2098 331 2166 Δαυίδ
346 2099 512 2185 ψεύσομαι
966 2097 1077 2190 Ιλαυίά
1090 2098 1240 2163 mutuo.

219 2202 340 2289 Ὀρκος
353 2212 409 2269 τοῦ
422 2199 922 2288 Θεοῦήπαράύτοῦύπόσχεσις,
1018 2203 1259 2266 Jurumentnm
1281 2201 1344 2264 Dei
1363 2204 1415 2264 est
1436 2201 1613 2283 promissio
1637 2200 1720 2282 ejus,

178 2306 383 2392 ἀπαρόιόατος
399 2305 534 2393 λέγεται,
547 2304 589 2384 ύς
603 2307 659 2372 καί
674 2304 725 2372 τό·
739 2304 875 2392 Ὤμωαα
889 2305 924 2372 ἐν
967 2324 1043 2389 ques
1058 2306 1204 2370 transire
1225 2305 1341 2368 nesciu
1362 2301 1498 2385 dicitur,
1513 2305 1604 2368 sicut
1625 2309 1660 2368 et
1680 2307 1719 2369 il·

174 2412 309 2498 τῄόργῇ
326 2433 395 2498 μου.
966 2411 1047 2476 lud:
1074 2411 1226 2475 «Jurovi
1242 2411 1278 2473 iu
1294 2410 1346 2473 ira
1360 2425 1478 2472 mea.»

219 2534 251 2580 v.
268 2517 321 2582 40.
336 2512 549 2600 Ἐθεόὲλησας
571 2513 615 2591 είς
637 2520 699 2600 γῆν
720 2514 756 2577 τό
779 2511 924 2600 όιγίασμα
1010 2533 1042 2579 ν.
1058 2517 1112 2579 40.
1127 2512 1323 2597 Prosooosto'
1335 2514 1374 2578 io
1388 2516 1478 2579 torro
1491 2512 1718 2579 concurrum

177 2620 286 2686 αίποῦ.
966 2619 1047 2700 ojus.

219 2721 452 2810 Ἀγίασματοῦ
466 2722 550 2790 Θεοῦ
566 2721 599 2786 αἱ
613 2720 738 2808 λογικαὶ
754 2719 864 2807 ψυχαί.
1010 2723 1250 2789 sanctuarium
1265 2721 1337 2802 Dei,
1354 2722 1476 2785 animae
1487 2721 1693 2804 spirituales.

216 2849 248 2894 v.
265 2832 319 2895 43.
330 2824 480 2913 Ὕψωσας
490 2829 549 2915 τὴν
561 2825 664 2906 δεξιόιν
675 2834 737 2892 τῶν
748 2823 923 2892 θλιύόντιυν
1010 2847 1042 2890 ν.
1054 2828 1107 2891 42.
1119 2824 1461 2894 modicissimam
1471 2824 1718 2908 dopuouotiooe

171 2931 279 3000 αότόν.
575 2965 578 2972 >
970 2947 1051 2996 com.

215 3036 318 3116 Μόνος
333 3037 367 3105 ἐν
381 3039 420 3124 τῇ
436 3033 551 3124 γνώσει
564 3044 620 3102 τοῦ
642 3033 768 3120 Πατρός
783 3033 919 3119 ὑψοῦται
1011 3035 1109 3098 Solus
1123 3033 1160 3097 in
1174 3033 1370 3112 cognitione
1391 3032 1500 3096 Putris
1516 3031 1670 3098 Christus
1686 3049 1719 3096 e·

171 3143 320 3231 Χριστός.
820 3151 824 3160 ’
966 3138 1127 3201 saltetur.
1601 3171 1604 3178 -

215 3268 249 3314 ν.
264 3250 317 3314 45.
332 3245 522 3325 Κατίλυσας
533 3245 596 3311 ἀπό
606 3244 804 3330 καθαρισμοῦ
817 3241 921 3309 αύτόν.
958 3312 959 3316 ς
1010 3260 1041 3304 v.
1058 3239 1322 3306 seminatione·
1342 3255 1415 3306 clun
1428 3239 1468 3306 αύ
1486 3239 1718 3306 emundatione.

214 3347 355 3427 Ἔλυσας
375 3351 418 3414 τόι
438 3350 535 3435 πικρόι
556 3358 614 3435 της
639 3345 785 3424 δουλείας
807 3346 919 3432 δευμόι,
1013 3343 1206 3410 Dissolvisti
1229 3344 1405 3408 servitutis
1428 3344 1549 3407 acerba
1570 3345 1719 3424 vinculo,

170 3455 226 3520 καί
240 3454 300 3540 την
314 3451 499 3538 ἑλευθηρίαν
513 3451 662 3538 ἐδωρήσω
678 3461 743 3528 τοῖς
759 3449 922 3536 αἰχμαλύι-
966 3452 1000 3512 et
1030 3448 1186 3512 libertate
1216 3446 1349 3511 donasti
1379 3448 1550 3528 captivos,
1590 3447 1720 3512 offensa

168 3575 244 3642 τοις,
265 3559 308 3624 τόι
328 3556 623 3643 πεπλημμελημὲνα
644 3555 786 3640 παριδεῖν
807 3551 918 3638 ίθίλη-
966 3550 1047 3614 dum
1063 3551 1242 3630 negligere
1256 3550 1405 3613 voluisti.
1430 3551 1523 3626 Quod
1539 3567 1619 3614 veru
1639 3552 1716 3614 uni·
1794 3553 1797 3560 '

171 3682 240 3740 σας.
262 3657 337 3728 Ὀτι
357 3662 392 3726 δὲ
413 3662 469 3726 καί
491 3669 581 3727 πᾶσα
609 3667 672 3726 τῶν
702 3657 873 3744 ἀνθρώπων
899 3654 921 3741 ἡ
964 3673 1064 3718 versu
1078 3654 1256 3719 hominum
1273 3657 1429 3716 creatura
1442 3653 1507 3718 sub
1518 3654 1720 3736 captivitate

107 3815 112 3822 .
170 3763 262 3850 φύσις
276 3763 477 3850 αἰχμάλωτος
498 3764 549 3851 ην,
570 3765 625 3829 καί
647 3764 735 3848 παρόι
757 3769 812 3828 τοῦ
836 3761 922 3827 Θεοῦ
961 3758 1084 3839 jaceat,
1097 3775 1159 3822 nec
1171 3757 1237 3821 nisi
1249 3756 1339 3838 apud
1348 3757 1456 3821 Deum
1469 3761 1503 3820 et
1512 3760 1720 3822 salvatorem

170 3869 226 3934 καὶ
240 3877 382 3954 σωτῆρος
396 3868 487 3955 ἡμῶν
500 3871 560 3954 τὴν
574 3866 752 3954 ἐλευθερίαν
766 3865 917 3948 ἑδείξατο,
965 3867 1120 3927 nostrum
1130 3861 1322 3926 libertatem
1334 3879 1417 3941 esse,
1425 3860 1572 3925 ostendit
1584 3861 1654 3942 ipse
1667 3863 1716 3923 te·

171 3972 291 4060 μάρτυς
312 3974 406 4051 αὐτός
420 3974 438 4038 ό
453 3973 505 4039 διόι
519 3969 655 4039 Ἠσαίου
677 3971 778 4059 βοῦν·
793 3970 924 4057 Πνεῦμα
965 3969 1027 4033 stis
1036 3968 1095 4050 qui
1104 3985 1164 4048 per
1178 3967 1301 4030 Issiam
1315 3967 1449 4030 clamat:
1472 3966 1642 4048 «Spiritus
1656 3967 1720 4028 Do·

174 4076 293 4161 Κυρίου
309 4077 358 4143 ἐπ’
368 4077 435 4164 ἐμὲ,
446 4079 484 4143 ού
499 4080 616 4143 είνεκεν
627 4073 735 4163 ἔχρισέ
751 4097 799 4162 με,
817 4078 873 4140 καί
883 4077 924 4143 τα
966 4072 1052 4136 mini
1063 4087 1166 4153 super
1180 4087 1245 4152 me,
1262 4086 1302 4133 eo
1314 4070 1404 4151 quod
1420 4071 1521 4134 unxit
1535 4087 1589 4134 me
1604 4070 1718 4133 Domi·

174 4181 256 4269 ὲξης.
274 4179 402 4266 Ταύτην
416 4183 478 4268 γὰρ
494 4182 578 4266 ἐντῄ
595 4182 763 4267 συναγωγῇ
779 4181 839 4266 την
850 4200 924 4266 προ-
967 4194 1043 4258 nus,
1056 4195 1073 4236 ν
1088 4175 1275 4256 etreliqua.
1291 4175 1453 4238 Eamdem
1469 4176 1560 4239 enim
1576 4175 1717 4258 prophe·

173 4282 308 4371 φητείαν
334 4284 488 4370 ἀναγνοὺς
510 4285 527 4350 ό
551 4284 726 4370 δεσπότης,
754 4286 816 4370 ἔφη
844 4286 922 4370 πρός
965 4283 1051 4346 tium
1072 4282 1109 4345 in
1130 4295 1311 4362 synagoga
1325 4279 1445 4357 legens
1459 4279 1634 4359 Dominus,
1655 4280 1717 4342 Ju-

172 4385 361 4466 Ἰουδαίους·
376 4386 522 4474 Σήμερον
537 4386 559 4472 ἡ
574 4391 682 4475 γραφη
706 4390 787 4476 αὐτη
804 4387 925 4473 πεπλη·
967 4385 1048 4449 daels
1071 4383 1220 4448 dicebat:
1239 4381 1374 4446 «Hodie
1394 4382 1568 4464 Scriptura
1585 4383 1644 4446 illu
1659 4381 1720 4445 im-

173 4512 271 4576 ρωται
281 4491 314 4559 ἐν
325 4499 390 4568 τοῖς
401 4493 476 4557 ύσιν
488 4492 589 4579 ύμῦν·
605 4491 720 4570 ἔλυσας
730 4493 789 4579 την
804 4490 877 4558 καθ’
885 4491 923 4578 ἡ·
968 4491 1081 4572 pietur
1097 4489 1133 4553 in
1148 4485 1291 4552 auribus
1305 4487 1437 4567 vestris,
1450 4507 1468 4546 ν
1489 4486 1676 4552 dissolvens
1693 4487 1719 4550 i·

173 4603 240 4680 μῦν
254 4593 481 4681 ἀγανάκτησιν,
497 4596 553 4661 καί
573 4595 806 4683 victimatione
821 4593 922 4662 ίδίδα-
966 4614 1040 4660 rum
1051 4595 1214 4660 adversus
1223 4597 1336 4673 nocet
1346 4593 1469 4657 docens
1481 4590 1713 4655 mansuetudi-

172 4697 238 4779 ξας.
253 4697 418 4766 Ἐντεῦθεν
430 4697 551 4766 ἱκεσίαν
561 4698 741 4787 ἀναπέμπει
752 4699 924 4789 ἐκπροσύ·
966 4718 1055 4765 uem.
1079 4701 1260 4779 Propterea
1274 4697 1427 4778 psalmus
1443 4700 1561 4761 votum
1573 4696 1718 4779 supplex

209 4953 238 4995 v.
250 4934 294 4992 34.
306 4936 375 4994 Vct.
387 4936 413 5008 4,
426 4937 452 4993 5.
464 4935 504 4993 Is.
518 4951 583 5006 run,
594 4937 621 4994 2.
1002 4954 1032 4994 ν.
1044 4935 1090 4992 43.
1102 4934 1170 4992 Vas
1188 4932 1215 5004 5,
1229 4933 1271 5002 13,
1284 4931 1328 4989 15.
1350 4931 1396 4989 Do
1413 4931 1532 4990 Ohriato
1549 4931 1667 4990 homine
1679 4933 1721 4994 lo.-

209 5041 238 5080 ν.
250 5023 295 5080 36.
307 5025 375 5081 Vut.
387 5025 414 5095 2,
426 5023 452 5083 3.
464 5023 515 5084 Ps.
528 5023 611 5095 xciv,
624 5024 667 5082 11.
968 5023 1076 5100 quitur.
1096 5019 1155 5078 Sed
1171 5019 1315 5078 scholium
1336 5018 1482 5078 brevitate
1494 5018 1649 5079 obscurum
1660 5019 1703 5076 fis

213 5109 415 5170 ν.40.ίότ.4
1005 5127 1033 5168 ν.
1046 5107 1089 5164 45.
1103 5108 1170 5166 Vei.
1184 5107 1226 5178 12,
1238 5104 1277 5163 Is.
1291 5120 1353 5175 uxr,
1366 5105 1392 5163 1.
1404 5105 1473 5164 Luc.
1488 5122 1528 5176 ιν,
1541 5105 1583 5162 13.
