4036 6090
812 452 855 515 ln
879 451 1064 518 PssLMos
1654 457 1715 518 129

174 587 318 674 πρθύατα
344 590 457 668 αύτούς
484 589 611 676 ἀπαίρει
637 588 735 669 Θεύς·
761 589 857 676 ἡνίκα
887 585 928 657 δὲ’
964 611 1045 679 gnos
1059 595 1173 679 aufert
1186 599 1292 676 Deam
1305 615 1412 680 quum
1428 615 1507 661 vero
1527 605 1718 677 congregat

175 694 305 779 συνάγει
320 695 433 772 αὐτούς
454 697 509 760 καί
523 705 607 760 ποιεῖ
619 696 663 778 ἓν,
685 694 827 781 ἀπαίρων
850 697 923 782 πρύ-
968 715 1034 778 eos,
1052 704 1085 762 et
1100 702 1136 763 in
1152 719 1259 764 unum
1278 700 1369 780 facit,
1385 701 1542 764 artferens
1567 702 1715 781 primum

174 819 264 883 τερον
280 797 342 862 ἀπὸ
357 801 473 878 παντὸς
489 809 544 864 τοῦ
569 799 689 886 κόσμου
705 803 757 866 τδν
773 801 849 866 λαὸν
868 802 922 865 αὐ·
967 802 1099 883 plebem
1115 821 1212 866 suam
1232 805 1274 868 ab
1292 806 1452 881 universo
1471 803 1607 884 mundo,
1625 804 1717 867 dein-

175 912 240 985 τοῦ,
254 903 322 967 είτα
337 902 463 988 ἀνάγων
479 904 530 968 διά
542 912 599 989 της
614 902 773 982 πολιτείας
788 912 845 988 της
858 905 922 970 ἀνω
967 905 1008 968 de
1025 907 1170 970 evehens
1194 925 1268 970 eam
1292 926 1351 989 per
1366 910 1445 971 vita
1461 909 1657 972 institutum
1673 908 1716 971 ad

177 1005 343 1090 φερούσης,
360 1009 414 1071 καὶ
430 1016 527 1072 ποιῶν
542 1009 607 1072 ἀνω
627 1005 786 1094 φέρεσθαι,
802 1010 856 1072 καί
870 1010 922 1074 ἐπί
967 1025 1115 1088 superna
1123 1009 1244 1090 ferens,
1257 1030 1448 1094 curansque
1461 1029 1517 1075 eos
1529 1013 1717 1076 iusublime

176 1113 217 1176 τά
238 1109 381 1197 ἀνώτερα
403 1113 530 1196 ὁδεύειν,
554 1115 630 1198 ὅπερ
654 1115 714 1199 οὐχ
738 1112 802 1180 οίύν
824 1134 859 1178 τε
881 1115 922 1200 ην
966 1111 1041 1174 tolli
1057 1117 1090 1176 et
1105 1113 1147 1176 ad
1162 1117 1338 1206 superiora
1353 1116 1522 1197 progredi,
1546 1117 1636 1198 quod
1659 1135 1714 1198 pe·
1737 1177 1739 1182 ,

174 1217 288 1293 αὐτοὺς
304 1226 403 1281 ποιεῖν
427 1214 461 1282 έν
483 1226 524 1302 γῇ
539 1215 699 1302 Αἰγύπτῳ,
716 1215 786 1282 τύτε
802 1215 921 1294 ένύσας
967 1233 1027 1280 nes
1043 1233 1099 1280 eos
1111 1235 1178 1280 non
1191 1223 1264 1282 erat
1283 1217 1382 1282 faoile
1401 1220 1437 1282 in
1456 1224 1547 1283 terra
1565 1220 1714 1301 AEgypti,

173 1319 287 1394 αύτούς
302 1327 387 1382 ποιεί
406 1316 548 1404 ποίμνιον
563 1321 607 1384 έν.
631 1318 696 1383 Καὶ
714 1318 805 1404 ἡμεῖς
821 1318 922 1386 τοίνυν
967 1324 1049 1384 tuno
1073 1322 1109 1385 in
1132 1339 1241 1412 unum
1265 1341 1321 1386 eos
1344 1339 1481 1402 cogenS,
1505 1323 1586 1387 iacit
1608 1341 1716 1387 unum

175 1421 250 1486 δσον
261 1421 312 1486 ἐπί
322 1423 359 1486 τὸ
371 1423 447 1486 αὐτὸ
460 1421 668 1508 συναγάμεθοι,
684 1434 841 1510 τηροῦμεν
851 1423 922 1488 τότε
966 1426 1066 1488 ovile.
1081 1427 1148 1490 Nos
1166 1431 1290 1507 autem,
1308 1433 1542 1510 quantumque
1555 1430 1591 1491 in
1608 1445 1715 1492 unum

177 1523 309 1611 ποίμνης
333 1523 519 1610 μυστήριον·
543 1527 595 1590 ὅτε
612 1527 646 1592 δὲ
662 1525 839 1613 ἀμελοῦμεν
861 1536 923 1594 τῶν
966 1545 1229 1610 congregamur,
1243 1532 1455 1596 tantumdem
1467 1551 1641 1598 servamus
1649 1535 1719 1596 ovi·

176 1628 344 1712 συνάξεων,
369 1630 545 1716 μιμούμεθα
560 1632 600 1695 τδι
616 1631 853 1717 ἀποσκιρτῶντα
868 1635 922 1698 καί
965 1635 1008 1698 lis
1023 1635 1242 1716 mysterium3
1263 1653 1369 1715 quum
1388 1654 1468 1698 vero
1488 1654 1634 1719 synaxes
1657 1654 1714 1699 ne-

178 1731 398 1818 ἀπαιήσσοντα
412 1745 468 1800 τοῦ
483 1734 625 1821 ποιμνίου
637 1735 790 1821 πρύύατα,
806 1740 860 1802 καὶ
872 1737 923 1804 δύ·
965 1739 1139 1818 gligenter
1161 1741 1314 1820 nolimus,
1339 1741 1514 1804 imitamur
1535 1757 1614 1804 oves
1637 1759 1715 1822 quae

177 1858 287 1903 νανται
309 1839 381 1905 καθ’
398 1839 489 1925 ἡμῶν
504 1829 565 1904 τῶν
584 1839 870 1909 διασκεδασθέντων
892 1841 922 1907 οί
965 1843 1008 1906 ab
1024 1845 1105 1906 ovili
1120 1844 1280 1907 resiliunt
1302 1848 1335 1906 et
1358 1844 1529 1924 recedunt,
1548 1849 1651 1926 atque
1677 1845 1712 1907 in

176 1940 284 2027 ἐχθροί
299 1945 354 2007 καί
369 1943 409 2008 τά
424 1941 518 2028 θηρία
533 1945 573 2008 τά
593 1945 803 2029 ἐνεδρεύοντα,
827 1946 856 2014 οί
870 1946 921 2012 λύ-
965 1963 1027 2010 nos
1041 1946 1208 2028 dispersos
1228 1948 1442 2012 invalescunt
1465 1949 1595 2013 inimici
1611 1954 1714 2031 atquo

175 2066 237 2128 κοι,
265 2044 307 2123 ὡς
334 2046 531 2133 μανθάνομεν
560 2048 623 2112 ἀπὸ
654 2059 715 2114 τῦν
740 2059 920 2135 ποιμνικων.
966 2051 1045 2114 ferae
1066 2056 1099 2114 et
1114 2052 1186 2133 lupi
1203 2051 1412 2131 insidiantes,
1429 2053 1481 2115 uti
1497 2052 1715 2117 didicimusa

173 2148 251 2216 Ἐάν
274 2171 351 2216 ποτε
370 2151 565 2219 ἐπιτιθῶνται
579 2153 705 2241 ποίμνη,
723 2154 760 2218 ού
775 2154 921 2220 δύνανται
966 2171 1115 2234 gregum
1132 2154 1338 2219 ductoribus.
1354 2156 1390 2217 Si
1412 2154 1497 2218 forte
1513 2156 1601 2218 ovile
1624 2156 1717 2218 inva-

174 2255 364 2321 ἐπιτίθεσθαι
372 2257 452 2342 αὐτῇ
459 2255 922 2344 συναχθείση,ἀλλ’έπιτηροῦσί
966 2259 1061 2338 dunt,
1078 2264 1254 2340 nequeunt
1263 2276 1407 2338 gregem
1420 2260 1600 2322 collectum
1616 2277 1715 2341 supe-

172 2380 233 2425 που
248 2358 405 2445 πρύύατον
428 2361 672 2448 ἀπονεμύμενον,
696 2360 832 2447 κάκείνῳ
855 2363 920 2428 έπι-
966 2381 1055 2441 rare3
1068 2362 1127 2426 sed
1138 2363 1287 2428 studiose
1300 2364 1480 2443 inquirunt
1491 2379 1589 2425 ovem
1602 2381 1715 2426 erran·

173 2460 382 2529 δουλεύουσιν.
397 2464 498 2550 Εἴπερ
509 2467 564 2532 σύν
576 2468 631 2531 καί
641 2464 732 2552 ἡμεῖς
745 2465 921 2554 βουλόμεθα
966 2471 1045 2547 tem,
1063 2469 1162 2548 eique
1179 2467 1319 2530 insidias
1342 2472 1473 2548 parant.
1497 2467 1532 2530 Si
1555 2483 1637 2545 ergo
1654 2482 1715 2530 uos

174 2569 217 2653 μὴ
245 2567 499 2636 έπιύουλεύεσθαι
528 2571 588 2635 ύπδ
613 2579 674 2636 τῦν
701 2571 921 2658 ἀντικειμένων
966 2588 1100 2653 quoque
1112 2573 1271 2635 nolumus
1287 2571 1446 2635 insidiose
1458 2572 1533 2652 oapi
1546 2571 1588 2633 ab
1597 2569 1713 2633 adver·
1776 2560 1782 2578 '

172 2671 343 2758 δυνάμεων,
368 2676 411 2760 μὴ
435 2673 675 2762 καταλείπωμεν
699 2680 758 2762 τὴν
780 2699 920 2764 συναγω-
965 2677 1064 2739 sariis
1083 2676 1317 2756 potestatibus,
1332 2693 1513 2739 caveamus
1529 2692 1572 2737 ne
1588 2680 1714 2738 coetum

171 2775 242 2860 γὴν,
259 2775 343 2841 ἀλλὰ
355 2777 580 2864 συνερχιύμεθιι
592 2780 643 2844 ἐπί
655 2782 690 2844 τδ
707 2783 795 2865 αὐτὸ,
808 2790 921 2868 τιμῶν-
966 2779 1126 2842 Ecclesia
1138 2778 1342 2858 deseramus,
1352 2779 1411 2843 sed
1423 2796 1665 2842 concurramus
1677 2779 1713 2840 in

171 2901 223 2956 τες
238 2881 296 2965 την
319 2889 377 2965 της
392 2881 594 2962 ἀναστάσεως
618 2894 674 2949 τοῦ
689 2883 808 2970 Κυρίου
830 2886 920 2972 ἡμῶν
965 2899 1084 2962 unum,
1108 2882 1326 2946 formidantes
1342 2882 1431 2946 diem
1455 2883 1711 2945 resurrectionis
1787 2870 1794 2884 '

170 2977 303 3068 ἡμέραν,
320 2986 371 3048 ίνα
394 2985 537 3072 συναχθῇ
554 2987 666 3053 δστοῦν
689 2989 827 3073 Χριστοῦ
843 2992 920 3072 πρδς
965 2989 1101 3051 Domini
1123 2988 1240 3067 nostri,
1264 2993 1304 3050 ut
1325 2988 1450 3050 Christi
1468 2988 1651 3064 colligatur
1675 3002 1711 3048 os

172 3089 296 3169 ὀστοῦν,
313 3090 367 3152 καὶ
383 3075 526 3174 άρμονίιι,
542 3092 597 3155 καί
609 3089 732 3176 ρλέύες,
745 3095 799 3157 καί
814 3104 919 3178 νεῦρα,
965 3091 1007 3154 ad
1023 3107 1069 3170 os,
1093 3094 1128 3154 et
1142 3107 1316 3172 compage,
1336 3094 1370 3154 et
1384 3108 1489 3171 venae,
1508 3095 1541 3154 et
1556 3091 1663 3168 nervi,
1680 3093 1714 3151 et

170 3195 227 3257 καί
242 3191 351 3278 δέρμα,
367 3193 431 3278 ἤδη
447 3193 482 3257 δὲ
497 3195 552 3257 καί
567 3193 600 3258 αί
613 3194 728 3281 τρίχες.
741 3189 787 3260 Ἢ
800 3198 859 3261 οὐκ
877 3197 920 3261 οἵ·
964 3196 1073 3276 pellis,
1089 3197 1193 3259 immo
1217 3197 1319 3258 etiam
1342 3196 1467 3275 capilli.
1495 3197 1547 3256 An
1575 3194 1713 3256 nescitis

171 3296 248 3360 δατε
262 3297 311 3362 δτι
327 3305 418 3382 σῶμα
433 3308 489 3362 τοῦ
504 3298 643 3383 Χριστοῦ
659 3300 741 3383 ἐστέ,
753 3303 809 3365 καί
823 3300 919 3387 άναγ-
965 3299 1046 3379 quia
1060 3314 1182 3380 eorpus
1205 3299 1330 3362 Christi
1353 3299 1444 3376 estis,
1462 3302 1496 3361 et
1509 3315 1646 3360 neeesse
1664 3301 1715 3360 est

169 3409 261 3466 καῖον
284 3411 377 3466 τοῦτο
399 3400 598 3486 συνάγεσθαι,
623 3404 733 3489 ἵναμὴ
754 3403 833 3490 λέγη
849 3410 919 3489 περὶ
964 3406 1231 3482 coagmentetur,
1251 3421 1294 3466 ne
1317 3404 1358 3467 de
1379 3403 1475 3466 nobis
1495 3401 1648 3465 Christus
1665 3401 1713 3464 di·

169 3502 261 3590 ἡμῦν
276 3503 428 3589 Χριστός·
443 3503 671 3592 Διεσιιορπίσθη
695 3507 853 3574 πάντατά
868 3510 920 3574 do·
965 3511 1035 3570 cat:
1054 3507 1255 3588 «Dissipatis
1270 3513 1352 3572 sunt
1372 3509 1485 3571 omnia
1501 3525 1576 3570 ossa
1592 3507 1712 3568 meai»

172 3617 216 3672 τά
231 3629 308 3694 μους

215 3733 248 3776 v.
265 3715 318 3777 54.
334 3711 400 3777 Καί
415 3712 584 3800 εἰσήγαγεν
607 3715 720 3792 αὐτοὺς
736 3715 780 3793 είς
796 3716 867 3800 ύρος
884 3716 918 3782 ά·
1008 3734 1039 3777 v.
1056 3716 1109 3778 54.
1124 3715 1170 3780 Εί
1183 3715 1316 3781 induxit
1329 3732 1381 3779 eos
1394 3715 1432 3778 in
1446 3717 1582 3807 οιυτιίοιιι
1595 3713 1714 3777 soncti-

171 3815 347 3901 γιάσματος
371 3817 477 3898 αὐτοῦ,
493 3817 565 3902 δρας
579 3827 671 3882 τοῦτο
687 3819 705 3882 θ
720 3817 916 3906 έκτησατοη
952 3821 1124 3905 strennuis
1153 3837 1229 3900 sno,
1258 3823 1394 3884 montem
1420 3835 1513 3900 ηκτοι
1538 3817 1713 3899 nequinont

174 3919 263 4000 δεξιά
278 3921 385 3986 αὐτοῦ.
802 3944 806 3954 ·
964 3925 1094 3990 ἀκούετο
1109 3925 1191 4006 ejas.

125 4023 132 4030 ’
217 4023 312 4090 Κατά
327 4025 362 4090 δέ
384 4025 563 4113 ἀναγωγὴν,
586 4028 658 4112 ὄρος
681 4027 918 4114 άγιάσματοςὴ
1008 4031 1204 4099 sublimiori
1219 4048 1332 4109 sensu,
1355 4046 1452 4092 mons
1475 4028 1712 4092 sanctificatio-

168 4128 321 4216 διηρμένη
338 4132 392 4196 καί
408 4131 594 4218 ὑψηλοτάτη
610 4132 708 4218 ἀρετ-η
724 4135 780 4198 καί
794 4142 918 4218 γνῶσις·
968 4135 1021 4197 nis
1038 4138 1090 4198 est
1112 4133 1273 4198 distinata
1296 4139 1330 4196 et
1352 4133 1582 4197 excelsissima
1603 4133 1714 4195 virtus

168 4235 214 4310 είς
225 4233 265 4318 ἣν
275 4233 411 4319 γνησίως
422 4235 567 4321 εἰσάγειδ
579 4235 671 4323 μόνος
682 4235 802 4314 τέλειος
813 4237 918 4303 διδάσ-
965 4245 1000 4302 et
1017 4239 1178 4302 seientia:
1195 4239 1231 4300 in
1246 4255 1349 4318 quam
1365 4239 1448 4302 snite
1471 4236 1603 4299 inducit
1623 4236 1716 4299 solus

169 4337 270 4414 καλος
283 4335 417 4422 Ἰησοῦς,
433 4341 470 4404 ού
487 4349 594 4426 κτημιι
608 4349 698 4404 πᾶσα
710 4339 822 4426 ἀρίστη
839 4350 918 4427 γνῦ-
965 4343 1134 4426 perfectus
1150 4343 1316 4421 magister
1331 4345 1351 4406 J
1354 4360 1441 4421 esus,
1458 4339 1556 4419 eujus
1569 4340 1715 4420 acquisi-

171 4463 218 4519 σις
234 4443 289 4506 καί
303 4441 479 4528 θεωρητικὴ
496 4452 553 4529 της
568 4443 720 4528 ἀληθείας
735 4445 805 4524 ἕξις.
822 4442 918 4510 Ὅθεν
963 4448 1011 4512 tio
1028 4452 1078 4512 est
1090 4464 1313 4528 quacumque
1325 4447 1603 4529 praestantissima
1615 4443 1713 4522 agui·

170 4547 227 4610 καί
241 4544 270 4609 οί
283 4544 401 4623 ταύτας
415 4548 472 4623 τάς
488 4546 641 4632 διαθήκας
661 4549 824 4635 κτώμενοι,
841 4547 918 4634 κτη-
963 4551 1011 4613 tio
1027 4555 1061 4613 et
1083 4551 1345 4630 contemplativa
1360 4550 1514 4612 veritatis
1527 4548 1710 4628 possessio;

171 4670 258 4736 ματα
273 4649 356 4717 Θεοῦ
371 4649 553 4717 καλοῦνται.
964 4653 1054 4717 unde
1070 4658 1105 4716 et
1118 4653 1155 4716 hi
1178 4657 1239 4734 qui
1253 4653 1448 4732 hujusmodi
1472 4653 1709 4733 dispositiones

966 4757 1080 4838 adepti
1093 4760 1183 4835 sunt,
1200 4758 1440 4836 acquisitiones
1455 4758 1518 4820 Dei
1533 4759 1709 4819 vocantur.

216 4881 247 4925 v.
262 4863 315 4926 55.
331 4860 396 4926 Καί
413 4860 655 4945 κατεσκήνωσεν
670 4864 781 4942 ἐντοῖς
797 4862 918 4950 οκηνύ-
1008 4880 1039 4923 v.
1055 4863 1108 4924 55.
1123 4862 1170 4924 Iit
1182 4859 1328 4924 tunicare
1337 4856 1426 4942 serit
1447 4862 1484 4926 in
1507 4845 1711 4926 ίοθονιιιιοιιίυ

171 4985 267 5052 μασιν
281 4965 383 5044 αὐτῶν
399 4967 454 5042 τὰς
469 4965 571 5051 φύλας
586 4977 647 5092 τοῦο
656 4966 797 5053 Ἰσραήλ.
967 4984 1075 5034 eornm
1090 4965 1196 5032 tabor
1211 4966 1327 5031 Israel.
1663 4963 1665 4968 ’

206 5187 234 5241 v,
246 5169 336 5225 ἔνθ-55.
351 5169 486 5226 Laurent.
497 5171 576 5228 Plut.
590 5189 617 5241 v,
630 5173 671 5228 14„

251 5277 402 5324 snmnnrs
421 5281 464 5338 nr,
484 5265 513 5322 o.
583 5288 586 5297 v
