4020 6098
306 396 368 459 178
978 393 1187 456 ORIGENES

301 535 335 602 αί
361 535 520 621 αἰσθήσεις
542 536 670 620 ἐκεῖναι,
694 536 727 600 ci
749 542 807 621 της
831 529 980 621 προνοίας
1012 534 1048 598 τό
1092 535 1222 616 pletihi
1235 553 1402 600 sensuum
1415 537 1582 615 magistri,
1595 537 1656 618 qui
1668 535 1843 617 providea-

301 639 458 727 ὠφέλιμον
481 637 629 724 ἐξορίζειν
652 635 859 726 ἐπιγείρουσιν
880 647 924 724 τῷ
945 636 1049 722 λόγῳς
1093 639 1150 703 tiae
1165 640 1433 705 munificentiam
1444 656 1604 704 sermone
1617 641 1775 704 nituntur
1786 657 1843 704 ex-

302 783 343 796 -
365 740 427 812 Ὃν
450 745 578 830 ἀγαπᾷ,
600 745 717 830 Κύριος
738 743 892 828 παιδεύει,
916 739 1050 827 φησὶνό
1091 747 1217 806 torrem
1241 743 1430 807 1ουοτε1-
1460 745 1565 819 Quem
1581 745 1707 824 diligit,
1730 745 1843 808 Domi·

301 849 486 927 ἀπόστολος.
510 849 550 914 Εἰ
572 849 607 913 δὲ
628 850 664 914 θν
689 847 847 930 παιδεύει,
872 843 1048 932 μακαρίζει,
1093 865 1159 910 nus
1181 848 1329 930 corripit,
1353 849 1466 930 inquit
1485 851 1677 930 Apostolus.
1701 848 1844 924 Quodsi

300 963 364 1030 πας
385 951 405 1018 ό
424 953 648 1039 παιδευόμενος
669 951 720 1018 ὑπ’
736 953 834 1017 αὐτοῦ
857 949 983 1035 ἀπαθὴς
1005 945 1051 1035 γί-
1093 950 1231 1013 beatum
1251 951 1402 1015 declarat
1417 969 1496 1016 eum
1515 969 1615 1034 quem
1632 951 1753 1032 erudit,
1769 971 1844 1017 eru-

301 1073 403 1142 νηται,
426 1067 536 1123 τοῦτον
551 1060 613 1144 γάρ
628 1057 683 1122 καί
698 1055 809 1142 ἀγαπᾷ
823 1054 957 1139 Κύριος·
979 1073 1050 1117 παι·
1094 1053 1185 1118 ditus
1208 1056 1250 1119 ab
1273 1073 1322 1135 eo,
1345 1055 1406 1119 fiat
1428 1057 1665 1140 aequanimus;
1688 1057 1844 1121 eumdem

301 1161 402 1228 δεύειν
417 1161 478 1248 γάρ
491 1163 557 1226 ἐστι
573 1160 796 1246 μετριοπάθεια
815 1158 932 1224 παθῶν.
950 1155 1052 1222 Ἐκεῖ·
1094 1161 1185 1224 enim
1200 1165 1292 1224 amat
1304 1161 1484 1225 Dominus:
1507 1178 1586 1225 nam
1599 1161 1767 1241 corripere
1790 1166 1843 1224 est

297 1287 346 1333 νοι
361 1267 418 1352 μὲν
440 1265 540 1330 ἀθλιοι
562 1266 618 1329 καὶ
639 1265 788 1345 ταπεινοί,
814 1265 919 1349 φησίν,
940 1261 970 1327 οί
992 1262 1050 1346 την
1094 1281 1204 1347 aequa
1215 1267 1312 1330 lance
1324 1267 1437 1330 metiri
1453 1267 1636 1347 passiones.
1648 1267 1778 1344 Pergit:
1792 1267 1845 1330 illi

300 1373 362 1457 σὴν
377 1373 421 1457 μὴ
439 1369 603 1456 δεχόμενοι
614 1368 776 1434 παιδείαν·
793 1368 942 1454 μακάριοι
953 1366 988 1432 δὲ
1000 1366 1051 1430 ού-
1093 1374 1208 1432 autam
1231 1369 1441 1434 miserabiles
1455 1369 1647 1452 abjectique
1665 1374 1755 1449 suut,
1782 1372 1843 1452 qui

298 1495 348 1540 τοι
362 1473 392 1538 oi
406 1475 493 1558 παρά
509 1483 565 1538 σου
577 1469 794 1550 παιδευθέντες
806 1472 860 1535 καί
872 1471 910 1534 ἐκ
920 1479 977 1535 τοῦ
989 1478 1046 1534 σοῦ
1092 1478 1189 1540 tuam
1218 1491 1286 1537 non
1324 1475 1494 1555 recipiunt
1523 1473 1754 1555 disciplinam
1784 1473 1844 1538 aed

297 1575 496 1664 διδαχθέντες
518 1576 632 1663 νόμου·
655 1577 740 1639 ούτοι
761 1575 823 1659 γάρ
845 1576 900 1639 καὶ
923 1573 957 1642 ἐν
979 1581 1048 1651 ταῖς
1093 1576 1184 1640 beati
1198 1578 1250 1641 illi
1265 1575 1323 1658 qui
1339 1581 1421 1641 sunt
1434 1579 1667 1659 atecorrepti,
1679 1583 1844 1662 tuamque

296 1679 425 1766 θλίψεοι
439 1679 638 1768 πραύθὲντες,
653 1677 921 1765 κουφισθησονται
936 1688 998 1745 τῶν
1013 1679 1049 1743 ἀ·
1093 1683 1207 1761 legem
1234 1681 1352 1746 edocti.
1376 1683 1462 1744 Nam
1486 1681 1588 1745 iidem
1614 1681 1651 1745 in
1678 1683 1844 1763 pressuris

300 1793 424 1870 νιαρῶν.
1096 1787 1215 1850 mitius
1229 1803 1266 1850 se
1281 1785 1453 1866 habentes,
1466 1785 1609 1850 leviores
1625 1787 1786 1850 arumnis
1797 1785 1844 1850 ef·

1094 1889 1261 1953 ficientur.

342 2014 373 2058 ν.
394 1995 444 2059 18.
462 1992 507 2060 Τό
529 1990 617 2070 ἔλεός
636 2013 704 2075 σου,
727 1990 836 2078 Κύριε,
861 1989 973 2077 δοηθεῖ
985 2011 1047 2078 μοι.
1137 2013 1169 2057 ν.
1188 1995 1238 2058 18.
1254 1993 1486 2061 Misericordia
1499 2001 1569 2074 inc,
1588 1995 1733 2077 Domine,
1750 1994 1844 2078 adju·

1094 2101 1151 2163 ταί
1164 2113 1222 2162 κιο.

341 2200 456 2278 Ἔλεος
471 2201 528 2286 μὲν
543 2210 598 2266 νοῦ
612 2199 726 2287 γνῶσίς
740 2201 826 2266 ἐστι·
841 2200 936 2278 ἔλεος
948 2200 983 2266 δὲ
994 2202 1050 2287 <bc
1136 2202 1364 2266 Misericordia
1379 2203 1503 2267 mentis
1526 2207 1577 2266 est
1602 2203 1760 2282 scientia;
1782 2202 1842 2268 sed

300 2313 373 2392 γης,
390 2303 537 2370 ἀπάθεια.
1091 2305 1323 2369 misericordia
1344 2307 1467 2369 animae
1493 2306 1693 2387 passionum
1719 2307 1842 2370 immu-

1092 2411 1182 2474 nitas
1198 2414 1258 2474 est.

342 2534 374 2578 ν.
393 2515 443 2577 19.
459 2509 567 2596 Κύριε,
580 2513 664 2577 κατά
675 2514 711 2577 τό
726 2511 845 2595 πλῆθος
859 2519 922 2578 τῶν
933 2512 1050 2578 ὀδυνῶν
1134 2532 1166 2577 ν.
1186 2517 1236 2578 19.
1248 2515 1393 2594 Domine,
1411 2513 1587 2580 secundnm
1601 2513 1841 2582 maltinianam

301 2637 371 2704 μου,
387 2618 475 2702 ἔντη
491 2615 607 2702 καρδίᾳ
629 2637 688 2703 μου
704 2616 737 2681 αί
751 2616 968 2703 παρακλήσεις
991 2638 1048 2682 σου
1090 2618 1235 2683 dolorum
1249 2635 1391 2683 νιιονιιοι
1412 2619 1451 2683 in
1465 2618 1556 2684 corde
1569 2635 1636 2682 κιεο
1657 2617 1842 2685 canolam

298 2725 467 2808 ηύφραναν
481 2723 541 2807 την
556 2719 663 2806 ψυχήν
681 2742 750 2806 μου.
1090 2721 1642 2806 mstnclcnylcoocrumcnimcm
1656 2740 1766 2788 οιουικ.

342 2825 411 2892 Οὐκ
427 2825 565 2910 ἀφῆκας,
581 2827 686 2909 φησὶν,
703 2823 961 2911 ἀπαραμύθητον,
974 2823 1047 2890 ἀλλ’
1090 2859 1092 2862 -
1134 2828 1207 2890 Nun
1222 2827 1386 2907 repulisti,
1411 2827 1533 2907 iuquit,
1552 2828 1679 2891 solatio
1701 2827 1842 2892 destitu-

298 2932 375 3008 όοας
389 2929 513 3014 θλίψεις
534 2931 631 3015 είχον,
654 2929 810 3006 τοσαύτας
824 2929 880 2992 καί
902 2949 1049 3016 παραμυ-
1090 2933 1181 3010 tum,
1210 2928 1269 2994 sed
1300 2933 1444 3012 quantas
1467 2939 1648 2994 aerumnas'
1664 2930 1840 3010 habebam,

298 3032 366 3111 θίας
382 3033 540 3119 ἐδεχόμην
555 3033 643 3118 παρὰ
658 3043 724 3115 σοῦ,
749 3032 785 3096 αἲ
803 3034 857 3096 καὶ
873 3033 917 3111 είς
937 3035 1047 3120 εύφρο-
1089 3039 1186 3098 tanta
1199 3035 1314 3115 accepi
1326 3033 1446 3097 solatia
1459 3052 1479 3097 a
1490 3039 1534 3115 te,
1552 3051 1628 3116 quae
1640 3036 1676 3098 in
1687 3035 1841 3099 laetitiam

298 3140 396 3225 σόνην
411 3141 467 3215 τάς
482 3136 583 3214 λύπας
599 3135 816 3222 μετεσχίαζον.
1093 3142 1215 3203 moesta
1231 3140 1460 3202 mutaverunt.

342 3265 374 3309 ν.
391 3245 502 3308 20·23.
526 3240 580 3326 11η
605 3238 837 3327 συμπρόσεσταί
859 3261 908 3306 σοι
930 3240 1045 3328 θρόνος
1135 3262 1166 3307 ν.
1182 3243 1292 3308 21-23.
1310 3239 1478 3323 Numquid
1490 3239 1666 3307 cancrent
1678 3240 1740 3307 tm·
1753 3239 1843 3307 aedes

299 3346 440 3433 ἀνομίας,
450 3345 467 3410 ό
477 3345 628 3411 πλάσσειν
643 3344 742 3410 κόπον
755 3344 806 3409 ἐπί
817 3344 1047 3432 προοτόιγματις
1088 3345 1288 3428 iniqnitatis,
1303 3345 1437 3428 finpens
1451 3343 1590 3408 inionem
1607 3346 1646 3409 in
1660 3349 1839 3426 precepto?

297 3451 511 3536 Θηρεύσουσιν
522 3449 572 3512 ἐπί
581 3449 688 3534 ψυχὴν
699 3447 831 3531 δικαίου,
844 3450 900 3513 καί
915 3451 994 3535 αίμα
1010 3450 1046 3514 ἀ·
1099 3449 1345 3515 Valentinus-ic
1355 3448 1603 3528 aninmmjnoti,
1615 3451 1841 3532 etsanpninem

297 3555 379 3621 θῶον
393 3553 668 3620 καταδικάσονται.
684 3553 750 3618 Καί
772 3551 897 3640 ἐγένετό
914 3574 966 3639 μοι
982 3553 1047 3620 Κύ-
1088 3553 1285 3618 innocentem
1308 3551 1564 3619 summatum.
1588 3553 1633 3618 ln
1648 3551 1767 3635 saonis
1791 3557 1841 3618 esi

299 3681 364 3746 ριος
380 3660 424 3736 εἰς
438 3659 638 3743 καταφυγὴν,
650 3659 705 3720 καί
719 3657 736 3722 ό
751 3656 831 3735 Θεός
844 3678 903 3743 μου
915 3659 960 3736 είς
972 3656 1046 3744 βοη-
1088 3660 1171 3724 milri
1184 3659 1343 3724 Dominus
1360 3659 1397 3721 in
1407 3657 1585 3740 mimicos,
1604 3661 1636 3721 ei
1648 3660 1737 3724 Dens
1750 3655 1840 3722 meis

300 3765 354 3830 θόν
369 3760 494 3839 ἐλπίδος
511 3782 579 3846 μου.
603 3759 669 3825 Καὶ
692 3759 847 3826 ἀποδόσει
863 3761 968 3838 αύτοῐς
989 3770 1048 3847 την
1088 3765 1126 3828 in
1139 3763 1340 3845 adjutorium
1361 3763 1431 3844 spei
1457 3778 1540 3828 men.
1567 3763 1614 3825 Et
1637 3761 1747 3826 raddei
1766 3761 1841 3830 iilis

298 3864 430 3953 ἀνομίαν
445 3866 547 3931 αὐτῶν
562 3866 616 3929 καί
627 3865 686 3950 τὴν
701 3863 854 3948 πονηρίαν
866 3866 978 3931 αὐτῶν.
992 3863 1047 3931 Ἀ·
1088 3869 1248 3932 Dominus
1259 3867 1465 3948 iniquitatem
1475 3867 1620 3948 ipsommn
1632 3872 1663 3932 ei
1676 3867 1840 3932 molitiem

299 3982 404 4058 φανιεί
416 3971 530 4047 αύτούς
544 3968 661 4054 Κύριος
676 3969 693 4034 δ
709 3967 791 4046 Θεὸς
804 3966 903 4054 ἡμῶν.
1088 3990 1206 4039 eornm.
1221 3969 1395 4052 Dispertiti
1415 3971 1492 4036 iilos
1510 3971 1669 4038 Dominus
1683 3972 1773 4036 Dens
1786 3989 1841 4036 no-

1089 4082 1166 4142 ste.

340 4179 450 4244 Κόπον
476 4177 610 4243 πλάσσει
636 4176 687 4241 ἐπὶ
709 4184 770 4242 τόν
792 4177 1047 4263 προσταγμάτων
1134 4181 1295 4245 Laborem
1311 4178 1415 4258 fingit
1436 4179 1470 4243 ic
1494 4181 1670 4262 praeoeptis
1685 4180 1757 4259 Dei,
1780 4181 1840 4261 qui

295 4293 351 4350 τοῦ
380 4282 463 4350 Θεοῦ
479 4331 487 4364 ,
519 4280 706 4369 βουλόμενος
733 4278 819 4366 ἡμᾶς
841 4279 1045 4365 παραθαίνειν
1088 4287 1164 4348 vult
1179 4284 1252 4366 ejus
1267 4287 1435 4366 praecepta
1449 4301 1469 4346 a
1484 4284 1582 4347 nobis
1603 4283 1734 4362 violari,
1749 4284 1840 4345 scili·

297 4391 337 4454 τά
353 4386 582 4472 προστάγματα
607 4386 714 4465 αύτοῡ,
738 4386 792 4448 καὶ
815 4383 989 4469 ἐνδελεχῶν
1010 4382 1047 4468 ἡ·
1086 4395 1142 4452 eet
1172 4387 1344 4467 Diabolus,
1366 4387 1426 4468 qui
1460 4391 1654 4468 perseverat
1678 4387 1782 4451 simul
1805 4391 1839 4451 et

298 4503 348 4579 μῖν
364 4495 431 4577 άμοι
445 4492 500 4555 καί
522 4486 664 4554 παλαίων
679 4489 723 4565 είς
746 4490 781 4553 τό
796 4487 994 4573 ἐξαπατῆσαι
1010 4487 1046 4571 ἡ·
1089 4494 1240 4557 luctatur
1261 4492 1304 4555 ad
1324 4507 1385 4555 nos
1407 4491 1653 4573 decipiendum.
1673 4525 1710 4535 —
1728 4489 1840 4556 uadem

331 4773 499 4835 ν.19.,θοό.
512 4772 581 4829 Vat.
599 4771 718 4843 Blagit.
735 4774 876 4842 ἠγάπησαν
893 4774 942 4842 τὴν
960 4776 1047 4843 ψυχήν
1088 4773 1197 4830 ferunt.
1210 4770 1254 4826 Ea
1271 4787 1333 4843 prae
1349 4767 1485 4825 manibus
1502 4768 1607 4825 babuit
1618 4767 1772 4842 Didymus,
1789 4787 1838 4827 na·

297 4883 356 4935 μου.
1088 4877 1145 4932 que
1161 4856 1261 4913 omisit
1275 4855 1380 4925 Maius,
1392 4854 1490 4910 minua
1506 4859 1606 4911 tamen
1622 4854 1738 4926 integre
1751 4873 1840 4926 quam

329 4968 357 5007 ν.
369 4948 460 5005 20-13.
473 4947 540 5002 Vat.
553 4945 579 5014 5,
594 4946 635 4999 12.
655 4943 785 5016 Egregia
799 4945 909 5018 passim
922 4945 974 5002 ilia
984 4964 1047 5003 ver·
1088 4943 1261 5014 Gorderiua3
1272 4942 1325 4998 aad
1334 4941 1489 5013 utrobique
1498 4943 1603 4999 mutila
1611 4949 1714 4998 nostra
1726 4947 1796 4998 aunt
1807 4947 1840 4998 et

293 5039 332 5095 ba
343 5039 421 5102 aaut,
433 5048 499 5103 quaa
507 5031 549 5086 nil
560 5030 617 5085 nisi
629 5037 791 5104 martyrum
804 5048 900 5102 voces,
910 5034 1044 5090 certami-
1087 5047 1142 5104 pro
1155 5046 1219 5087 aevo
1232 5029 1313 5102 pacis
1325 5033 1496 5102 temperata
1504 5029 1712 5103 -Symmachi
1721 5035 1838 5087 oenten-

293 5145 340 5197 na,
353 5120 549 5188 anathemata,
560 5123 590 5173 ei
599 5116 713 5172 cantica
727 5123 759 5174 ut
769 5117 800 5174 in
810 5117 990 5192 Apocalypsi
1003 5137 1046 5175 re·
1089 5117 1162 5174 tiam
1173 5117 1225 5174 vix
1238 5114 1315 5172 aruit
1327 5111 1419 5170 Field.
1433 5131 1471 5173 ex
1484 5115 1612 5190 Syriaco.
