<?xml version="1.0" encoding="UTF-8"?>
<!DOCTYPE html PUBLIC "-//W3C//DTD XHTML 1.0 Transitional//EN"
    "http://www.w3.org/TR/xhtml1/DTD/xhtml1-transitional.dtd">
<html xmlns="http://www.w3.org/1999/xhtml" xml:lang="en" lang="en">
 <head>
  <title>
</title>
<meta http-equiv="Content-Type" content="text/html;charset=utf-8" />
  <meta name='ocr-system' content='tesseract 3.04.00' />
  <meta name='ocr-capabilities' content='ocr_page ocr_carea ocr_par ocr_line ocrx_word'/>
</head>
<body>
  <div class='ocr_page' id='page_1' title='image "./analectasacrasp00pitrgoog_0322.png"; bbox 0 0 4006 6090; ppageno 0'>
   <div class='ocr_carea' id='block_1_1' title="bbox 757 483 1726 578">
    <p class='ocr_par' dir='ltr' id='par_1_1' title="bbox 757 483 1726 578">
     <span class='ocr_line' id='line_1_1' title="bbox 757 483 1726 578; baseline 0.006 -29"><span class='ocrx_word' id='word_1_1' title='bbox 757 487 799 550; x_wconf 79' lang='lat' dir='ltr'><strong>nu</strong></span> <span class='ocrx_word' id='word_1_2' title='bbox 822 485 1020 578; x_wconf 78' lang='lat' dir='ltr'><strong>esluuuu</strong></span> <span class='ocrx_word' id='word_1_3' title='bbox 1042 487 1174 550; x_wconf 82' lang='lat' dir='ltr'><strong>oxum</strong></span> <span class='ocrx_word' id='word_1_4' title='bbox 1666 483 1726 556; x_wconf 78' lang='lat'><strong>311</strong></span> 
     </span>
    </p>
   </div>
   <div class='ocr_carea' id='block_1_2' title="bbox 190 627 1730 2170">
    <p class='ocr_par' dir='ltr' id='par_1_2' title="bbox 192 627 1725 1026">
     <span class='ocr_line' id='line_1_2' title="bbox 193 627 1724 716; baseline 0.003 -22"><span class='ocrx_word' id='word_1_5' title='bbox 193 630 248 694; x_wconf 88' lang='grc' dir='ltr'><strong>καὶ</strong></span> <span class='ocrx_word' id='word_1_6' title='bbox 263 627 429 716; x_wconf 79' lang='grc' dir='ltr'><strong>δοθήσεται</strong></span> <span class='ocrx_word' id='word_1_7' title='bbox 449 636 492 715; x_wconf 83' lang='grc' dir='ltr'><strong>τῷ</strong></span> <span class='ocrx_word' id='word_1_8' title='bbox 514 627 593 694; x_wconf 80' lang='grc' dir='ltr'><strong>ἔθνει</strong></span> <span class='ocrx_word' id='word_1_9' title='bbox 613 637 751 693; x_wconf 83' lang='grc' dir='ltr'><strong>ποιοῦντι</strong></span> <span class='ocrx_word' id='word_1_10' title='bbox 772 628 846 703; x_wconf 82' lang='grc' dir='ltr'><strong>τοὺς</strong></span> <span class='ocrx_word' id='word_1_11' title='bbox 860 646 936 710; x_wconf 87' lang='grc' dir='ltr'><strong>καρ-</strong></span> <span class='ocrx_word' id='word_1_12' title='bbox 979 627 1074 691; x_wconf 87' lang='lat' dir='ltr'><strong>vobis</strong></span> <span class='ocrx_word' id='word_1_13' title='bbox 1089 645 1247 708; x_wconf 72' lang='lat' dir='ltr'><strong>regnum,</strong></span> <span class='ocrx_word' id='word_1_14' title='bbox 1273 635 1307 692; x_wconf 90' lang='lat' dir='ltr'><strong>et</strong></span> <span class='ocrx_word' id='word_1_15' title='bbox 1321 627 1457 693; x_wconf 84' lang='lat' dir='ltr'><strong>dubitur</strong></span> <span class='ocrx_word' id='word_1_16' title='bbox 1472 633 1568 710; x_wconf 78' lang='lat' dir='ltr'><strong>genti</strong></span> <span class='ocrx_word' id='word_1_17' title='bbox 1587 632 1724 700; x_wconf 80' lang='lat' dir='ltr'><strong>facienti</strong></span> 
     </span>
     <span class='ocr_line' id='line_1_3' title="bbox 194 729 1725 821; baseline 0.001 -22"><span class='ocrx_word' id='word_1_18' title='bbox 194 737 272 813; x_wconf 81' lang='grc' dir='ltr'><strong>ποὺς</strong></span> <span class='ocrx_word' id='word_1_19' title='bbox 287 734 394 821; x_wconf 70' lang='grc' dir='ltr'><strong>αὐτῆς.</strong></span> <span class='ocrx_word' id='word_1_20' title='bbox 409 732 520 798; x_wconf 82' lang='grc' dir='ltr'><strong>Πολλά</strong></span> <span class='ocrx_word' id='word_1_21' title='bbox 535 731 570 796; x_wconf 75' lang='grc' dir='ltr'><strong>δὲ</strong></span> <span class='ocrx_word' id='word_1_22' title='bbox 581 732 621 797; x_wconf 81' lang='grc' dir='ltr'><strong>τά</strong></span> <span class='ocrx_word' id='word_1_23' title='bbox 632 730 744 812; x_wconf 85' lang='grc' dir='ltr'><strong>σκῦλα,</strong></span> <span class='ocrx_word' id='word_1_24' title='bbox 761 729 868 815; x_wconf 81' lang='grc' dir='ltr'><strong>ἐπειδὴ</strong></span> <span class='ocrx_word' id='word_1_25' title='bbox 881 730 936 794; x_wconf 81' lang='grc' dir='ltr'><strong>καὶ</strong></span> <span class='ocrx_word' id='word_1_26' title='bbox 981 730 1111 796; x_wconf 83' lang='lat' dir='ltr'><strong>fructus</strong></span> <span class='ocrx_word' id='word_1_27' title='bbox 1127 730 1242 811; x_wconf 79' lang='lat' dir='ltr'><strong>ejus».</strong></span> <span class='ocrx_word' id='word_1_28' title='bbox 1259 733 1364 798; x_wconf 79' lang='lat' dir='ltr'><strong>Mults</strong></span> <span class='ocrx_word' id='word_1_29' title='bbox 1385 737 1500 798; x_wconf 85' lang='lat' dir='ltr'><strong>sutem</strong></span> <span class='ocrx_word' id='word_1_30' title='bbox 1511 737 1620 817; x_wconf 81' lang='lat' dir='ltr'><strong>spolio</strong></span> <span class='ocrx_word' id='word_1_31' title='bbox 1634 743 1725 817; x_wconf 92' lang='lat' dir='ltr'><strong>sunt,</strong></span> 
     </span>
     <span class='ocr_line' id='line_1_4' title="bbox 192 832 1725 922; baseline 0.001 -20"><span class='ocrx_word' id='word_1_32' title='bbox 192 837 309 902; x_wconf 79' lang='grc' dir='ltr'><strong>πολλαί</strong></span> <span class='ocrx_word' id='word_1_33' title='bbox 323 845 381 922; x_wconf 81' lang='grc' dir='ltr'><strong>της</strong></span> <span class='ocrx_word' id='word_1_34' title='bbox 401 835 494 915; x_wconf 81' lang='grc' dir='ltr'><strong>θείας</strong></span> <span class='ocrx_word' id='word_1_35' title='bbox 507 843 634 921; x_wconf 79' lang='grc' dir='ltr'><strong>γραρής</strong></span> <span class='ocrx_word' id='word_1_36' title='bbox 649 834 681 899; x_wconf 88' lang='grc' dir='ltr'><strong>αἱ</strong></span> <span class='ocrx_word' id='word_1_37' title='bbox 704 832 811 920; x_wconf 84' lang='grc' dir='ltr'><strong>βίδλοι.</strong></span> <span class='ocrx_word' id='word_1_38' title='bbox 834 833 936 899; x_wconf 82' lang='grc' dir='ltr'><strong>Ἐκεῖ·</strong></span> <span class='ocrx_word' id='word_1_39' title='bbox 981 837 1105 916; x_wconf 82' lang='lat' dir='ltr'>quippe</span> <span class='ocrx_word' id='word_1_40' title='bbox 1138 836 1238 899; x_wconf 89' lang='lat' dir='ltr'><strong>multi</strong></span> <span class='ocrx_word' id='word_1_41' title='bbox 1272 834 1396 901; x_wconf 72' lang='lat' dir='ltr'><strong>divinus</strong></span> <span class='ocrx_word' id='word_1_42' title='bbox 1433 839 1615 920; x_wconf 75' lang='lat' dir='ltr'><strong>scripturn</strong></span> <span class='ocrx_word' id='word_1_43' title='bbox 1647 840 1725 904; x_wconf 85' lang='lat' dir='ltr'><strong>libri</strong></span> 
     </span>
     <span class='ocr_line' id='line_1_5' title="bbox 192 937 1725 1026; baseline 0 -18"><span class='ocrx_word' id='word_1_44' title='bbox 192 961 241 1009; x_wconf 91' lang='grc' dir='ltr'><strong>νοι</strong></span> <span class='ocrx_word' id='word_1_45' title='bbox 254 942 317 1026; x_wconf 82' lang='grc' dir='ltr'><strong>γάρ</strong></span> <span class='ocrx_word' id='word_1_46' title='bbox 332 942 392 1006; x_wconf 84' lang='grc' dir='ltr'><strong>οὐκ</strong></span> <span class='ocrx_word' id='word_1_47' title='bbox 406 942 532 1025; x_wconf 82' lang='grc' dir='ltr'><strong>ἔχουσιν</strong></span> <span class='ocrx_word' id='word_1_48' title='bbox 546 939 637 1022; x_wconf 82' lang='grc' dir='ltr'><strong>αὐτὰ,</strong></span> <span class='ocrx_word' id='word_1_49' title='bbox 654 939 710 1002; x_wconf 88' lang='grc' dir='ltr'><strong>άτε</strong></span> <span class='ocrx_word' id='word_1_50' title='bbox 732 937 770 1023; x_wconf 86' lang='grc' dir='ltr'><strong>δή</strong></span> <span class='ocrx_word' id='word_1_51' title='bbox 789 938 868 1022; x_wconf 86' lang='grc' dir='ltr'><strong>μηδὲ</strong></span> <span class='ocrx_word' id='word_1_52' title='bbox 883 941 936 1002; x_wconf 84' lang='grc' dir='ltr'><strong>τὸν</strong></span> <span class='ocrx_word' id='word_1_53' title='bbox 981 945 1078 1004; x_wconf 89' lang='lat' dir='ltr'><strong>sunt:</strong></span> <span class='ocrx_word' id='word_1_54' title='bbox 1101 944 1137 1003; x_wconf 86' lang='lat' dir='ltr'><strong>et</strong></span> <span class='ocrx_word' id='word_1_55' title='bbox 1159 941 1215 1004; x_wconf 88' lang='lat' dir='ltr'><strong>isti</strong></span> <span class='ocrx_word' id='word_1_56' title='bbox 1231 957 1288 1005; x_wconf 91' lang='lat' dir='ltr'><strong>eos</strong></span> <span class='ocrx_word' id='word_1_57' title='bbox 1308 959 1375 1006; x_wconf 92' lang='lat' dir='ltr'><strong>non</strong></span> <span class='ocrx_word' id='word_1_58' title='bbox 1396 942 1530 1024; x_wconf 85' lang='lat' dir='ltr'><strong>habent,</strong></span> <span class='ocrx_word' id='word_1_59' title='bbox 1550 948 1667 1026; x_wconf 82' lang='lat' dir='ltr'>utpote</span> <span class='ocrx_word' id='word_1_60' title='bbox 1682 963 1725 1008; x_wconf 90' lang='lat' dir='ltr'><strong>ne</strong></span> 
     </span>
    </p>

    <p class='ocr_par' dir='ltr' id='par_1_3' title="bbox 190 1045 1730 2170">
     <span class='ocr_line' id='line_1_6' title="bbox 196 1045 1674 1131; baseline 0.001 -20"><span class='ocrx_word' id='word_1_61' title='bbox 196 1054 269 1111; x_wconf 90' lang='grc' dir='ltr'><strong>νοῦν</strong></span> <span class='ocrx_word' id='word_1_62' title='bbox 285 1046 388 1111; x_wconf 78' lang='grc' dir='ltr'><strong>αὐτῶν</strong></span> <span class='ocrx_word' id='word_1_63' title='bbox 401 1045 610 1131; x_wconf 80' lang='grc' dir='ltr'><strong>ἐπιστάμεναι.</strong></span> <span class='ocrx_word' id='word_1_64' title='bbox 981 1061 1119 1108; x_wconf 90' lang='lat' dir='ltr'><strong>sensum</strong></span> <span class='ocrx_word' id='word_1_65' title='bbox 1135 1045 1272 1126; x_wconf 89' lang='lat' dir='ltr'><strong>quidem</strong></span> <span class='ocrx_word' id='word_1_66' title='bbox 1295 1062 1411 1110; x_wconf 89' lang='lat' dir='ltr'><strong>eorum</strong></span> <span class='ocrx_word' id='word_1_67' title='bbox 1434 1047 1674 1128; x_wconf 75' lang='lat' dir='ltr'><strong>intelligentes.</strong></span> 
     </span>
     <span class='ocr_line' id='line_1_7' title="bbox 237 1145 1730 1235; baseline 0.003 -21"><span class='ocrx_word' id='word_1_68' title='bbox 237 1168 270 1214; x_wconf 85' lang='lat' dir='ltr'><strong>v.</strong></span> <span class='ocrx_word' id='word_1_69' title='bbox 289 1152 361 1214; x_wconf 89' lang='grc'><strong>163.</strong></span> <span class='ocrx_word' id='word_1_70' title='bbox 377 1148 519 1216; x_wconf 80' lang='grc' dir='ltr'><strong>Ἀδικίαν</strong></span> <span class='ocrx_word' id='word_1_71' title='bbox 541 1147 677 1235; x_wconf 70' lang='grc' dir='ltr'><strong>ἐμίσησα</strong></span> <span class='ocrx_word' id='word_1_72' title='bbox 699 1150 754 1212; x_wconf 84' lang='grc' dir='ltr'><strong>καί</strong></span> <span class='ocrx_word' id='word_1_73' title='bbox 774 1145 937 1226; x_wconf 79' lang='grc' dir='ltr'><strong>ἐδδελυξά-</strong></span> <span class='ocrx_word' id='word_1_74' title='bbox 1027 1164 1059 1209; x_wconf 86' lang='grc' dir='ltr'><strong>ν.</strong></span> <span class='ocrx_word' id='word_1_75' title='bbox 1085 1148 1158 1211; x_wconf 87' lang='grc'>163.</span> <span class='ocrx_word' id='word_1_76' title='bbox 1178 1149 1385 1229; x_wconf 61' lang='lat' dir='ltr'><strong>[mestitiam</strong></span> <span class='ocrx_word' id='word_1_77' title='bbox 1399 1151 1468 1216; x_wconf 78' lang='lat' dir='ltr'><strong>odic</strong></span> <span class='ocrx_word' id='word_1_78' title='bbox 1490 1151 1589 1216; x_wconf 77' lang='grc' dir='ltr'><strong>ίιαῦειί</strong></span> <span class='ocrx_word' id='word_1_79' title='bbox 1610 1157 1642 1218; x_wconf 80' lang='lat' dir='ltr'><strong>et</strong></span> <span class='ocrx_word' id='word_1_80' title='bbox 1661 1153 1730 1218; x_wconf 73' lang='lat' dir='ltr'><strong>abc</strong></span> 
     </span>
     <span class='ocr_line' id='line_1_8' title="bbox 194 1250 1711 1339; baseline 0.002 -21"><span class='ocrx_word' id='word_1_81' title='bbox 194 1273 267 1339; x_wconf 88' lang='grc' dir='ltr'><strong>μην,</strong></span> <span class='ocrx_word' id='word_1_82' title='bbox 283 1256 336 1318; x_wconf 73' lang='grc' dir='ltr'><strong>τὸν</strong></span> <span class='ocrx_word' id='word_1_83' title='bbox 352 1251 388 1316; x_wconf 75' lang='grc' dir='ltr'><strong>δὲ</strong></span> <span class='ocrx_word' id='word_1_84' title='bbox 402 1251 496 1338; x_wconf 81' lang='grc' dir='ltr'><strong>νόμον</strong></span> <span class='ocrx_word' id='word_1_85' title='bbox 510 1273 567 1317; x_wconf 86' lang='grc' dir='ltr'><strong>σου</strong></span> <span class='ocrx_word' id='word_1_86' title='bbox 582 1251 748 1338; x_wconf 72' lang='grc' dir='ltr'><strong>ἠγάπησα.</strong></span> <span class='ocrx_word' id='word_1_87' title='bbox 982 1250 1127 1316; x_wconf 66' lang='lat' dir='ltr'><strong>mittetis</strong></span> <span class='ocrx_word' id='word_1_88' title='bbox 1147 1269 1238 1331; x_wconf 66' lang='grc' dir='ltr'><strong>εκκιρ</strong></span> <span class='ocrx_word' id='word_1_89' title='bbox 1253 1252 1354 1336; x_wconf 75' lang='lat' dir='ltr'><strong>lepem</strong></span> <span class='ocrx_word' id='word_1_90' title='bbox 1367 1259 1474 1320; x_wconf 82' lang='lat' dir='ltr'><strong>cutem</strong></span> <span class='ocrx_word' id='word_1_91' title='bbox 1488 1260 1578 1321; x_wconf 77' lang='lat' dir='ltr'><strong>tuom</strong></span> <span class='ocrx_word' id='word_1_92' title='bbox 1591 1256 1711 1328; x_wconf 74' lang='grc' dir='ltr'><strong>άίῖεαί.</strong></span> 
     </span>
     <span class='ocr_line' id='line_1_9' title="bbox 236 1354 1729 1443; baseline 0.001 -19"><span class='ocrx_word' id='word_1_93' title='bbox 236 1357 452 1438; x_wconf 80' lang='grc' dir='ltr'><strong>Βδελῦξασθαι</strong></span> <span class='ocrx_word' id='word_1_94' title='bbox 461 1360 515 1423; x_wconf 84' lang='grc' dir='ltr'><strong>καὶ</strong></span> <span class='ocrx_word' id='word_1_95' title='bbox 528 1366 656 1443; x_wconf 81' lang='grc' dir='ltr'><strong>μισήσαι</strong></span> <span class='ocrx_word' id='word_1_96' title='bbox 671 1358 721 1423; x_wconf 81' lang='grc' dir='ltr'><strong>δεῖ</strong></span> <span class='ocrx_word' id='word_1_97' title='bbox 733 1357 791 1441; x_wconf 83' lang='grc' dir='ltr'><strong>τήν</strong></span> <span class='ocrx_word' id='word_1_98' title='bbox 803 1354 936 1438; x_wconf 82' lang='grc' dir='ltr'><strong>ἀδικίαν,</strong></span> <span class='ocrx_word' id='word_1_99' title='bbox 1026 1356 1241 1420; x_wconf 82' lang='lat' dir='ltr'><strong>Execretioni</strong></span> <span class='ocrx_word' id='word_1_100' title='bbox 1257 1362 1291 1420; x_wconf 88' lang='lat' dir='ltr'><strong>et</strong></span> <span class='ocrx_word' id='word_1_101' title='bbox 1305 1359 1381 1423; x_wconf 91' lang='lat' dir='ltr'><strong>odio</strong></span> <span class='ocrx_word' id='word_1_102' title='bbox 1406 1360 1560 1424; x_wconf 80' lang='lat' dir='ltr'><strong>habende</strong></span> <span class='ocrx_word' id='word_1_103' title='bbox 1572 1367 1627 1440; x_wconf 60' lang='lat' dir='ltr'><strong>vest</strong></span> <span class='ocrx_word' id='word_1_104' title='bbox 1640 1361 1729 1442; x_wconf 84' lang='lat' dir='ltr'><strong>inju-</strong></span> 
     </span>
     <span class='ocr_line' id='line_1_10' title="bbox 192 1459 1730 1549; baseline 0.003 -22"><span class='ocrx_word' id='word_1_105' title='bbox 192 1461 346 1548; x_wconf 78' lang='grc' dir='ltr'><strong>εἰμέλλσι</strong></span> <span class='ocrx_word' id='word_1_106' title='bbox 369 1463 425 1548; x_wconf 78' lang='grc' dir='ltr'><strong>μὲν</strong></span> <span class='ocrx_word' id='word_1_107' title='bbox 450 1464 552 1547; x_wconf 80' lang='grc' dir='ltr'><strong>ἔργοις</strong></span> <span class='ocrx_word' id='word_1_108' title='bbox 575 1459 803 1527; x_wconf 77' lang='grc' dir='ltr'><strong>ἐπιδείκνυσθαι</strong></span> <span class='ocrx_word' id='word_1_109' title='bbox 820 1462 879 1546; x_wconf 82' lang='grc' dir='ltr'><strong>τήν</strong></span> <span class='ocrx_word' id='word_1_110' title='bbox 895 1461 938 1536; x_wconf 82' lang='grc' dir='ltr'><strong>εἰς</strong></span> <span class='ocrx_word' id='word_1_111' title='bbox 983 1459 1086 1540; x_wconf 80' lang='lat' dir='ltr'><strong>stitis,</strong></span> <span class='ocrx_word' id='word_1_112' title='bbox 1103 1461 1131 1523; x_wconf 89' lang='lat' dir='ltr'><strong>si</strong></span> <span class='ocrx_word' id='word_1_113' title='bbox 1147 1461 1284 1542; x_wconf 86' lang='lat' dir='ltr'><strong>quidem</strong></span> <span class='ocrx_word' id='word_1_114' title='bbox 1303 1480 1396 1527; x_wconf 83' lang='lat' dir='ltr'><strong>amor</strong></span> <span class='ocrx_word' id='word_1_115' title='bbox 1410 1465 1535 1529; x_wconf 75' lang='lat' dir='ltr'><strong>divinus</strong></span> <span class='ocrx_word' id='word_1_116' title='bbox 1550 1467 1639 1545; x_wconf 77' lang='lat' dir='ltr'><strong>legis</strong></span> <span class='ocrx_word' id='word_1_117' title='bbox 1654 1484 1730 1549; x_wconf 93' lang='lat' dir='ltr'><strong>ope-</strong></span> 
     </span>
     <span class='ocr_line' id='line_1_11' title="bbox 191 1562 1727 1652; baseline 0.002 -21"><span class='ocrx_word' id='word_1_118' title='bbox 191 1569 245 1633; x_wconf 85' lang='grc' dir='ltr'><strong>τδν</strong></span> <span class='ocrx_word' id='word_1_119' title='bbox 259 1564 353 1652; x_wconf 82' lang='grc' dir='ltr'><strong>νόμον</strong></span> <span class='ocrx_word' id='word_1_120' title='bbox 367 1576 422 1631; x_wconf 87' lang='grc' dir='ltr'><strong>τοῦ</strong></span> <span class='ocrx_word' id='word_1_121' title='bbox 437 1565 520 1634; x_wconf 84' lang='grc' dir='ltr'><strong>Θεοῦ</strong></span> <span class='ocrx_word' id='word_1_122' title='bbox 536 1565 680 1651; x_wconf 84' lang='grc' dir='ltr'><strong>ἀγάπην·</strong></span> <span class='ocrx_word' id='word_1_123' title='bbox 696 1565 733 1628; x_wconf 83' lang='grc' dir='ltr'><strong>οῦ</strong></span> <span class='ocrx_word' id='word_1_124' title='bbox 748 1566 801 1629; x_wconf 87' lang='grc' dir='ltr'><strong>τδν</strong></span> <span class='ocrx_word' id='word_1_125' title='bbox 817 1565 935 1647; x_wconf 79' lang='grc' dir='ltr'><strong>ἄδικον,</strong></span> <span class='ocrx_word' id='word_1_126' title='bbox 983 1562 1077 1627; x_wconf 87' lang='lat' dir='ltr'><strong>ribus</strong></span> <span class='ocrx_word' id='word_1_127' title='bbox 1090 1563 1370 1632; x_wconf 81' lang='lat' dir='ltr'><strong>demonstrandus</strong></span> <span class='ocrx_word' id='word_1_128' title='bbox 1385 1572 1446 1649; x_wconf 88' lang='lat' dir='ltr'><strong>est,</strong></span> <span class='ocrx_word' id='word_1_129' title='bbox 1461 1569 1576 1632; x_wconf 87' lang='lat' dir='ltr'><strong>odium</strong></span> <span class='ocrx_word' id='word_1_130' title='bbox 1592 1587 1660 1634; x_wconf 92' lang='lat' dir='ltr'><strong>non</strong></span> <span class='ocrx_word' id='word_1_131' title='bbox 1671 1571 1727 1634; x_wconf 82' lang='lat' dir='ltr'><strong>sd·</strong></span> 
     </span>
     <span class='ocr_line' id='line_1_12' title="bbox 192 1667 1726 1756; baseline 0.003 -22"><span class='ocrx_word' id='word_1_132' title='bbox 192 1669 277 1735; x_wconf 82' lang='grc' dir='ltr'>ἀλλὰ</span> <span class='ocrx_word' id='word_1_133' title='bbox 298 1671 356 1756; x_wconf 79' lang='grc' dir='ltr'><strong>τήν</strong></span> <span class='ocrx_word' id='word_1_134' title='bbox 379 1668 503 1736; x_wconf 76' lang='grc' dir='ltr'><strong>ἀδικίαν</strong></span> <span class='ocrx_word' id='word_1_135' title='bbox 526 1668 683 1756; x_wconf 78' lang='grc' dir='ltr'><strong>μισητέον,</strong></span> <span class='ocrx_word' id='word_1_136' title='bbox 706 1670 760 1733; x_wconf 82' lang='grc' dir='ltr'><strong>καί</strong></span> <span class='ocrx_word' id='word_1_137' title='bbox 782 1670 818 1733; x_wconf 83' lang='grc' dir='ltr'><strong>οῦ</strong></span> <span class='ocrx_word' id='word_1_138' title='bbox 841 1670 938 1752; x_wconf 83' lang='grc' dir='ltr'><strong>νεκρά</strong></span> <span class='ocrx_word' id='word_1_139' title='bbox 983 1682 1102 1730; x_wconf 88' lang='lat' dir='ltr'><strong>versus</strong></span> <span class='ocrx_word' id='word_1_140' title='bbox 1118 1667 1294 1752; x_wconf 90' lang='lat' dir='ltr'><strong>injustum,</strong></span> <span class='ocrx_word' id='word_1_141' title='bbox 1310 1671 1368 1735; x_wconf 88' lang='lat' dir='ltr'><strong>sed</strong></span> <span class='ocrx_word' id='word_1_142' title='bbox 1383 1676 1501 1735; x_wconf 85' lang='lat' dir='ltr'><strong>contro</strong></span> <span class='ocrx_word' id='word_1_143' title='bbox 1523 1672 1726 1754; x_wconf 75' lang='lat' dir='ltr'><strong>injustitiam</strong></span> 
     </span>
     <span class='ocr_line' id='line_1_13' title="bbox 193 1771 1728 1860; baseline 0.002 -21"><span class='ocrx_word' id='word_1_144' title='bbox 193 1774 364 1860; x_wconf 78' lang='grc' dir='ltr'><strong>ἀνθρώπων</strong></span> <span class='ocrx_word' id='word_1_145' title='bbox 387 1773 528 1860; x_wconf 80' lang='grc' dir='ltr'><strong>σώματα,</strong></span> <span class='ocrx_word' id='word_1_146' title='bbox 546 1773 568 1859; x_wconf 78' lang='grc' dir='ltr'><strong>ἠ</strong></span> <span class='ocrx_word' id='word_1_147' title='bbox 591 1772 633 1850; x_wconf 83' lang='grc' dir='ltr'><strong>ὡς</strong></span> <span class='ocrx_word' id='word_1_148' title='bbox 654 1771 801 1838; x_wconf 81' lang='grc' dir='ltr'><strong>Ἰουδαῖοι</strong></span> <span class='ocrx_word' id='word_1_149' title='bbox 824 1771 937 1858; x_wconf 88' lang='grc' dir='ltr'><strong>δνομά-</strong></span> <span class='ocrx_word' id='word_1_150' title='bbox 983 1773 1260 1855; x_wconf 69' lang='lat' dir='ltr'><strong>convertendum</strong></span> <span class='ocrx_word' id='word_1_151' title='bbox 1280 1793 1390 1857; x_wconf 86' lang='lat' dir='ltr'><strong>neque</strong></span> <span class='ocrx_word' id='word_1_152' title='bbox 1407 1777 1632 1841; x_wconf 82' lang='lat' dir='ltr'><strong>abominanda</strong></span> <span class='ocrx_word' id='word_1_153' title='bbox 1645 1785 1728 1842; x_wconf 90' lang='lat' dir='ltr'><strong>sunt</strong></span> 
     </span>
     <span class='ocr_line' id='line_1_14' title="bbox 191 1875 1726 1964; baseline 0 -20"><span class='ocrx_word' id='word_1_154' title='bbox 191 1879 281 1958; x_wconf 79' lang='grc' dir='ltr'><strong>ζουσι</strong></span> <span class='ocrx_word' id='word_1_155' title='bbox 296 1878 423 1964; x_wconf 78' lang='grc' dir='ltr'><strong>Κύριον,</strong></span> <span class='ocrx_word' id='word_1_156' title='bbox 439 1877 572 1963; x_wconf 88' lang='grc' dir='ltr'><strong>δαίμονα</strong></span> <span class='ocrx_word' id='word_1_157' title='bbox 589 1876 767 1964; x_wconf 85' lang='grc' dir='ltr'><strong>βδελυκτδν,</strong></span> <span class='ocrx_word' id='word_1_158' title='bbox 779 1876 863 1941; x_wconf 79' lang='grc' dir='ltr'>ἀλλὰ</span> <span class='ocrx_word' id='word_1_159' title='bbox 877 1878 935 1962; x_wconf 85' lang='grc' dir='ltr'><strong>τήν</strong></span> <span class='ocrx_word' id='word_1_160' title='bbox 983 1880 1117 1939; x_wconf 84' lang='lat' dir='ltr'><strong>mortuo</strong></span> <span class='ocrx_word' id='word_1_161' title='bbox 1132 1875 1309 1940; x_wconf 90' lang='lat' dir='ltr'><strong>hominum</strong></span> <span class='ocrx_word' id='word_1_162' title='bbox 1324 1895 1473 1960; x_wconf 83' lang='lat' dir='ltr'><strong>corpore,</strong></span> <span class='ocrx_word' id='word_1_163' title='bbox 1489 1881 1553 1958; x_wconf 86' lang='lat' dir='ltr'><strong>vel,</strong></span> <span class='ocrx_word' id='word_1_164' title='bbox 1565 1882 1654 1945; x_wconf 88' lang='lat' dir='ltr'><strong>siout</strong></span> <span class='ocrx_word' id='word_1_165' title='bbox 1664 1881 1686 1944; x_wconf 87' lang='lat' dir='ltr'>J</span> <span class='ocrx_word' id='word_1_166' title='bbox 1688 1899 1726 1944; x_wconf 90' lang='lat' dir='ltr'><strong>u·</strong></span> 
     </span>
     <span class='ocr_line' id='line_1_15' title="bbox 190 1979 1730 2068; baseline 0.001 -20"><span class='ocrx_word' id='word_1_167' title='bbox 190 1980 334 2049; x_wconf 80' lang='grc' dir='ltr'><strong>ἀδικίαν·</strong></span> <span class='ocrx_word' id='word_1_168' title='bbox 349 1983 428 2067; x_wconf 82' lang='grc' dir='ltr'><strong>αὐτή</strong></span> <span class='ocrx_word' id='word_1_169' title='bbox 444 1983 506 2067; x_wconf 81' lang='grc' dir='ltr'><strong>γάρ</strong></span> <span class='ocrx_word' id='word_1_170' title='bbox 521 1981 646 2067; x_wconf 80' lang='grc' dir='ltr'><strong>άληθῶς</strong></span> <span class='ocrx_word' id='word_1_171' title='bbox 663 1979 833 2068; x_wconf 74' lang='grc' dir='ltr'><strong>βδέλυγμα.</strong></span> <span class='ocrx_word' id='word_1_172' title='bbox 986 1979 1051 2042; x_wconf 83' lang='lat' dir='ltr'><strong>doei</strong></span> <span class='ocrx_word' id='word_1_173' title='bbox 1074 1981 1256 2045; x_wconf 90' lang='lat' dir='ltr'><strong>Dominum</strong></span> <span class='ocrx_word' id='word_1_174' title='bbox 1279 1989 1411 2063; x_wconf 81' lang='lat' dir='ltr'><strong>vocent,</strong></span> <span class='ocrx_word' id='word_1_175' title='bbox 1435 1983 1587 2048; x_wconf 90' lang='lat' dir='ltr'><strong>odiosum</strong></span> <span class='ocrx_word' id='word_1_176' title='bbox 1610 1986 1730 2050; x_wconf 75' lang='lat' dir='ltr'><strong>duemc·</strong></span> 
     </span>
     <span class='ocr_line' id='line_1_16' title="bbox 987 2084 1728 2170; baseline 0.012 -24"><span class='ocrx_word' id='word_1_177' title='bbox 987 2100 1075 2164; x_wconf 86' lang='lat' dir='ltr'><strong>nem,</strong></span> <span class='ocrx_word' id='word_1_178' title='bbox 1087 2084 1146 2148; x_wconf 88' lang='lat' dir='ltr'><strong>sed</strong></span> <span class='ocrx_word' id='word_1_179' title='bbox 1158 2084 1336 2167; x_wconf 85' lang='lat' dir='ltr'><strong>injustitia,</strong></span> <span class='ocrx_word' id='word_1_180' title='bbox 1345 2104 1420 2168; x_wconf 85' lang='lat' dir='ltr'><strong>quae</strong></span> <span class='ocrx_word' id='word_1_181' title='bbox 1431 2105 1510 2152; x_wconf 86' lang='lat' dir='ltr'><strong>vere</strong></span> <span class='ocrx_word' id='word_1_182' title='bbox 1522 2091 1656 2170; x_wconf 81' lang='lat' dir='ltr'><strong>piaculo</strong></span> <span class='ocrx_word' id='word_1_183' title='bbox 1668 2095 1728 2155; x_wconf 88' lang='lat' dir='ltr'><strong>est.</strong></span> 
     </span>
    </p>
   </div>
   <div class='ocr_carea' id='block_1_3' title="bbox 190 2189 1730 2906">
    <p class='ocr_par' dir='ltr' id='par_1_4' title="bbox 190 2189 1730 2383">
     <span class='ocr_line' id='line_1_17' title="bbox 235 2189 1730 2278; baseline 0.002 -23"><span class='ocrx_word' id='word_1_184' title='bbox 235 2212 267 2256; x_wconf 83' lang='lat' dir='ltr'><strong>v.</strong></span> <span class='ocrx_word' id='word_1_185' title='bbox 285 2195 357 2257; x_wconf 79' lang='lat'><strong>165.</strong></span> <span class='ocrx_word' id='word_1_186' title='bbox 372 2190 492 2277; x_wconf 83' lang='grc' dir='ltr'><strong>Εἰρήνη</strong></span> <span class='ocrx_word' id='word_1_187' title='bbox 515 2190 619 2277; x_wconf 84' lang='grc' dir='ltr'><strong>πολλή</strong></span> <span class='ocrx_word' id='word_1_188' title='bbox 635 2200 699 2268; x_wconf 71' lang='grc' dir='ltr'><strong>τοῖς</strong></span> <span class='ocrx_word' id='word_1_189' title='bbox 721 2189 865 2276; x_wconf 79' lang='grc' dir='ltr'><strong>ἀγαπῶσι</strong></span> <span class='ocrx_word' id='word_1_190' title='bbox 881 2192 936 2255; x_wconf 83' lang='grc' dir='ltr'><strong>τὸν</strong></span> <span class='ocrx_word' id='word_1_191' title='bbox 1026 2205 1058 2250; x_wconf 81' lang='lat' dir='ltr'><strong>v.</strong></span> <span class='ocrx_word' id='word_1_192' title='bbox 1085 2190 1156 2251; x_wconf 87' lang='lat'>165.</span> <span class='ocrx_word' id='word_1_193' title='bbox 1179 2190 1252 2254; x_wconf 77' lang='grc' dir='ltr'><strong>Ραα</strong></span> <span class='ocrx_word' id='word_1_194' title='bbox 1275 2191 1379 2256; x_wconf 78' lang='lat' dir='ltr'><strong>multa</strong></span> <span class='ocrx_word' id='word_1_195' title='bbox 1400 2190 1609 2275; x_wconf 59' lang='lat' dir='ltr'><strong>diluentibus</strong></span> <span class='ocrx_word' id='word_1_196' title='bbox 1631 2194 1730 2278; x_wconf 73' lang='lat' dir='ltr'><strong>lepem</strong></span> 
     </span>
     <span class='ocr_line' id='line_1_18' title="bbox 190 2293 1567 2383; baseline -0.002 -20"><span class='ocrx_word' id='word_1_197' title='bbox 190 2296 285 2383; x_wconf 78' lang='grc' dir='ltr'><strong>νόμον</strong></span> <span class='ocrx_word' id='word_1_198' title='bbox 300 2318 367 2380; x_wconf 90' lang='grc' dir='ltr'><strong>σου,</strong></span> <span class='ocrx_word' id='word_1_199' title='bbox 382 2297 438 2360; x_wconf 79' lang='grc' dir='ltr'><strong>καί</strong></span> <span class='ocrx_word' id='word_1_200' title='bbox 452 2297 511 2360; x_wconf 81' lang='grc' dir='ltr'><strong>οὐκ</strong></span> <span class='ocrx_word' id='word_1_201' title='bbox 525 2297 608 2360; x_wconf 81' lang='grc' dir='ltr'><strong>ἔστιν</strong></span> <span class='ocrx_word' id='word_1_202' title='bbox 628 2296 733 2372; x_wconf 76' lang='grc' dir='ltr'><strong>αὐτοῖς</strong></span> <span class='ocrx_word' id='word_1_203' title='bbox 749 2293 936 2360; x_wconf 87' lang='grc' dir='ltr'><strong>σκάνδαλον.</strong></span> <span class='ocrx_word' id='word_1_204' title='bbox 983 2294 1081 2370; x_wconf 68' lang='lat' dir='ltr'><strong>tom,</strong></span> <span class='ocrx_word' id='word_1_205' title='bbox 1099 2296 1131 2356; x_wconf 76' lang='lat' dir='ltr'><strong>et</strong></span> <span class='ocrx_word' id='word_1_206' title='bbox 1143 2309 1206 2356; x_wconf 83' lang='grc' dir='ltr'><strong>αοιι</strong></span> <span class='ocrx_word' id='word_1_207' title='bbox 1220 2298 1269 2359; x_wconf 77' lang='lat' dir='ltr'><strong>est</strong></span> <span class='ocrx_word' id='word_1_208' title='bbox 1283 2294 1356 2358; x_wconf 74' lang='lat' dir='ltr'><strong>illis</strong></span> <span class='ocrx_word' id='word_1_209' title='bbox 1369 2295 1567 2360; x_wconf 68' lang='lat' dir='ltr'><strong>scamium.</strong></span> 
     </span>
    </p>

    <p class='ocr_par' dir='ltr' id='par_1_5' title="bbox 190 2395 1729 2906">
     <span class='ocr_line' id='line_1_19' title="bbox 234 2395 1728 2487; baseline -0.002 -18"><span class='ocrx_word' id='word_1_210' title='bbox 234 2403 312 2469; x_wconf 90' lang='grc' dir='ltr'><strong>Ἐάν</strong></span> <span class='ocrx_word' id='word_1_211' title='bbox 326 2424 372 2480; x_wconf 85' lang='grc' dir='ltr'><strong>τις</strong></span> <span class='ocrx_word' id='word_1_212' title='bbox 387 2401 497 2487; x_wconf 78' lang='grc' dir='ltr'><strong>ἀγαπᾷ</strong></span> <span class='ocrx_word' id='word_1_213' title='bbox 508 2403 561 2465; x_wconf 84' lang='grc' dir='ltr'><strong>τὸν</strong></span> <span class='ocrx_word' id='word_1_214' title='bbox 573 2399 667 2486; x_wconf 86' lang='grc' dir='ltr'><strong>νόμον</strong></span> <span class='ocrx_word' id='word_1_215' title='bbox 679 2410 733 2465; x_wconf 90' lang='grc' dir='ltr'><strong>τοῦ</strong></span> <span class='ocrx_word' id='word_1_216' title='bbox 745 2399 838 2481; x_wconf 83' lang='grc' dir='ltr'><strong>Θεοῦ,</strong></span> <span class='ocrx_word' id='word_1_217' title='bbox 852 2397 935 2484; x_wconf 78' lang='grc' dir='ltr'><strong>εἰρή·</strong></span> <span class='ocrx_word' id='word_1_218' title='bbox 1026 2395 1152 2476; x_wconf 90' lang='lat' dir='ltr'><strong>Siquis</strong></span> <span class='ocrx_word' id='word_1_219' title='bbox 1175 2396 1291 2476; x_wconf 78' lang='lat' dir='ltr'><strong>diligit</strong></span> <span class='ocrx_word' id='word_1_220' title='bbox 1312 2400 1423 2477; x_wconf 79' lang='lat' dir='ltr'><strong>legem</strong></span> <span class='ocrx_word' id='word_1_221' title='bbox 1447 2400 1518 2480; x_wconf 89' lang='lat' dir='ltr'><strong>Dei,</strong></span> <span class='ocrx_word' id='word_1_222' title='bbox 1535 2417 1653 2482; x_wconf 80' lang='lat' dir='ltr'><strong>pacem</strong></span> <span class='ocrx_word' id='word_1_223' title='bbox 1669 2401 1728 2466; x_wconf 88' lang='lat' dir='ltr'><strong>he-</strong></span> 
     </span>
     <span class='ocr_line' id='line_1_20' title="bbox 193 2500 1729 2592; baseline 0.001 -22"><span class='ocrx_word' id='word_1_224' title='bbox 193 2527 251 2591; x_wconf 77' lang='grc' dir='ltr'><strong>νην</strong></span> <span class='ocrx_word' id='word_1_225' title='bbox 261 2508 328 2592; x_wconf 78' lang='grc' dir='ltr'><strong>ἔχει</strong></span> <span class='ocrx_word' id='word_1_226' title='bbox 342 2502 484 2589; x_wconf 86' lang='grc' dir='ltr'><strong>πολλήν·</strong></span> <span class='ocrx_word' id='word_1_227' title='bbox 498 2503 634 2590; x_wconf 83' lang='grc' dir='ltr'><strong>πόλεμος</strong></span> <span class='ocrx_word' id='word_1_228' title='bbox 650 2505 710 2589; x_wconf 78' lang='grc' dir='ltr'><strong>οὐχ</strong></span> <span class='ocrx_word' id='word_1_229' title='bbox 730 2505 861 2568; x_wconf 78' lang='grc' dir='ltr'><strong>ἅπτεται</strong></span> <span class='ocrx_word' id='word_1_230' title='bbox 876 2512 933 2588; x_wconf 82' lang='grc' dir='ltr'><strong>της</strong></span> <span class='ocrx_word' id='word_1_231' title='bbox 981 2500 1039 2565; x_wconf 90' lang='lat' dir='ltr'><strong>bet</strong></span> <span class='ocrx_word' id='word_1_232' title='bbox 1053 2503 1206 2565; x_wconf 84' lang='lat' dir='ltr'><strong>multem.</strong></span> <span class='ocrx_word' id='word_1_233' title='bbox 1230 2504 1362 2567; x_wconf 91' lang='lat' dir='ltr'><strong>Bellum</strong></span> <span class='ocrx_word' id='word_1_234' title='bbox 1384 2505 1532 2568; x_wconf 81' lang='lat' dir='ltr'><strong>animem</strong></span> <span class='ocrx_word' id='word_1_235' title='bbox 1547 2522 1643 2568; x_wconf 85' lang='lat' dir='ltr'><strong>susm</strong></span> <span class='ocrx_word' id='word_1_236' title='bbox 1660 2523 1729 2572; x_wconf 90' lang='lat' dir='ltr'><strong>non</strong></span> 
     </span>
     <span class='ocr_line' id='line_1_21' title="bbox 190 2608 1728 2696; baseline 0.003 -21"><span class='ocrx_word' id='word_1_237' title='bbox 190 2613 297 2696; x_wconf 77' lang='grc' dir='ltr'><strong>ψυχης</strong></span> <span class='ocrx_word' id='word_1_238' title='bbox 312 2611 419 2689; x_wconf 82' lang='grc' dir='ltr'><strong>αὐτοῦ,</strong></span> <span class='ocrx_word' id='word_1_239' title='bbox 436 2609 526 2673; x_wconf 81' lang='grc' dir='ltr'><strong>οὐδὲν</strong></span> <span class='ocrx_word' id='word_1_240' title='bbox 541 2609 603 2693; x_wconf 82' lang='grc' dir='ltr'><strong>γάρ</strong></span> <span class='ocrx_word' id='word_1_241' title='bbox 618 2617 678 2674; x_wconf 88' lang='grc' dir='ltr'><strong>τῦν</strong></span> <span class='ocrx_word' id='word_1_242' title='bbox 700 2608 935 2694; x_wconf 77' lang='grc' dir='ltr'><strong>ἁμαρτημάτων</strong></span> <span class='ocrx_word' id='word_1_243' title='bbox 981 2609 1132 2690; x_wconf 81' lang='lat' dir='ltr'><strong>attingit,</strong></span> <span class='ocrx_word' id='word_1_244' title='bbox 1152 2612 1285 2676; x_wconf 91' lang='lat' dir='ltr'><strong>nullum</strong></span> <span class='ocrx_word' id='word_1_245' title='bbox 1308 2613 1399 2676; x_wconf 90' lang='lat' dir='ltr'><strong>enim</strong></span> <span class='ocrx_word' id='word_1_246' title='bbox 1414 2619 1590 2694; x_wconf 78' lang='lat' dir='ltr'><strong>peccatum</strong></span> <span class='ocrx_word' id='word_1_247' title='bbox 1614 2617 1728 2680; x_wconf 85' lang='lat' dir='ltr'><strong>exurit</strong></span> 
     </span>
     <span class='ocr_line' id='line_1_22' title="bbox 190 2711 1726 2799; baseline 0.003 -20"><span class='ocrx_word' id='word_1_248' title='bbox 190 2711 311 2779; x_wconf 76' lang='grc' dir='ltr'><strong>ἐκκαίει</strong></span> <span class='ocrx_word' id='word_1_249' title='bbox 326 2715 384 2798; x_wconf 81' lang='grc' dir='ltr'><strong>τήν</strong></span> <span class='ocrx_word' id='word_1_250' title='bbox 407 2714 513 2798; x_wconf 81' lang='grc' dir='ltr'><strong>ψυχὴν</strong></span> <span class='ocrx_word' id='word_1_251' title='bbox 536 2711 642 2795; x_wconf 80' lang='grc' dir='ltr'><strong>αὑτοῦ,</strong></span> <span class='ocrx_word' id='word_1_252' title='bbox 658 2715 712 2778; x_wconf 80' lang='grc' dir='ltr'><strong>καί</strong></span> <span class='ocrx_word' id='word_1_253' title='bbox 728 2714 784 2777; x_wconf 85' lang='grc' dir='ltr'><strong>δτε</strong></span> <span class='ocrx_word' id='word_1_254' title='bbox 806 2711 934 2798; x_wconf 80' lang='grc' dir='ltr'><strong>εἰρήνην</strong></span> <span class='ocrx_word' id='word_1_255' title='bbox 981 2713 1130 2775; x_wconf 85' lang='lat' dir='ltr'><strong>enimam</strong></span> <span class='ocrx_word' id='word_1_256' title='bbox 1145 2713 1229 2795; x_wconf 81' lang='lat' dir='ltr'><strong>ejus,</strong></span> <span class='ocrx_word' id='word_1_257' title='bbox 1246 2719 1280 2779; x_wconf 87' lang='lat' dir='ltr'><strong>et</strong></span> <span class='ocrx_word' id='word_1_258' title='bbox 1295 2717 1376 2798; x_wconf 83' lang='lat' dir='ltr'><strong>quie</strong></span> <span class='ocrx_word' id='word_1_259' title='bbox 1390 2735 1508 2799; x_wconf 84' lang='lat' dir='ltr'><strong>pacem</strong></span> <span class='ocrx_word' id='word_1_260' title='bbox 1520 2718 1631 2798; x_wconf 87' lang='lat' dir='ltr'><strong>hebet,</strong></span> <span class='ocrx_word' id='word_1_261' title='bbox 1647 2722 1726 2785; x_wconf 81' lang='lat' dir='ltr'><strong>telis</strong></span> 
     </span>
     <span class='ocr_line' id='line_1_23' title="bbox 190 2815 1723 2906; baseline 0.001 -22"><span class='ocrx_word' id='word_1_262' title='bbox 190 2820 284 2904; x_wconf 80' lang='grc' dir='ltr'><strong>ἔχων,</strong></span> <span class='ocrx_word' id='word_1_263' title='bbox 300 2826 438 2895; x_wconf 85' lang='grc' dir='ltr'><strong>τοιοῦτος</strong></span> <span class='ocrx_word' id='word_1_264' title='bbox 460 2815 638 2902; x_wconf 80' lang='grc' dir='ltr'><strong>γεγένηται,</strong></span> <span class='ocrx_word' id='word_1_265' title='bbox 653 2818 705 2883; x_wconf 85' lang='grc' dir='ltr'><strong>ίνα</strong></span> <span class='ocrx_word' id='word_1_266' title='bbox 726 2818 786 2882; x_wconf 78' lang='grc' dir='ltr'><strong>ὑπὸ</strong></span> <span class='ocrx_word' id='word_1_267' title='bbox 803 2817 936 2903; x_wconf 80' lang='grc' dir='ltr'><strong>μηδενὸς</strong></span> <span class='ocrx_word' id='word_1_268' title='bbox 981 2815 1029 2898; x_wconf 84' lang='lat' dir='ltr'><strong>fit,</strong></span> <span class='ocrx_word' id='word_1_269' title='bbox 1059 2821 1100 2880; x_wconf 90' lang='lat' dir='ltr'><strong>ut</strong></span> <span class='ocrx_word' id='word_1_270' title='bbox 1127 2836 1147 2881; x_wconf 85' lang='lat' dir='ltr'><strong>s</strong></span> <span class='ocrx_word' id='word_1_271' title='bbox 1176 2821 1312 2884; x_wconf 92' lang='lat' dir='ltr'><strong>nemine</strong></span> <span class='ocrx_word' id='word_1_272' title='bbox 1341 2822 1541 2886; x_wconf 79' lang='lat' dir='ltr'><strong>scandalum</strong></span> <span class='ocrx_word' id='word_1_273' title='bbox 1572 2824 1723 2906; x_wconf 85' lang='lat' dir='ltr'><strong>recipiat,</strong></span> 
     </span>
    </p>
   </div>
   <div class='ocr_carea' id='block_1_4' title="bbox 182 3051 1730 5299">
    <p class='ocr_par' dir='ltr' id='par_1_6' title="bbox 225 3051 1729 3129">
     <span class='ocr_line' id='line_1_24' title="bbox 225 3051 1729 3129; baseline -0.001 -15"><span class='ocrx_word' id='word_1_274' title='bbox 225 3075 253 3114; x_wconf 84' lang='grc' dir='ltr'><strong>ν.</strong></span> <span class='ocrx_word' id='word_1_275' title='bbox 267 3056 328 3112; x_wconf 84' lang='grc'><strong>163.</strong></span> <span class='ocrx_word' id='word_1_276' title='bbox 341 3056 409 3114; x_wconf 80' lang='lat' dir='ltr'><strong>Vct.</strong></span> <span class='ocrx_word' id='word_1_277' title='bbox 422 3057 447 3111; x_wconf 82' lang='lat'><strong>5.</strong></span> <span class='ocrx_word' id='word_1_278' title='bbox 705 3083 708 3102; x_wconf 85' lang='lat'><em>·</em></span> <span class='ocrx_word' id='word_1_279' title='bbox 1015 3051 1133 3110; x_wconf 82' lang='lat' dir='ltr'><strong>Addere</strong></span> <span class='ocrx_word' id='word_1_280' title='bbox 1150 3071 1238 3126; x_wconf 81' lang='lat' dir='ltr'><strong>quem</strong></span> <span class='ocrx_word' id='word_1_281' title='bbox 1256 3054 1315 3110; x_wconf 87' lang='lat' dir='ltr'><strong>cito</strong></span> <span class='ocrx_word' id='word_1_282' title='bbox 1332 3059 1463 3129; x_wconf 72' lang='lat' dir='ltr'><strong>praestet,</strong></span> <span class='ocrx_word' id='word_1_283' title='bbox 1476 3055 1554 3129; x_wconf 82' lang='lat' dir='ltr'><strong>epnd</strong></span> <span class='ocrx_word' id='word_1_284' title='bbox 1572 3055 1729 3128; x_wconf 79' lang='lat' dir='ltr'><strong>Origenem</strong></span> 
     </span>
    </p>

    <p class='ocr_par' dir='ltr' id='par_1_7' title="bbox 183 3140 1730 4601">
     <span class='ocr_line' id='line_1_25' title="bbox 224 3140 1729 3216; baseline 0.001 -17"><span class='ocrx_word' id='word_1_285' title='bbox 224 3160 252 3199; x_wconf 85' lang='grc' dir='ltr'><strong>ν.</strong></span> <span class='ocrx_word' id='word_1_286' title='bbox 266 3142 326 3198; x_wconf 85' lang='grc'><strong>165.</strong></span> <span class='ocrx_word' id='word_1_287' title='bbox 339 3142 406 3198; x_wconf 81' lang='lat' dir='ltr'><strong>Vct.</strong></span> <span class='ocrx_word' id='word_1_288' title='bbox 420 3143 463 3198; x_wconf 89' lang='grc'><strong>14.</strong></span> <span class='ocrx_word' id='word_1_289' title='bbox 472 3141 578 3198; x_wconf 83' lang='lat' dir='ltr'><strong>Metth.</strong></span> <span class='ocrx_word' id='word_1_290' title='bbox 589 3158 676 3212; x_wconf 76' lang='lat' dir='ltr'><strong>xum,</strong></span> <span class='ocrx_word' id='word_1_291' title='bbox 688 3142 714 3196; x_wconf 88' lang='grc'><strong>6.</strong></span> <span class='ocrx_word' id='word_1_292' title='bbox 724 3141 802 3196; x_wconf 90' lang='lat' dir='ltr'><strong>Dum</strong></span> <span class='ocrx_word' id='word_1_293' title='bbox 815 3140 851 3197; x_wconf 87' lang='lat' dir='ltr'><strong>de</strong></span> <span class='ocrx_word' id='word_1_294' title='bbox 864 3156 936 3214; x_wconf 85' lang='lat' dir='ltr'><strong>poce</strong></span> <span class='ocrx_word' id='word_1_295' title='bbox 981 3155 1131 3196; x_wconf 75' lang='lat' dir='ltr'><strong>occanere</strong></span> <span class='ocrx_word' id='word_1_296' title='bbox 1144 3145 1282 3197; x_wconf 72' lang='lat' dir='ltr'><strong>sexcenta</strong></span> <span class='ocrx_word' id='word_1_297' title='bbox 1293 3143 1428 3216; x_wconf 81' lang='lat' dir='ltr'><strong>exemplu</strong></span> <span class='ocrx_word' id='word_1_298' title='bbox 1440 3149 1471 3199; x_wconf 91' lang='lat' dir='ltr'><strong>et</strong></span> <span class='ocrx_word' id='word_1_299' title='bbox 1480 3142 1651 3200; x_wconf 80' lang='lat' dir='ltr'><strong>testimonis</strong></span> <span class='ocrx_word' id='word_1_300' title='bbox 1662 3161 1729 3200; x_wconf 82' lang='lat' dir='ltr'><strong>osn-</strong></span> 
     </span>
     <span class='ocr_line' id='line_1_26' title="bbox 189 3224 1727 3300; baseline 0.002 -17"><span class='ocrx_word' id='word_1_301' title='bbox 189 3227 295 3284; x_wconf 77' lang='lat' dir='ltr'><strong>enimae</strong></span> <span class='ocrx_word' id='word_1_302' title='bbox 304 3227 385 3283; x_wconf 89' lang='lat' dir='ltr'><strong>nullo</strong></span> <span class='ocrx_word' id='word_1_303' title='bbox 395 3227 532 3284; x_wconf 66' lang='lat' dir='ltr'><strong>scandolo</strong></span> <span class='ocrx_word' id='word_1_304' title='bbox 542 3228 720 3300; x_wconf 66' lang='lat' dir='ltr'><strong>perturbatus</strong></span> <span class='ocrx_word' id='word_1_305' title='bbox 731 3227 862 3300; x_wconf 80' lang='lat' dir='ltr'><strong>disputet</strong></span> <span class='ocrx_word' id='word_1_306' title='bbox 871 3227 936 3284; x_wconf 83' lang='lat' dir='ltr'><strong>Ori·</strong></span> <span class='ocrx_word' id='word_1_307' title='bbox 980 3224 1057 3281; x_wconf 78' lang='lat' dir='ltr'><strong>dius</strong></span> <span class='ocrx_word' id='word_1_308' title='bbox 1068 3226 1220 3284; x_wconf 70' lang='lat' dir='ltr'><strong>modestis)</strong></span> <span class='ocrx_word' id='word_1_309' title='bbox 1238 3234 1270 3284; x_wconf 90' lang='lat' dir='ltr'><strong>et</strong></span> <span class='ocrx_word' id='word_1_310' title='bbox 1281 3228 1402 3286; x_wconf 85' lang='lat' dir='ltr'><strong>sinceres</strong></span> <span class='ocrx_word' id='word_1_311' title='bbox 1419 3228 1604 3300; x_wconf 76' lang='lat' dir='ltr'><strong>humilitatis,</strong></span> <span class='ocrx_word' id='word_1_312' title='bbox 1622 3235 1687 3286; x_wconf 89' lang='lat' dir='ltr'><strong>tum</strong></span> <span class='ocrx_word' id='word_1_313' title='bbox 1699 3246 1727 3286; x_wconf 89' lang='lat' dir='ltr'><strong>e·</strong></span> 
     </span>
     <span class='ocr_line' id='line_1_27' title="bbox 188 3310 1729 3387; baseline 0.001 -16"><span class='ocrx_word' id='word_1_314' title='bbox 188 3333 288 3387; x_wconf 79' lang='lat' dir='ltr'><strong>genes,</strong></span> <span class='ocrx_word' id='word_1_315' title='bbox 299 3321 418 3372; x_wconf 81' lang='lat' dir='ltr'><strong>revocet</strong></span> <span class='ocrx_word' id='word_1_316' title='bbox 428 3315 514 3371; x_wconf 87' lang='lat' dir='ltr'><strong>nobis</strong></span> <span class='ocrx_word' id='word_1_317' title='bbox 525 3315 679 3370; x_wconf 84' lang='lat' dir='ltr'><strong>innumere</strong></span> <span class='ocrx_word' id='word_1_318' title='bbox 690 3315 749 3370; x_wconf 78' lang='lat' dir='ltr'><strong>elie</strong></span> <span class='ocrx_word' id='word_1_319' title='bbox 757 3315 822 3369; x_wconf 89' lang='lat' dir='ltr'><strong>loce</strong></span> <span class='ocrx_word' id='word_1_320' title='bbox 831 3312 936 3385; x_wconf 86' lang='lat' dir='ltr'><strong>inqui·</strong></span> <span class='ocrx_word' id='word_1_321' title='bbox 979 3310 1053 3368; x_wconf 86' lang='lat' dir='ltr'><strong>tiem</strong></span> <span class='ocrx_word' id='word_1_322' title='bbox 1064 3312 1175 3385; x_wconf 85' lang='lat' dir='ltr'><strong>peseim</strong></span> <span class='ocrx_word' id='word_1_323' title='bbox 1192 3313 1324 3385; x_wconf 81' lang='lat' dir='ltr'><strong>ejusdem</strong></span> <span class='ocrx_word' id='word_1_324' title='bbox 1340 3315 1508 3372; x_wconf 75' lang='lat' dir='ltr'><strong>innumeras</strong></span> <span class='ocrx_word' id='word_1_325' title='bbox 1520 3316 1675 3373; x_wconf 70' lang='lat' dir='ltr'><strong>conciones</strong></span> <span class='ocrx_word' id='word_1_326' title='bbox 1692 3317 1729 3374; x_wconf 86' lang='lat' dir='ltr'><strong>ds</strong></span> 
     </span>
     <span class='ocr_line' id='line_1_28' title="bbox 188 3401 1730 3476; baseline 0.003 -20"><span class='ocrx_word' id='word_1_327' title='bbox 188 3402 244 3457; x_wconf 88' lang='lat' dir='ltr'><strong>bus</strong></span> <span class='ocrx_word' id='word_1_328' title='bbox 256 3409 314 3470; x_wconf 81' lang='grc' dir='ltr'><strong>περί</strong></span> <span class='ocrx_word' id='word_1_329' title='bbox 331 3407 459 3469; x_wconf 79' lang='grc' dir='ltr'><strong>ἀπαθείας</strong></span> <span class='ocrx_word' id='word_1_330' title='bbox 475 3403 585 3457; x_wconf 88' lang='lat' dir='ltr'><strong>multus</strong></span> <span class='ocrx_word' id='word_1_331' title='bbox 603 3407 656 3457; x_wconf 90' lang='lat' dir='ltr'><strong>est.</strong></span> <span class='ocrx_word' id='word_1_332' title='bbox 670 3401 713 3456; x_wconf 89' lang='lat' dir='ltr'><strong>Ao</strong></span> <span class='ocrx_word' id='word_1_333' title='bbox 730 3401 900 3473; x_wconf 78' lang='lat' dir='ltr'><strong>priusquam</strong></span> <span class='ocrx_word' id='word_1_334' title='bbox 917 3419 935 3456; x_wconf 85' lang='grc' dir='ltr'><strong>α</strong></span> <span class='ocrx_word' id='word_1_335' title='bbox 978 3414 1098 3470; x_wconf 82' lang='lat' dir='ltr'><strong>precum</strong></span> <span class='ocrx_word' id='word_1_336' title='bbox 1119 3401 1303 3471; x_wconf 73' lang='lat' dir='ltr'><strong>necessitate,</strong></span> <span class='ocrx_word' id='word_1_337' title='bbox 1326 3401 1364 3457; x_wconf 86' lang='lat' dir='ltr'><strong>de</strong></span> <span class='ocrx_word' id='word_1_338' title='bbox 1381 3402 1499 3474; x_wconf 85' lang='lat' dir='ltr'><strong>urgenti</strong></span> <span class='ocrx_word' id='word_1_339' title='bbox 1517 3408 1548 3459; x_wconf 90' lang='lat' dir='ltr'><strong>et</strong></span> <span class='ocrx_word' id='word_1_340' title='bbox 1566 3409 1730 3476; x_wconf 87' lang='lat' dir='ltr'><strong>opportuno</strong></span> 
     </span>
     <span class='ocr_line' id='line_1_29' title="bbox 187 3483 1730 3562; baseline 0.001 -18"><span class='ocrx_word' id='word_1_341' title='bbox 187 3489 303 3562; x_wconf 84' lang='lat' dir='ltr'><strong>prolixo</strong></span> <span class='ocrx_word' id='word_1_342' title='bbox 326 3489 431 3546; x_wconf 85' lang='lat' dir='ltr'><strong>moreli</strong></span> <span class='ocrx_word' id='word_1_343' title='bbox 447 3489 560 3562; x_wconf 85' lang='lat' dir='ltr'><strong>psslmo</strong></span> <span class='ocrx_word' id='word_1_344' title='bbox 577 3487 756 3553; x_wconf 82' lang='lat' dir='ltr'><strong>recedemus,</strong></span> <span class='ocrx_word' id='word_1_345' title='bbox 777 3487 856 3542; x_wconf 84' lang='lat' dir='ltr'><strong>heud</strong></span> <span class='ocrx_word' id='word_1_346' title='bbox 878 3488 936 3544; x_wconf 84' lang='lat' dir='ltr'><strong>erit</strong></span> <span class='ocrx_word' id='word_1_347' title='bbox 979 3483 1084 3553; x_wconf 78' lang='lat' dir='ltr'><strong>gretite</strong></span> <span class='ocrx_word' id='word_1_348' title='bbox 1093 3484 1232 3556; x_wconf 80' lang='lat' dir='ltr'><strong>subsidio,</strong></span> <span class='ocrx_word' id='word_1_349' title='bbox 1243 3485 1280 3543; x_wconf 88' lang='lat' dir='ltr'><strong>de</strong></span> <span class='ocrx_word' id='word_1_350' title='bbox 1289 3487 1416 3543; x_wconf 86' lang='lat' dir='ltr'><strong>hominis</strong></span> <span class='ocrx_word' id='word_1_351' title='bbox 1427 3488 1629 3545; x_wconf 74' lang='lat' dir='ltr'><strong>imbecillitate</strong></span> <span class='ocrx_word' id='word_1_352' title='bbox 1639 3489 1730 3545; x_wconf 90' lang='lat' dir='ltr'><strong>omni·</strong></span> 
     </span>
     <span class='ocr_line' id='line_1_30' title="bbox 186 3569 1730 3649; baseline 0.003 -20"><span class='ocrx_word' id='word_1_353' title='bbox 186 3575 242 3629; x_wconf 77' lang='lat' dir='ltr'><strong>ebs</strong></span> <span class='ocrx_word' id='word_1_354' title='bbox 260 3591 292 3631; x_wconf 83' lang='lat' dir='ltr'><strong>re</strong></span> <span class='ocrx_word' id='word_1_355' title='bbox 313 3575 362 3630; x_wconf 90' lang='lat' dir='ltr'><strong>hio</strong></span> <span class='ocrx_word' id='word_1_356' title='bbox 380 3575 528 3649; x_wconf 79' lang='lat' dir='ltr'><strong>paulisper</strong></span> <span class='ocrx_word' id='word_1_357' title='bbox 545 3573 661 3629; x_wconf 81' lang='lat' dir='ltr'><strong>morari.</strong></span> <span class='ocrx_word' id='word_1_358' title='bbox 680 3572 756 3628; x_wconf 79' lang='lat' dir='ltr'><strong>Sene</strong></span> <span class='ocrx_word' id='word_1_359' title='bbox 774 3580 841 3646; x_wconf 84' lang='lat' dir='ltr'><strong>poet</strong></span> <span class='ocrx_word' id='word_1_360' title='bbox 859 3572 935 3644; x_wconf 89' lang='lat' dir='ltr'><strong>ejus·</strong></span> <span class='ocrx_word' id='word_1_361' title='bbox 979 3569 1067 3624; x_wconf 82' lang='lat' dir='ltr'><strong>mode</strong></span> <span class='ocrx_word' id='word_1_362' title='bbox 1077 3587 1130 3642; x_wconf 87' lang='lat' dir='ltr'><strong>pro</strong></span> <span class='ocrx_word' id='word_1_363' title='bbox 1146 3570 1334 3644; x_wconf 71' lang='lat' dir='ltr'><strong>adipiscenda</strong></span> <span class='ocrx_word' id='word_1_364' title='bbox 1352 3574 1457 3630; x_wconf 71' lang='lat' dir='ltr'><strong>enimus</strong></span> <span class='ocrx_word' id='word_1_365' title='bbox 1470 3575 1574 3645; x_wconf 86' lang='lat' dir='ltr'><strong>eslute,</strong></span> <span class='ocrx_word' id='word_1_366' title='bbox 1587 3581 1622 3632; x_wconf 87' lang='lat' dir='ltr'><strong>nt</strong></span> <span class='ocrx_word' id='word_1_367' title='bbox 1640 3575 1730 3633; x_wconf 82' lang='lat' dir='ltr'><strong>etium</strong></span> 
     </span>
     <span class='ocr_line' id='line_1_31' title="bbox 186 3654 1470 3734; baseline 0 -18"><span class='ocrx_word' id='word_1_368' title='bbox 186 3661 254 3717; x_wconf 83' lang='lat' dir='ltr'><strong>dem</strong></span> <span class='ocrx_word' id='word_1_369' title='bbox 266 3661 519 3734; x_wconf 83' lang='lat' dir='ltr'><strong>frequentissimos</strong></span> <span class='ocrx_word' id='word_1_370' title='bbox 530 3677 669 3717; x_wconf 81' lang='lat' dir='ltr'><strong>excursus</strong></span> <span class='ocrx_word' id='word_1_371' title='bbox 680 3666 740 3727; x_wconf 84' lang='grc' dir='ltr'><strong>περι</strong></span> <span class='ocrx_word' id='word_1_372' title='bbox 751 3663 880 3729; x_wconf 79' lang='grc' dir='ltr'><strong>γνώσεως,</strong></span> <span class='ocrx_word' id='word_1_373' title='bbox 891 3659 935 3715; x_wconf 88' lang='lat' dir='ltr'><strong>ni·</strong></span> <span class='ocrx_word' id='word_1_374' title='bbox 978 3654 1010 3710; x_wconf 86' lang='lat' dir='ltr'><strong>in</strong></span> <span class='ocrx_word' id='word_1_375' title='bbox 1021 3655 1078 3710; x_wconf 88' lang='lat' dir='ltr'><strong>hoc</strong></span> <span class='ocrx_word' id='word_1_376' title='bbox 1089 3655 1202 3728; x_wconf 84' lang='lat' dir='ltr'><strong>pseimo</strong></span> <span class='ocrx_word' id='word_1_377' title='bbox 1213 3658 1324 3730; x_wconf 77' lang='lat' dir='ltr'><strong>possim</strong></span> <span class='ocrx_word' id='word_1_378' title='bbox 1336 3659 1470 3716; x_wconf 83' lang='lat' dir='ltr'><strong>hebetur.</strong></span> 
     </span>
     <span class='ocr_line' id='line_1_32' title="bbox 186 3741 1729 3820; baseline 0.001 -17"><span class='ocrx_word' id='word_1_379' title='bbox 186 3747 231 3803; x_wconf 89' lang='lat' dir='ltr'><strong>hil</strong></span> <span class='ocrx_word' id='word_1_380' title='bbox 243 3749 401 3805; x_wconf 83' lang='lat' dir='ltr'><strong>solemnius</strong></span> <span class='ocrx_word' id='word_1_381' title='bbox 413 3747 459 3804; x_wconf 85' lang='lat' dir='ltr'><strong>illi</strong></span> <span class='ocrx_word' id='word_1_382' title='bbox 471 3765 558 3819; x_wconf 78' lang='lat' dir='ltr'><strong>quem</strong></span> <span class='ocrx_word' id='word_1_383' title='bbox 569 3751 618 3816; x_wconf 81' lang='grc' dir='ltr'><strong>τής</strong></span> <span class='ocrx_word' id='word_1_384' title='bbox 633 3752 719 3816; x_wconf 76' lang='grc' dir='ltr'><strong>ψυχῆς</strong></span> <span class='ocrx_word' id='word_1_385' title='bbox 731 3749 853 3812; x_wconf 80' lang='grc' dir='ltr'><strong>ἀπάθεια,</strong></span> <span class='ocrx_word' id='word_1_386' title='bbox 872 3747 935 3804; x_wconf 81' lang='lat' dir='ltr'><strong>sivo</strong></span> <span class='ocrx_word' id='word_1_387' title='bbox 1015 3741 1073 3798; x_wconf 79' lang='lat' dir='ltr'><strong>Sed</strong></span> <span class='ocrx_word' id='word_1_388' title='bbox 1082 3741 1202 3801; x_wconf 84' lang='lat' dir='ltr'><strong>minime</strong></span> <span class='ocrx_word' id='word_1_389' title='bbox 1220 3744 1471 3818; x_wconf 69' lang='lat' dir='ltr'><strong>dissimulandum,</strong></span> <span class='ocrx_word' id='word_1_390' title='bbox 1485 3747 1622 3820; x_wconf 84' lang='lat' dir='ltr'><strong>Origcnis</strong></span> <span class='ocrx_word' id='word_1_391' title='bbox 1637 3748 1729 3819; x_wconf 74' lang='lat' dir='ltr'><strong>megi·</strong></span> 
     </span>
     <span class='ocr_line' id='line_1_33' title="bbox 187 3829 1728 3907; baseline 0.001 -17"><span class='ocrx_word' id='word_1_392' title='bbox 187 3839 327 3904; x_wconf 79' lang='grc' dir='ltr'><strong>ᾰταραξία,</strong></span> <span class='ocrx_word' id='word_1_393' title='bbox 339 3836 403 3893; x_wconf 86' lang='lat' dir='ltr'><strong>eive</strong></span> <span class='ocrx_word' id='word_1_394' title='bbox 414 3839 602 3904; x_wconf 81' lang='grc' dir='ltr'><strong>μητροπάθεια,</strong></span> <span class='ocrx_word' id='word_1_395' title='bbox 620 3835 682 3892; x_wconf 83' lang='lat' dir='ltr'><strong>sive</strong></span> <span class='ocrx_word' id='word_1_396' title='bbox 695 3839 794 3904; x_wconf 80' lang='grc' dir='ltr'><strong>εἰρήνη,</strong></span> <span class='ocrx_word' id='word_1_397' title='bbox 806 3852 871 3907; x_wconf 71' lang='lat' dir='ltr'><strong>queo</strong></span> <span class='ocrx_word' id='word_1_398' title='bbox 884 3835 934 3891; x_wconf 89' lang='lat' dir='ltr'><strong>ille</strong></span> <span class='ocrx_word' id='word_1_399' title='bbox 978 3834 1072 3886; x_wconf 70' lang='lat' dir='ltr'><strong>suum</strong></span> <span class='ocrx_word' id='word_1_400' title='bbox 1089 3829 1269 3889; x_wconf 79' lang='lat' dir='ltr'><strong>Clementem</strong></span> <span class='ocrx_word' id='word_1_401' title='bbox 1279 3833 1512 3891; x_wconf 77' lang='lat' dir='ltr'><strong>Alexandrinum</strong></span> <span class='ocrx_word' id='word_1_402' title='bbox 1526 3835 1621 3891; x_wconf 84' lang='lat' dir='ltr'><strong>multe</strong></span> <span class='ocrx_word' id='word_1_403' title='bbox 1638 3851 1728 3906; x_wconf 79' lang='lat' dir='ltr'><strong>exeg-</strong></span> 
     </span>
     <span class='ocr_line' id='line_1_34' title="bbox 185 3918 1727 3993; baseline -0.001 -16"><span class='ocrx_word' id='word_1_404' title='bbox 185 3938 247 3977; x_wconf 90' lang='lat' dir='ltr'><strong>non</strong></span> <span class='ocrx_word' id='word_1_405' title='bbox 259 3922 354 3977; x_wconf 86' lang='lat' dir='ltr'><strong>solum</strong></span> <span class='ocrx_word' id='word_1_406' title='bbox 365 3928 412 3978; x_wconf 86' lang='lat' dir='ltr'><strong>est</strong></span> <span class='ocrx_word' id='word_1_407' title='bbox 421 3925 510 3992; x_wconf 75' lang='grc' dir='ltr'><strong>εἰρήνη</strong></span> <span class='ocrx_word' id='word_1_408' title='bbox 520 3924 588 3977; x_wconf 86' lang='grc' dir='ltr'><strong>Θεοῦ</strong></span> <span class='ocrx_word' id='word_1_409' title='bbox 597 3925 760 3990; x_wconf 88' lang='grc' dir='ltr'><strong>δπερεχοῦση</strong></span> <span class='ocrx_word' id='word_1_410' title='bbox 769 3927 856 3977; x_wconf 82' lang='grc' dir='ltr'><strong>πάντα</strong></span> <span class='ocrx_word' id='word_1_411' title='bbox 864 3929 933 3992; x_wconf 89' lang='grc' dir='ltr'><strong>νοῦν,</strong></span> <span class='ocrx_word' id='word_1_412' title='bbox 977 3918 1127 3987; x_wconf 75' lang='lat' dir='ltr'><strong>gemuisse</strong></span> <span class='ocrx_word' id='word_1_413' title='bbox 1144 3923 1206 3975; x_wconf 84' lang='lat' dir='ltr'><strong>tem</strong></span> <span class='ocrx_word' id='word_1_414' title='bbox 1218 3919 1255 3976; x_wconf 90' lang='lat' dir='ltr'><strong>de</strong></span> <span class='ocrx_word' id='word_1_415' title='bbox 1267 3920 1388 3993; x_wconf 75' lang='lat' dir='ltr'><strong>spathis</strong></span> <span class='ocrx_word' id='word_1_416' title='bbox 1400 3938 1488 3993; x_wconf 78' lang='lat' dir='ltr'><strong>quem</strong></span> <span class='ocrx_word' id='word_1_417' title='bbox 1504 3928 1563 3991; x_wconf 82' lang='grc' dir='ltr'><strong>περί</strong></span> <span class='ocrx_word' id='word_1_418' title='bbox 1576 3927 1727 3992; x_wconf 80' lang='grc' dir='ltr'><strong>ἀναμαρτη-</strong></span> 
     </span>
     <span class='ocr_line' id='line_1_35' title="bbox 187 4004 1728 4082; baseline 0.001 -19"><span class='ocrx_word' id='word_1_419' title='bbox 187 4007 241 4063; x_wconf 89' lang='lat' dir='ltr'><strong>sed</strong></span> <span class='ocrx_word' id='word_1_420' title='bbox 248 4008 374 4066; x_wconf 83' lang='lat' dir='ltr'><strong>victorie</strong></span> <span class='ocrx_word' id='word_1_421' title='bbox 383 4007 419 4064; x_wconf 88' lang='lat' dir='ltr'><strong>de</strong></span> <span class='ocrx_word' id='word_1_422' title='bbox 429 4025 609 4081; x_wconf 87' lang='lat' dir='ltr'><strong>quocumque</strong></span> <span class='ocrx_word' id='word_1_423' title='bbox 618 4009 747 4063; x_wconf 89' lang='lat' dir='ltr'><strong>tumultu</strong></span> <span class='ocrx_word' id='word_1_424' title='bbox 756 4009 933 4081; x_wconf 73' lang='lat' dir='ltr'><strong>pensionum,</strong></span> <span class='ocrx_word' id='word_1_425' title='bbox 978 4008 1045 4070; x_wconf 81' lang='grc' dir='ltr'><strong>σίας.</strong></span> <span class='ocrx_word' id='word_1_426' title='bbox 1063 4004 1148 4060; x_wconf 84' lang='lat' dir='ltr'><strong>Adde</strong></span> <span class='ocrx_word' id='word_1_427' title='bbox 1166 4005 1244 4076; x_wconf 89' lang='lat' dir='ltr'><strong>quod</strong></span> <span class='ocrx_word' id='word_1_428' title='bbox 1260 4006 1292 4062; x_wconf 89' lang='lat' dir='ltr'><strong>in</strong></span> <span class='ocrx_word' id='word_1_429' title='bbox 1305 4007 1441 4079; x_wconf 75' lang='lat' dir='ltr'><strong>origenis</strong></span> <span class='ocrx_word' id='word_1_430' title='bbox 1460 4008 1628 4082; x_wconf 82' lang='lat' dir='ltr'><strong>discipulos,</strong></span> <span class='ocrx_word' id='word_1_431' title='bbox 1646 4009 1728 4066; x_wconf 86' lang='lat' dir='ltr'><strong>Rufi·</strong></span> 
     </span>
     <span class='ocr_line' id='line_1_36' title="bbox 186 4091 1728 4169; baseline 0.002 -20"><span class='ocrx_word' id='word_1_432' title='bbox 186 4113 246 4166; x_wconf 82' lang='lat' dir='ltr'><strong>que</strong></span> <span class='ocrx_word' id='word_1_433' title='bbox 257 4101 369 4164; x_wconf 76' lang='grc' dir='ltr'><strong>νικῶμεν</strong></span> <span class='ocrx_word' id='word_1_434' title='bbox 381 4099 430 4164; x_wconf 88' lang='grc' dir='ltr'><strong>τήν</strong></span> <span class='ocrx_word' id='word_1_435' title='bbox 446 4097 567 4163; x_wconf 88' lang='grc' dir='ltr'><strong>ταραχήν</strong></span> <span class='ocrx_word' id='word_1_436' title='bbox 579 4100 627 4150; x_wconf 75' lang='grc' dir='ltr'><strong>καί</strong></span> <span class='ocrx_word' id='word_1_437' title='bbox 644 4099 763 4164; x_wconf 79' lang='grc' dir='ltr'><strong>σῦγχοοιν</strong></span> <span class='ocrx_word' id='word_1_438' title='bbox 780 4101 832 4150; x_wconf 86' lang='grc' dir='ltr'><strong>τῦν</strong></span> <span class='ocrx_word' id='word_1_439' title='bbox 844 4098 934 4150; x_wconf 87' lang='grc' dir='ltr'><strong>παθῦν</strong></span> <span class='ocrx_word' id='word_1_440' title='bbox 976 4107 1056 4161; x_wconf 87' lang='lat' dir='ltr'><strong>num,</strong></span> <span class='ocrx_word' id='word_1_441' title='bbox 1074 4091 1235 4164; x_wconf 72' lang='lat' dir='ltr'><strong>Evagrinm</strong></span> <span class='ocrx_word' id='word_1_442' title='bbox 1253 4100 1285 4150; x_wconf 89' lang='lat' dir='ltr'><strong>et</strong></span> <span class='ocrx_word' id='word_1_443' title='bbox 1302 4094 1470 4169; x_wconf 84' lang='lat' dir='ltr'><strong>Didymum,</strong></span> <span class='ocrx_word' id='word_1_444' title='bbox 1485 4113 1503 4152; x_wconf 80' lang='lat' dir='ltr'><strong>e</strong></span> <span class='ocrx_word' id='word_1_445' title='bbox 1520 4097 1651 4152; x_wconf 78' lang='lat' dir='ltr'><strong>censuris</strong></span> <span class='ocrx_word' id='word_1_446' title='bbox 1668 4112 1728 4152; x_wconf 91' lang='lat' dir='ltr'><strong>non</strong></span> 
     </span>
     <span class='ocr_line' id='line_1_37' title="bbox 185 4180 1728 4256; baseline 0.001 -20"><span class='ocrx_word' id='word_1_447' title='bbox 185 4182 288 4255; x_wconf 84' lang='lat' dir='ltr'><strong>(suprs</strong></span> <span class='ocrx_word' id='word_1_448' title='bbox 299 4200 327 4255; x_wconf 91' lang='lat' dir='ltr'><strong>p.</strong></span> <span class='ocrx_word' id='word_1_449' title='bbox 339 4183 365 4253; x_wconf 89' lang='grc'><strong>4,</strong></span> <span class='ocrx_word' id='word_1_450' title='bbox 377 4200 406 4238; x_wconf 86' lang='lat' dir='ltr'><strong>v.</strong></span> <span class='ocrx_word' id='word_1_451' title='bbox 419 4181 457 4254; x_wconf 87' lang='grc'><strong>8),</strong></span> <span class='ocrx_word' id='word_1_452' title='bbox 475 4197 540 4253; x_wconf 76' lang='lat' dir='ltr'><strong>quse</strong></span> <span class='ocrx_word' id='word_1_453' title='bbox 553 4187 599 4237; x_wconf 87' lang='lat' dir='ltr'><strong>est</strong></span> <span class='ocrx_word' id='word_1_454' title='bbox 616 4181 789 4237; x_wconf 76' lang='grc' dir='ltr'><strong>αδκκάαειιία</strong></span> <span class='ocrx_word' id='word_1_455' title='bbox 804 4183 884 4253; x_wconf 76' lang='lat' dir='ltr'><strong>pacis</strong></span> <span class='ocrx_word' id='word_1_456' title='bbox 903 4187 934 4237; x_wconf 87' lang='lat' dir='ltr'><strong>et</strong></span> <span class='ocrx_word' id='word_1_457' title='bbox 977 4184 1171 4250; x_wconf 83' lang='lat' dir='ltr'><strong>pepercerunt</strong></span> <span class='ocrx_word' id='word_1_458' title='bbox 1186 4180 1355 4252; x_wconf 77' lang='lat' dir='ltr'><strong>gravissimi</strong></span> <span class='ocrx_word' id='word_1_459' title='bbox 1370 4180 1512 4252; x_wconf 86' lang='lat' dir='ltr'><strong>doctores,</strong></span> <span class='ocrx_word' id='word_1_460' title='bbox 1530 4181 1728 4256; x_wconf 82' lang='lat' dir='ltr'><strong>Hieronymus</strong></span> 
     </span>
     <span class='ocr_line' id='line_1_38' title="bbox 184 4263 1724 4342; baseline 0.003 -19"><span class='ocrx_word' id='word_1_461' title='bbox 184 4268 289 4323; x_wconf 72' lang='lat' dir='ltr'><strong>delicio</strong></span> <span class='ocrx_word' id='word_1_462' title='bbox 300 4266 374 4337; x_wconf 74' lang='lat' dir='ltr'><strong>justi</strong></span> <span class='ocrx_word' id='word_1_463' title='bbox 391 4267 430 4340; x_wconf 90' lang='lat' dir='ltr'><strong>(p.</strong></span> <span class='ocrx_word' id='word_1_464' title='bbox 444 4268 486 4338; x_wconf 92' lang='grc'><strong>10,</strong></span> <span class='ocrx_word' id='word_1_465' title='bbox 498 4286 526 4325; x_wconf 86' lang='grc' dir='ltr'><strong>ν.</strong></span> <span class='ocrx_word' id='word_1_466' title='bbox 545 4269 598 4341; x_wconf 88' lang='grc'><strong>11),</strong></span> <span class='ocrx_word' id='word_1_467' title='bbox 610 4285 681 4324; x_wconf 85' lang='lat' dir='ltr'><strong>vere</strong></span> <span class='ocrx_word' id='word_1_468' title='bbox 698 4267 755 4324; x_wconf 85' lang='lat' dir='ltr'><strong>Dei</strong></span> <span class='ocrx_word' id='word_1_469' title='bbox 768 4269 856 4324; x_wconf 83' lang='lat' dir='ltr'><strong>venis</strong></span> <span class='ocrx_word' id='word_1_470' title='bbox 867 4285 933 4323; x_wconf 87' lang='lat' dir='ltr'><strong>cnm</strong></span> <span class='ocrx_word' id='word_1_471' title='bbox 978 4263 1028 4337; x_wconf 88' lang='lat' dir='ltr'><strong>(ed</strong></span> <span class='ocrx_word' id='word_1_472' title='bbox 1041 4265 1239 4338; x_wconf 65' lang='lat' dir='ltr'><strong>Ctesiphontem</strong></span> <span class='ocrx_word' id='word_1_473' title='bbox 1252 4269 1330 4340; x_wconf 76' lang='lat' dir='ltr'><strong>epist.</strong></span> <span class='ocrx_word' id='word_1_474' title='bbox 1341 4273 1372 4324; x_wconf 85' lang='lat' dir='ltr'><strong>et</strong></span> <span class='ocrx_word' id='word_1_475' title='bbox 1382 4269 1483 4326; x_wconf 77' lang='grc' dir='ltr'><strong>θοιιινιι</strong></span> <span class='ocrx_word' id='word_1_476' title='bbox 1496 4269 1587 4339; x_wconf 78' lang='grc' dir='ltr'><strong>Ρείαρ.</strong></span> <span class='ocrx_word' id='word_1_477' title='bbox 1601 4267 1651 4324; x_wconf 90' lang='lat' dir='ltr'><strong>lib.</strong></span> <span class='ocrx_word' id='word_1_478' title='bbox 1666 4269 1724 4342; x_wconf 81' lang='grc' dir='ltr'><strong>ιιι),</strong></span> 
     </span>
     <span class='ocr_line' id='line_1_39' title="bbox 183 4351 1727 4429; baseline 0.003 -21"><span class='ocrx_word' id='word_1_479' title='bbox 183 4353 279 4425; x_wconf 77' lang='lat' dir='ltr'><strong>gnosi,</strong></span> <span class='ocrx_word' id='word_1_480' title='bbox 295 4357 383 4421; x_wconf 77' lang='grc' dir='ltr'><strong>ανεσις</strong></span> <span class='ocrx_word' id='word_1_481' title='bbox 400 4356 467 4408; x_wconf 86' lang='grc' dir='ltr'><strong>Θεοῦ</strong></span> <span class='ocrx_word' id='word_1_482' title='bbox 486 4357 690 4424; x_wconf 79' lang='grc' dir='ltr'><strong>μεταγνώσεως</strong></span> <span class='ocrx_word' id='word_1_483' title='bbox 709 4353 752 4427; x_wconf 88' lang='lat' dir='ltr'><strong>(p.</strong></span> <span class='ocrx_word' id='word_1_484' title='bbox 771 4353 815 4422; x_wconf 80' lang='lat'><strong>33,</strong></span> <span class='ocrx_word' id='word_1_485' title='bbox 833 4371 861 4410; x_wconf 88' lang='lat' dir='ltr'><strong>v.</strong></span> <span class='ocrx_word' id='word_1_486' title='bbox 880 4353 934 4425; x_wconf 91' lang='grc'><strong>14),</strong></span> <span class='ocrx_word' id='word_1_487' title='bbox 977 4351 1037 4408; x_wconf 89' lang='lat' dir='ltr'><strong>slii.</strong></span> <span class='ocrx_word' id='word_1_488' title='bbox 1057 4353 1197 4422; x_wconf 79' lang='lat' dir='ltr'><strong>Quemvis</strong></span> <span class='ocrx_word' id='word_1_489' title='bbox 1218 4360 1317 4411; x_wconf 85' lang='lat' dir='ltr'><strong>sutem</strong></span> <span class='ocrx_word' id='word_1_490' title='bbox 1338 4355 1377 4411; x_wconf 82' lang='lat' dir='ltr'><strong>ed</strong></span> <span class='ocrx_word' id='word_1_491' title='bbox 1393 4356 1549 4412; x_wconf 87' lang='lat' dir='ltr'><strong>nonnullos</strong></span> <span class='ocrx_word' id='word_1_492' title='bbox 1567 4357 1727 4429; x_wconf 78' lang='lat' dir='ltr'><strong>scriptores</strong></span> 
     </span>
     <span class='ocr_line' id='line_1_40' title="bbox 183 4438 1723 4515; baseline 0.001 -18"><span class='ocrx_word' id='word_1_493' title='bbox 183 4445 293 4497; x_wconf 77' lang='lat' dir='ltr'><strong>immota</strong></span> <span class='ocrx_word' id='word_1_494' title='bbox 305 4443 404 4497; x_wconf 81' lang='grc' dir='ltr'><strong>ιιιαιεὶπ</strong></span> <span class='ocrx_word' id='word_1_495' title='bbox 420 4441 606 4497; x_wconf 79' lang='lat' dir='ltr'><strong>Hisnnsslem</strong></span> <span class='ocrx_word' id='word_1_496' title='bbox 624 4439 669 4512; x_wconf 87' lang='lat' dir='ltr'><strong>(p.</strong></span> <span class='ocrx_word' id='word_1_497' title='bbox 682 4441 725 4510; x_wconf 80' lang='lat'><strong>52,</strong></span> <span class='ocrx_word' id='word_1_498' title='bbox 738 4459 766 4497; x_wconf 86' lang='lat' dir='ltr'><strong>v.</strong></span> <span class='ocrx_word' id='word_1_499' title='bbox 779 4440 825 4512; x_wconf 78' lang='lat'><strong>20)</strong></span> <span class='ocrx_word' id='word_1_500' title='bbox 838 4438 933 4512; x_wconf 83' lang='lat' dir='ltr'><strong>perio·</strong></span> <span class='ocrx_word' id='word_1_501' title='bbox 976 4455 1089 4510; x_wconf 77' lang='lat' dir='ltr'><strong>graecos</strong></span> <span class='ocrx_word' id='word_1_502' title='bbox 1104 4440 1274 4512; x_wconf 77' lang='lat' dir='ltr'><strong>Maximum,</strong></span> <span class='ocrx_word' id='word_1_503' title='bbox 1292 4441 1461 4510; x_wconf 75' lang='lat' dir='ltr'><strong>Maeonium,</strong></span> <span class='ocrx_word' id='word_1_504' title='bbox 1479 4442 1723 4515; x_wconf 81' lang='lat' dir='ltr'><strong>Berssnnphium,</strong></span> 
     </span>
     <span class='ocr_line' id='line_1_41' title="bbox 183 4525 1726 4601; baseline 0 -18"><span class='ocrx_word' id='word_1_505' title='bbox 183 4527 332 4584; x_wconf 84' lang='lat' dir='ltr'><strong>ctissimus</strong></span> <span class='ocrx_word' id='word_1_506' title='bbox 345 4545 420 4601; x_wconf 84' lang='lat' dir='ltr'><strong>spsx</strong></span> <span class='ocrx_word' id='word_1_507' title='bbox 431 4527 551 4586; x_wconf 73' lang='lat' dir='ltr'><strong>vimntis</strong></span> <span class='ocrx_word' id='word_1_508' title='bbox 564 4527 575 4601; x_wconf 95' lang='lat'><strong>(</strong></span> <span class='ocrx_word' id='word_1_509' title='bbox 582 4546 611 4600; x_wconf 88' lang='lat' dir='ltr'><strong>p.</strong></span> <span class='ocrx_word' id='word_1_510' title='bbox 624 4528 667 4596; x_wconf 87' lang='grc'><strong>96,</strong></span> <span class='ocrx_word' id='word_1_511' title='bbox 680 4545 707 4583; x_wconf 89' lang='lat' dir='ltr'><strong>v.</strong></span> <span class='ocrx_word' id='word_1_512' title='bbox 720 4527 766 4598; x_wconf 80' lang='lat'><strong>28)</strong></span> <span class='ocrx_word' id='word_1_513' title='bbox 779 4531 835 4582; x_wconf 88' lang='lat' dir='ltr'><strong>etc.</strong></span> <span class='ocrx_word' id='word_1_514' title='bbox 977 4526 1066 4581; x_wconf 83' lang='lat' dir='ltr'><strong>etism</strong></span> <span class='ocrx_word' id='word_1_515' title='bbox 1077 4525 1235 4583; x_wconf 79' lang='lat' dir='ltr'><strong>Olimsoem</strong></span> <span class='ocrx_word' id='word_1_516' title='bbox 1246 4528 1386 4584; x_wconf 81' lang='lat' dir='ltr'><strong>nonnulle</strong></span> <span class='ocrx_word' id='word_1_517' title='bbox 1397 4532 1511 4583; x_wconf 74' lang='grc' dir='ltr'><strong>ἀπάθεια</strong></span> <span class='ocrx_word' id='word_1_518' title='bbox 1529 4527 1650 4585; x_wconf 83' lang='lat' dir='ltr'><strong>liberine</strong></span> <span class='ocrx_word' id='word_1_519' title='bbox 1666 4545 1726 4584; x_wconf 86' lang='lat' dir='ltr'><strong>ser·</strong></span> 
     </span>
    </p>

    <p class='ocr_par' dir='ltr' id='par_1_8' title="bbox 182 4609 1728 5299">
     <span class='ocr_line' id='line_1_42' title="bbox 219 4609 1725 4689; baseline 0 -19"><span class='ocrx_word' id='word_1_520' title='bbox 219 4615 301 4686; x_wconf 77' lang='lat' dir='ltr'><strong>Esto,</strong></span> <span class='ocrx_word' id='word_1_521' title='bbox 314 4615 367 4671; x_wconf 85' lang='lat' dir='ltr'><strong>sed</strong></span> <span class='ocrx_word' id='word_1_522' title='bbox 378 4632 445 4671; x_wconf 91' lang='lat' dir='ltr'><strong>cum</strong></span> <span class='ocrx_word' id='word_1_523' title='bbox 461 4631 533 4689; x_wconf 85' lang='lat' dir='ltr'><strong>pece</strong></span> <span class='ocrx_word' id='word_1_524' title='bbox 545 4612 743 4684; x_wconf 84' lang='lat' dir='ltr'><strong>Adsmsutini,</strong></span> <span class='ocrx_word' id='word_1_525' title='bbox 763 4612 878 4668; x_wconf 90' lang='lat' dir='ltr'><strong>omnino</strong></span> <span class='ocrx_word' id='word_1_526' title='bbox 897 4613 933 4669; x_wconf 91' lang='lat' dir='ltr'><strong>ti·</strong></span> <span class='ocrx_word' id='word_1_527' title='bbox 976 4611 1077 4684; x_wconf 79' lang='lat' dir='ltr'><strong>puerit,</strong></span> <span class='ocrx_word' id='word_1_528' title='bbox 1090 4609 1250 4667; x_wconf 82' lang='lat' dir='ltr'><strong>insurrexit</strong></span> <span class='ocrx_word' id='word_1_529' title='bbox 1262 4612 1417 4670; x_wconf 90' lang='lat' dir='ltr'><strong>concilium</strong></span> <span class='ocrx_word' id='word_1_530' title='bbox 1428 4613 1486 4670; x_wconf 83' lang='grc' dir='ltr'><strong>ΟΡ.</strong></span> <span class='ocrx_word' id='word_1_531' title='bbox 1498 4615 1531 4670; x_wconf 93' lang='lat'><strong>11</strong></span> <span class='ocrx_word' id='word_1_532' title='bbox 1540 4631 1606 4670; x_wconf 91' lang='lat' dir='ltr'><strong>cum</strong></span> <span class='ocrx_word' id='word_1_533' title='bbox 1618 4613 1682 4671; x_wconf 84' lang='lat' dir='ltr'><strong>diro</strong></span> <span class='ocrx_word' id='word_1_534' title='bbox 1694 4631 1725 4670; x_wconf 82' lang='lat' dir='ltr'><strong>e·</strong></span> 
     </span>
     <span class='ocr_line' id='line_1_43' title="bbox 183 4695 1728 4774; baseline 0 -17"><span class='ocrx_word' id='word_1_535' title='bbox 183 4700 322 4757; x_wconf 86' lang='lat' dir='ltr'><strong>mendum</strong></span> <span class='ocrx_word' id='word_1_536' title='bbox 332 4701 486 4774; x_wconf 87' lang='lat' dir='ltr'><strong>multiplex</strong></span> <span class='ocrx_word' id='word_1_537' title='bbox 498 4701 672 4773; x_wconf 86' lang='lat' dir='ltr'><strong>periculum:</strong></span> <span class='ocrx_word' id='word_1_538' title='bbox 693 4699 755 4756; x_wconf 87' lang='lat' dir='ltr'><strong>sive</strong></span> <span class='ocrx_word' id='word_1_539' title='bbox 767 4715 834 4754; x_wconf 90' lang='lat' dir='ltr'><strong>cum</strong></span> <span class='ocrx_word' id='word_1_540' title='bbox 851 4697 933 4754; x_wconf 78' lang='lat' dir='ltr'><strong>festu</strong></span> <span class='ocrx_word' id='word_1_541' title='bbox 977 4695 1145 4752; x_wconf 81' lang='lat' dir='ltr'><strong>nethemste</strong></span> <span class='ocrx_word' id='word_1_542' title='bbox 1163 4697 1304 4754; x_wconf 73' lang='lat' dir='ltr'><strong>adversus</strong></span> <span class='ocrx_word' id='word_1_543' title='bbox 1314 4698 1479 4771; x_wconf 83' lang='lat' dir='ltr'><strong>Origensm,</strong></span> <span class='ocrx_word' id='word_1_544' title='bbox 1490 4701 1659 4772; x_wconf 77' lang='lat' dir='ltr'><strong>Evagrium,</strong></span> <span class='ocrx_word' id='word_1_545' title='bbox 1674 4700 1728 4756; x_wconf 89' lang='lat' dir='ltr'><strong>Di·</strong></span> 
     </span>
     <span class='ocr_line' id='line_1_44' title="bbox 182 4780 1727 4859; baseline 0.001 -17"><span class='ocrx_word' id='word_1_546' title='bbox 182 4785 348 4844; x_wconf 81' lang='lat' dir='ltr'><strong>Stoicorum</strong></span> <span class='ocrx_word' id='word_1_547' title='bbox 354 4805 390 4844; x_wconf 88' lang='lat' dir='ltr'><strong>eo</strong></span> <span class='ocrx_word' id='word_1_548' title='bbox 396 4804 489 4859; x_wconf 83' lang='lat' dir='ltr'><strong>usquc</strong></span> <span class='ocrx_word' id='word_1_549' title='bbox 497 4787 655 4859; x_wconf 73' lang='lat' dir='ltr'><strong>superbiet,</strong></span> <span class='ocrx_word' id='word_1_550' title='bbox 665 4791 699 4840; x_wconf 91' lang='lat' dir='ltr'><strong>ut</strong></span> <span class='ocrx_word' id='word_1_551' title='bbox 707 4785 835 4841; x_wconf 84' lang='lat' dir='ltr'><strong>oestimet</strong></span> <span class='ocrx_word' id='word_1_552' title='bbox 843 4803 933 4858; x_wconf 85' lang='lat' dir='ltr'><strong>penes</strong></span> <span class='ocrx_word' id='word_1_553' title='bbox 978 4780 1111 4854; x_wconf 77' lang='lat' dir='ltr'><strong>dymum5</strong></span> <span class='ocrx_word' id='word_1_554' title='bbox 1127 4799 1162 4838; x_wconf 81' lang='lat' dir='ltr'><strong>es</strong></span> <span class='ocrx_word' id='word_1_555' title='bbox 1174 4799 1239 4854; x_wconf 79' lang='lat' dir='ltr'><strong>quae</strong></span> <span class='ocrx_word' id='word_1_556' title='bbox 1251 4786 1334 4841; x_wconf 74' lang='lat' dir='ltr'><strong>vario</strong></span> <span class='ocrx_word' id='word_1_557' title='bbox 1343 4786 1430 4841; x_wconf 86' lang='lat' dir='ltr'><strong>modo</strong></span> <span class='ocrx_word' id='word_1_558' title='bbox 1440 4787 1649 4843; x_wconf 81' lang='lat' dir='ltr'><strong>confirmemnt</strong></span> <span class='ocrx_word' id='word_1_559' title='bbox 1660 4803 1727 4843; x_wconf 90' lang='lat' dir='ltr'><strong>oon·</strong></span> 
     </span>
     <span class='ocr_line' id='line_1_45' title="bbox 184 4867 1727 4946; baseline 0.001 -18"><span class='ocrx_word' id='word_1_560' title='bbox 184 4873 333 4929; x_wconf 89' lang='lat' dir='ltr'><strong>hominem</strong></span> <span class='ocrx_word' id='word_1_561' title='bbox 345 4890 417 4944; x_wconf 86' lang='lat' dir='ltr'><strong>esse,</strong></span> <span class='ocrx_word' id='word_1_562' title='bbox 427 4873 522 4929; x_wconf 81' lang='lat' dir='ltr'><strong>frootc</strong></span> <span class='ocrx_word' id='word_1_563' title='bbox 536 4872 614 4942; x_wconf 83' lang='lat' dir='ltr'><strong>orbe,</strong></span> <span class='ocrx_word' id='word_1_564' title='bbox 623 4871 804 4946; x_wconf 79' lang='lat' dir='ltr'><strong>impavidum</strong></span> <span class='ocrx_word' id='word_1_565' title='bbox 815 4871 888 4942; x_wconf 87' lang='lat' dir='ltr'><strong>fieri,</strong></span> <span class='ocrx_word' id='word_1_566' title='bbox 898 4889 933 4927; x_wconf 81' lang='grc' dir='ltr'><strong>εε</strong></span> <span class='ocrx_word' id='word_1_567' title='bbox 977 4867 1077 4924; x_wconf 86' lang='lat' dir='ltr'><strong>cilium</strong></span> <span class='ocrx_word' id='word_1_568' title='bbox 1085 4868 1284 4927; x_wconf 81' lang='lat' dir='ltr'><strong>Letcrsnense</strong></span> <span class='ocrx_word' id='word_1_569' title='bbox 1294 4871 1322 4926; x_wconf 79' lang='lat' dir='ltr'><strong>S.</strong></span> <span class='ocrx_word' id='word_1_570' title='bbox 1333 4871 1462 4942; x_wconf 72' lang='lat' dir='ltr'><strong>Martini,</strong></span> <span class='ocrx_word' id='word_1_571' title='bbox 1475 4873 1631 4929; x_wconf 89' lang='lat' dir='ltr'><strong>concilium</strong></span> <span class='ocrx_word' id='word_1_572' title='bbox 1638 4873 1727 4931; x_wconf 89' lang='lat' dir='ltr'><strong>Vien-</strong></span> 
     </span>
     <span class='ocr_line' id='line_1_46' title="bbox 184 4957 1726 5034; baseline 0.002 -18"><span class='ocrx_word' id='word_1_573' title='bbox 184 4976 323 5034; x_wconf 81' lang='lat' dir='ltr'><strong>superere</strong></span> <span class='ocrx_word' id='word_1_574' title='bbox 341 4975 537 5032; x_wconf 75' lang='lat' dir='ltr'><strong>quascumque</strong></span> <span class='ocrx_word' id='word_1_575' title='bbox 554 4957 675 5014; x_wconf 80' lang='lat' dir='ltr'><strong>lubricae</strong></span> <span class='ocrx_word' id='word_1_576' title='bbox 692 4957 797 5014; x_wconf 72' lang='lat' dir='ltr'><strong>enims</strong></span> <span class='ocrx_word' id='word_1_577' title='bbox 815 4958 932 5030; x_wconf 76' lang='lat' dir='ltr'><strong>turbes3</strong></span> <span class='ocrx_word' id='word_1_578' title='bbox 976 4973 1067 5014; x_wconf 85' lang='lat' dir='ltr'><strong>nense</strong></span> <span class='ocrx_word' id='word_1_579' title='bbox 1080 4959 1288 5015; x_wconf 86' lang='lat' dir='ltr'><strong>oecumenicum</strong></span> <span class='ocrx_word' id='word_1_580' title='bbox 1296 4959 1394 5034; x_wconf 88' lang='lat' dir='ltr'><strong>(Prcp.</strong></span> <span class='ocrx_word' id='word_1_581' title='bbox 1406 4962 1431 5031; x_wconf 86' lang='lat'><strong>1,</strong></span> <span class='ocrx_word' id='word_1_582' title='bbox 1440 4961 1496 5034; x_wconf 82' lang='grc'><strong>64),</strong></span> <span class='ocrx_word' id='word_1_583' title='bbox 1506 4961 1596 5018; x_wconf 82' lang='lat' dir='ltr'><strong>etism</strong></span> <span class='ocrx_word' id='word_1_584' title='bbox 1605 4961 1726 5019; x_wconf 76' lang='lat' dir='ltr'><strong>Triden-</strong></span> 
     </span>
     <span class='ocr_line' id='line_1_47' title="bbox 184 5043 1724 5128; baseline 0.003 -26"><span class='ocrx_word' id='word_1_585' title='bbox 184 5048 249 5104; x_wconf 81' lang='lat' dir='ltr'><strong>sive</strong></span> <span class='ocrx_word' id='word_1_586' title='bbox 260 5047 340 5104; x_wconf 79' lang='lat' dir='ltr'><strong>viem</strong></span> <span class='ocrx_word' id='word_1_587' title='bbox 352 5047 475 5120; x_wconf 79' lang='lat' dir='ltr'><strong>Pelegic</strong></span> <span class='ocrx_word' id='word_1_588' title='bbox 487 5051 609 5117; x_wconf 83' lang='lat' dir='ltr'><strong>sternet,</strong></span> <span class='ocrx_word' id='word_1_589' title='bbox 621 5044 823 5118; x_wconf 76' lang='lat' dir='ltr'><strong>pronuntianti</strong></span> <span class='ocrx_word' id='word_1_590' title='bbox 840 5045 933 5128; x_wconf 86' lang='lat' dir='ltr'><strong>homi·</strong></span> <span class='ocrx_word' id='word_1_591' title='bbox 976 5045 1071 5100; x_wconf 88' lang='lat' dir='ltr'><strong>tinum</strong></span> <span class='ocrx_word' id='word_1_592' title='bbox 1083 5043 1172 5117; x_wconf 84' lang='lat' dir='ltr'><strong>(Sese.</strong></span> <span class='ocrx_word' id='word_1_593' title='bbox 1187 5061 1219 5101; x_wconf 84' lang='grc' dir='ltr'><strong>νε</strong></span> <span class='ocrx_word' id='word_1_594' title='bbox 1230 5045 1264 5101; x_wconf 83' lang='lat' dir='ltr'><strong>de</strong></span> <span class='ocrx_word' id='word_1_595' title='bbox 1275 5046 1476 5120; x_wconf 74' lang='lat' dir='ltr'><strong>justificatione</strong></span> <span class='ocrx_word' id='word_1_596' title='bbox 1489 5065 1550 5104; x_wconf 77' lang='lat' dir='ltr'><strong>cen.</strong></span> <span class='ocrx_word' id='word_1_597' title='bbox 1564 5049 1619 5122; x_wconf 73' lang='lat'><strong>23),</strong></span> <span class='ocrx_word' id='word_1_598' title='bbox 1633 5049 1677 5106; x_wconf 79' lang='lat' dir='ltr'><strong>ef.</strong></span> <span class='ocrx_word' id='word_1_599' title='bbox 1688 5049 1724 5106; x_wconf 94' lang='lat' dir='ltr'><strong>D.</strong></span> 
     </span>
     <span class='ocr_line' id='line_1_48' title="bbox 182 5131 1725 5210; baseline 0.003 -20"><span class='ocrx_word' id='word_1_600' title='bbox 182 5151 253 5190; x_wconf 87' lang='lat' dir='ltr'><strong>nem</strong></span> <span class='ocrx_word' id='word_1_601' title='bbox 264 5135 379 5208; x_wconf 75' lang='lat' dir='ltr'><strong>lapsum</strong></span> <span class='ocrx_word' id='word_1_602' title='bbox 391 5151 478 5208; x_wconf 84' lang='lat' dir='ltr'><strong>posse</strong></span> <span class='ocrx_word' id='word_1_603' title='bbox 492 5149 544 5210; x_wconf 84' lang='lat' dir='ltr'><strong>per</strong></span> <span class='ocrx_word' id='word_1_604' title='bbox 554 5150 586 5190; x_wconf 86' lang='lat' dir='ltr'><strong>se</strong></span> <span class='ocrx_word' id='word_1_605' title='bbox 598 5133 635 5191; x_wconf 80' lang='lat' dir='ltr'><strong>eb</strong></span> <span class='ocrx_word' id='word_1_606' title='bbox 649 5131 856 5205; x_wconf 84' lang='lat' dir='ltr'><strong>omuipeccsto</strong></span> <span class='ocrx_word' id='word_1_607' title='bbox 868 5149 934 5191; x_wconf 88' lang='lat' dir='ltr'><strong>esse</strong></span> <span class='ocrx_word' id='word_1_608' title='bbox 977 5132 1105 5188; x_wconf 74' lang='lat' dir='ltr'><strong>Thomas</strong></span> <span class='ocrx_word' id='word_1_609' title='bbox 1115 5133 1148 5188; x_wconf 82' lang='lat' dir='ltr'><strong>de</strong></span> <span class='ocrx_word' id='word_1_610' title='bbox 1166 5133 1326 5205; x_wconf 68' lang='grc' dir='ltr'><strong>οἰνάνθας.</strong></span> <span class='ocrx_word' id='word_1_611' title='bbox 1344 5135 1360 5189; x_wconf 93' lang='lat'>1</span> <span class='ocrx_word' id='word_1_612' title='bbox 1379 5140 1434 5191; x_wconf 76' lang='lat' dir='ltr'><strong>nrt.</strong></span> <span class='ocrx_word' id='word_1_613' title='bbox 1454 5136 1495 5206; x_wconf 91' lang='grc'><strong>10,</strong></span> <span class='ocrx_word' id='word_1_614' title='bbox 1515 5136 1557 5192; x_wconf 82' lang='grc'><strong>14.</strong></span> <span class='ocrx_word' id='word_1_615' title='bbox 1574 5135 1725 5196; x_wconf 78' lang='grc' dir='ltr'><strong>Ηαοίοιιιτε</strong></span> 
     </span>
     <span class='ocr_line' id='line_1_49' title="bbox 184 5217 1602 5299; baseline 0.001 -18"><span class='ocrx_word' id='word_1_616' title='bbox 184 5225 352 5283; x_wconf 87' lang='lat' dir='ltr'><strong>immunem.</strong></span> <span class='ocrx_word' id='word_1_617' title='bbox 976 5219 1048 5294; x_wconf 82' lang='lat' dir='ltr'><strong>heco,</strong></span> <span class='ocrx_word' id='word_1_618' title='bbox 1060 5237 1098 5278; x_wconf 89' lang='lat' dir='ltr'><strong>ue</strong></span> <span class='ocrx_word' id='word_1_619' title='bbox 1111 5219 1200 5280; x_wconf 80' lang='lat' dir='ltr'><strong>etiem</strong></span> <span class='ocrx_word' id='word_1_620' title='bbox 1212 5217 1248 5278; x_wconf 84' lang='lat' dir='ltr'><strong>de</strong></span> <span class='ocrx_word' id='word_1_621' title='bbox 1260 5221 1416 5295; x_wconf 87' lang='lat' dir='ltr'><strong>quistismo</strong></span> <span class='ocrx_word' id='word_1_622' title='bbox 1428 5221 1602 5299; x_wconf 83' lang='lat' dir='ltr'><strong>disputetur.</strong></span> 
     </span>
    </p>
   </div>
   <div class='ocr_carea' id='block_1_5' title="bbox 0 0 2008 6088">
    <p class='ocr_par' dir='ltr' id='par_1_9' title="bbox 0 0 2008 6088">
     <span class='ocr_line' id='line_1_50' title="bbox 0 0 2008 6088; baseline 0 0"><span class='ocrx_word' id='word_1_623' title='bbox 0 0 2008 6088; x_wconf 95' lang='lat' dir='ltr'><strong> </strong></span> 
     </span>
    </p>
   </div>
  </div>
 </body>
</html>
