3966 6108
498 793 502 804 ·
628 925 631 930 Ι
719 693 1080 862 ceronsis
1171 697 1175 702 ’

513 1017 932 1116 menorellam
967 1048 1288 1146 sicomorus
1333 1147 1337 1158 Ι

710 1347 731 1353 ,.
793 1305 842 1384 Μ
848 1272 1026 1386 obitam«
1161 1327 1162 1334 ’

168 1560 227 1622 Sat
243 1558 392 1638 amplam
414 1554 450 1619 in
465 1554 652 1637 proverbiis
668 1537 874 1646 exponendis
921 1571 940 1644 e
963 1569 993 1614 a.
1013 1569 1040 1615 s.
1052 1551 1159 1634 ,1597;
1173 1551 1232 1616 sed
1254 1555 1293 1616 nt
1307 1536 1350 1632 ad
1366 1553 1450 1619 alias
1465 1555 1626 1630 lectiones
1641 1573 1676 1622 e-

121 1681 266 1728 messem
282 1662 380 1727 nobis
396 1663 560 1741 Origenes
581 1660 790 1744 praebuisset,
805 1659 874 1725 nisi
921 1675 938 1715 t
963 1654 1119 1719 sordium
1142 1653 1279 1739 Ρῖέῐῧῐῑὸ
1307 1659 1578 1748 esseilgssingulis
1599 1663 1675 1727 ¹1oess

121 1783 232 1848 nuper
262 1785 337 1832 eam
367 1767 476 1832 Maius
504 1767 799 1849 praeocupavisset,
834 1767 873 1858 [p
920 1780 938 1818 <t
961 1759 1081 1824 diebus
1103 1749 1277 1842 lll'aem'isitss
1298 1763 1421 1826 »Tum
1437 1762 1481 1827 ad
1495 1766 1622 1829 calcem
1636 1785 1670 1848 p.

122 1888 226 1952 quam
242 1873 334 1936 enim
350 1887 494 1936 messem
506 1863 707 1936 vaticanam
718 1873 871 1950 Angelus
918 1864 997 1926 701:
1008 1885 1034 1924 rt<
1048 1864 1232 1929 Absolutus
1247 1865 1615 1948 hlc'oe'proverbiorum
1630 1869 1670 1932 li·

120 1974 180 2038 ille
195 1974 382 2040 indefessus
402 1989 471 2039 non
494 1973 648 2056 injecerit
662 1971 784 2039 falcem
805 1975 872 2056 spi·
918 1989 936 2028 α
960 1968 1029 2048 ber,
1045 1970 1153 2051 pridie
1164 1971 1228 2033 cal.
1245 1971 1334 2034 rxbr.
1346 1989 1376 2034 a.
1392 1975 1560 2053 unxorru,
1572 1991 1593 2035 a
1605 1973 1671 2036 Da·

119 2096 238 2143 carum
253 2080 430 2143 voracem?
444 2069 607 2161 Procopii,
621 2095 723 2160 quem
738 2079 775 2142 in
790 2077 873 2143 deli·
909 2091 936 2133 ¹«
959 2071 1037 2136 vide
1046 2075 1220 2152 Wagnero
1235 2076 1382 2152 August.
1399 2073 1498 2139 vind.
1515 2075 1669 2142 avidissi-

121 2183 184 2247 oiis
196 2183 326 2264 habuit,
338 2189 457 2248 catena
469 2184 585 2258 oculos
595 2183 777 2264 percellere
791 2198 871 2246 suos
917 2195 935 2236 s
959 2191 1014 2238 1110
1025 2177 1156 2240 calamo
1171 2182 1332 2259 exceptus
1345 2196 1455 2243 errore
1471 2181 1670 2246 111111111-

121 2287 297 2368 inprimis
318 2287 445 2351 debuit.
468 2289 585 2369 Neque
608 2303 712 2350 unam
734 2275 877 2351 tentum
917 2300 935 2340 r
958 2279 1047 2344 vidis
1069 2282 1263 2363 Hfflsshtlib
1291 2284 1464 2366 gymnasii
1489 2284 1532 2348 a(l
1554 2284 1669 2350 divam

120 2390 264 2473 protulit
289 2391 482 2474 Procopius,
509 2407 584 2454 eam
610 2389 872 2472 quamproprie
917 2405 935 2444 «
958 2385 1091 2448 Annam
1108 2387 1258 2451 Rectoris
1270 2386 1477 2467 dignissimi,
1488 2393 1671 2471 pracepto-

120 2511 243 2577 nempe
255 2498 363 2558 morte
375 2493 479 2574 ondit,
489 2493 574 2557 duce
585 2497 699 2556 tamen
712 2493 870 2573 Origene,
917 2508 935 2548 r
958 2489 1006 2552 ris
1020 2487 1221 2572 fidelissimi,
1235 2508 1336 2573 quem
1352 2493 1410 2554 ille
1426 2492 1553 2556 librum
1565 2511 1607 2557 ex
1617 2487 1679 2558 bs

121 2599 182 2662 sed
208 2600 349 2663 alteram
371 2599 547 2663 contexuit
569 2615 611 2662 ex
636 2597 742 2662 variis
764 2598 872 2663 Patri·
917 2611 935 2650 «
958 2590 1128 2656 bliotheca
1143 2594 1336 2658 Monacensi
1359 2596 1603 2677 transcriptum
1626 2596 1670 2660 ab

119 2701 195 2782 bns,
219 2706 254 2766 et
283 2703 431 2782 Origene
462 2703 498 2767 in
528 2703 658 2785 primis,
688 2701 870 2768 conflatam
916 2717 933 2758 «
958 2697 1165 2780 Hieronymo
1181 2699 1363 2778 erengero·
1379 2700 1469 2779 Aug.
1489 2700 1600 2765 obiter
1621 2702 1670 2766 la·

120 2804 236 2888 (tiore.
265 2810 349 2872 cart.
372 2810 396 2869 t.
419 2806 482 2890 rx).
505 2808 573 2870 Neo
595 2809 695 2871 satis:
722 2807 758 2870 in
780 2825 869 2871 nova
916 2820 937 2885 α,
957 2801 1028 2864 tine
1043 2803 1189 2865 vertit».
1247 2865 1249 2870 .

117 2909 324 2974 bibliotheca
338 2911 479 2974 Petrum
501 2909 588 2992 (tom.
608 2928 667 2990 vu,
690 2929 723 2993 p.
747 2910 785 2994 u)
809 2910 870 2976 ite·
950 2904 1123 2972 Habemus
1135 2907 1244 2986 igitur
1255 2910 1410 2972 catenam
1419 2927 1461 2972 ox
1469 2910 1666 2992 apographo

59 3090 64 3097 .
117 3031 196 3079 rum
223 3015 332 3078 Maius
358 3015 501 3078 accessit
525 3016 568 3079 ad
595 3015 788 3097 origenem,
817 3020 870 3080 tc-
912 3009 1037 3076 codicis
1046 3012 1367 3078 Monacensismanu
1376 3013 1543 3104 Grengeri
1555 3031 1666 3095 graece

117 3123 262 3200 tumque
275 3119 309 3181 in
323 3118 500 3198 proverbia
507 3122 790 3185 commentarium
802 3123 869 3186 col·
912 3115 1126 3200 descriptam,
1138 3137 1216 3181 curn
1230 3120 1450 3201 extemporali
1466 3120 1669 3205 interpreta-

118 3221 207 3299 legit
235 3221 452 3303 dispertitum
481 3221 518 3285 in
545 3221 617 3286 cod.
639 3224 745 3287 Vatic.
772 3225 866 3289 1802.
911 3223 1004 3285 tione
1019 3222 1157 3286 Davidis
1174 3223 1368 3304 Hoesohelii,
1385 3242 1488 3307 quam
1504 3243 1615 3305 graece
1632 3234 1667 3292 et

119 3327 176 3388 Nil
198 3325 289 3387 ultra
315 3325 509 3390 metendum
532 3324 766 3407 superfuisset,
788 3328 866 3408 nisi,
910 3324 1016 3414 latine
1031 3325 1160 3405 recepit
1175 3323 1326 3404 ejsudem
1348 3326 1537 3410 discipulus
1557 3328 1667 3396 David

119 3431 298 3510 neglectus
313 3430 442 3512 fuisset,
466 3433 622 3514 quamvis
645 3431 781 3516 lynceos
796 3431 871 3512 ejus
913 3429 1066 3506 Wagner
1087 3445 1148 3510 per
1169 3445 1276 3492 annos
1304 3429 1388 3493 1597
1412 3437 1447 3494 et
1481 3433 1576 3496 1598.
1600 3434 1667 3498 Eas

120 3534 235 3597 oculos
258 3551 325 3597 non
357 3534 497 3616 ingerit,
521 3535 670 3614 exiguus
693 3539 727 3599 et
752 3553 870 3602 recens
914 3547 994 3594 vero
1007 3531 1117 3595 bonus
1134 3533 1298 3610 magister
1314 3534 1412 3615 quasi
1433 3537 1666 3617 praelectionee

120 3638 257 3703 libellus
279 3637 492 3719 Reginensis,
515 3638 580 3702 sub
609 3656 702 3702 num.
730 3639 772 3704 77
795 3640 871 3703 lati·
913 3636 1043 3700 solebat
1064 3637 1281 3719 praemittere,
1303 3636 1503 3719 prinsquam
1530 3638 1572 3704 de
1597 3641 1665 3705 alio

120 3742 328 3824 saussajus
350 3744 387 3806 in
409 3742 529 3825 fronte,
553 3744 739 3825 epigraphe
766 3761 871 3809 manu
913 3741 1066 3806 liberiori
1078 3744 1283 3820 argumento
1293 3739 1667 3824 disputaret,acomnia

120 3849 161 3911 cl.
192 3848 331 3912 Davidis
366 3849 551 3912 Hoeschelii
580 3841 726 3932 sculpta,
753 3850 870 3914 statim
915 3845 1074 3926 discipuli
1103 3843 1147 3907 ab
1176 3857 1233 3905 ore
1254 3842 1406 3908 docentis
1428 3844 1546 3909 sedulo
1575 3846 1666 3911 exei-

121 3952 229 4015 nciem
245 3953 420 4017 oculorum
436 3953 542 4035 rapit:
914 3948 1063 4033 piabant.
1075 3949 1279 4029 Huiusmodi
1291 3968 1428 4033 operam
1441 3951 1667 4030 magistrare-

166 4077 183 4116 «
208 4057 443 4124 lllustrissimo
465 4075 505 4122 ac
523 4059 786 4138 generosissimo
809 4061 872 4124 Do·
914 4054 1081 4136 stitntam,
1110 4055 1199 4119 idem
1222 4055 1434 4134 Hoeschelius
1462 4055 1570 4119 nobili
1584 4055 1666 4128 ¹vit0

123 4183 139 4221 α
164 4161 257 4224 mino
279 4149 429 4226 Johan'ni
452 4163 675 4244 Haringtono,
698 4151 807 4246 equiti
829 4163 870 4228 de
915 4160 1052 4237 anglico
1068 4160 1262 4239 Harington
1283 4179 1314 4224 a.
1339 4161 1424 4224 1609
1447 4160 1541 4225 dedit
1562 4161 1665 4225 donn·

120 4285 137 4324 «
160 4255 885 4346 Balneis,lobannisflaringtcnisaaronis'
915 4261 1043 4343 vitque.
1067 4263 1195 4327 Unicus
1209 4281 1292 4327 eone
1314 4263 1429 4344 codex,
1445 4263 1665 4346 qua-fortuna

120 4369 202 4433 «de
217 4371 334 4433 Exeon
357 4369 483 4433 haeredi
499 4387 538 4433 ac
553 4369 625 4434 filio
641 4372 753 4450 unico,
776 4370 869 4436 hunc
913 4366 1075 4448 nescitur,
1098 4367 1185 4431 dono
1208 4369 1269 4432 cel.
1293 4369 1434 4447 Reginae
1462 4368 1591 4433 Sneciae
1620 4367 1665 4432 ed

120 4495 137 4534 e
161 4475 443 4539 commentarium
466 4491 617 4554 graeoum
633 4475 669 4539 in
684 4475 869 4540 Parcemias
912 4471 1094 4567 Yatioanas
1117 4471 1206 4536 aedes
1220 4471 1331 4554 venit3
1354 4471 1483 4552 dignus
1504 4490 1586 4538 sane
1603 4471 1663 4553 qui

120 4599 136 4638 e
160 4578 348 4642 Salomonis
359 4577 527 4659 interpres
536 4577 646 4642 David
656 4579 870 4644 lloesohelius
913 4572 1178 4643 admemoriam
1200 4581 1427 4659 aevocoretur,
1452 4581 1489 4646 ot
1510 4577 1666 4660 symbola

120 4684 386 4762 «Augustanus
409 4683 502 4762 groti
524 4683 631 4747 animi
654 4699 738 4762 ergo
764 4682 867 4766 dedit,
913 4695 986 4758 sna,
1009 4680 1231 4759 quantumvis
1258 4681 1395 4761 exigua,
1422 4679 1465 4744 od
1491 4680 1665 4745 illustran-

121 4807 137 4848 c
161 4786 556 4851 3Kal..lul.a.1609.»
912 4779 994 4845 dum
1021 4781 1204 4861 Origenem
1229 4782 1390 4849 conseret.
1420 4784 1558 4848 Etenim
1586 4785 1664 4867 plus

159 4891 322 4972 Sequitur
335 4890 393 4955 iol.
409 4909 421 4955 1
435 4893 544 4956 altera
562 4891 738 4972 inscriptio
758 4890 800 4955 de
815 4909 869 4956 oo-
913 4887 1028 4951 minua
1045 4886 1182 4966 integra
1197 4887 1268 4951 fere
1278 4887 1397 4952 endem
1413 4888 1457 4952 ab
1472 4889 1571 4953 initio
1587 4889 1666 4966 attis

119 4992 203 5057 dicis
227 4993 383 5058 librario:
401 4994 590 5059 «Feliciter
608 4995 804 5077 auspicatus
819 5001 872 5062 est
914 5007 996 5070 sere
1019 4991 1128 5055 Maius
1143 4996 1178 5056 et
1196 4993 1360 5057 Maurici:
1387 4992 1447 5059 sed
1468 4997 1592 5076 preter
1605 5011 1664 5057 no

123 5097 201 5161 «1).
235 5099 277 5162 ll.
308 5097 417 5162 David
447 5097 614 5180 Hoesobel,
645 5096 871 5176 dignissimus
914 5089 994 5160 vam
1015 5087 1139 5160 01.νίπί
1164 5113 1311 5179 operam,
1326 5113 1414 5162 nova
1438 5115 1538 5163 rarus
1560 5097 1665 5164 codex

121 5223 137 5262 o
161 5201 334 5284 gymnasii
346 5201 542 5284 Augustani
554 5193 710 5264 rector‘d.
724 5199 744 5262 7
760 5201 871 5267 Martii
914 5206 1063 5283 praestat.
