4044 6104
310 440 373 508 382
984 441 1194 508 onlonrms

313 601 381 646 σιν·
396 581 461 666 εἴγε
477 581 531 646 καὶ
553 579 638 663 ἅπαξ
655 582 731 648 ποτὲ
753 579 807 662 νὺξ
829 580 987 668 ἁμαρτίας
1009 599 1061 667 μοι
1100 584 1204 648 semel
1228 581 1312 645 forte
1332 600 1401 646 une
1416 599 1483 648 nox
1497 581 1626 664 peccati
1642 585 1676 645 et
1691 581 1843 646 tenebra·

293 749 295 753 .
317 684 447 771 γέγονεν
461 689 516 752 καί
531 686 671 770 σκότους,
695 687 767 752 ἀλλ’
782 685 851 750 ἀντί
865 683 989 770 ίκείνης
1004 694 1061 770 της
1101 706 1176 752 rum
1193 688 1276 750 mihi
1292 687 1462 768 acciderit,
1477 691 1626 752 ettamen
1645 705 1706 768 pro
1722 689 1788 752 ieta
1808 707 1845 750 u-

316 799 389 874 μιᾰς
402 793 513 868 νυκτδς
528 791 633 870 πάσας
646 813 705 878 μου
720 794 776 869 τδις
789 793 868 877 μετὰ
879 800 979 855 ταῦτα
989 789 1061 856 νὺκ-
1100 793 1176 857 nice
1198 798 1305 872 nocte,
1323 807 1438 856 omnes
1460 791 1601 872 posthoc
1620 794 1776 870 setcgnm
1803 796 1844 854 ut

312 914 369 971 τας
395 893 528 979 δάκρυσι
550 905 615 973 τοῖς
641 905 698 981 της
724 893 980 988 ἐξομολογήνεως
1006 897 1061 960 καί
1100 897 1236 960 abluam
1248 897 1408 980 lucrymis
1425 897 1460 959 in
1472 894 1682 962 contessione
1692 901 1726 960 et
1739 895 1845 976 poeni-

314 994 481 1081 μετανοίας
492 998 745 1080 &conlocauerat
756 997 937 1084 άτοσμηξαι
948 997 1061 1064 ἑαυτὸν
1101 1001 1208 1064 tentia
1241 999 1325 1064 fusis
1377 1003 1412 1062 et
1438 1016 1491 1062 me
1518 997 1714 1078 detergam:
1742 999 1846 1064 immo

310 1102 512 1188 πειράσομαι·
524 1103 670 1169 ἀλλὰκαὶ
682 1103 781 1189 αὐτὴν
792 1100 916 1189 ἐκείνην
925 1103 983 1189 την
994 1100 1060 1168 κλί-
1100 1105 1284 1185 ipsummet
1297 1102 1409 1167 cubile
1424 1107 1459 1166 et
1480 1107 1635 1182 stratum,
1657 1103 1776 1183 inquo
1792 1119 1850 1166 ne·

312 1221 370 1288 νην
384 1208 511 1293 κοίτην
528 1210 702 1293 στρωμνὴν,
718 1207 752 1272 δν
767 1207 788 1291 ᾖ
804 1205 994 1293 τετδλμηταί
1008 1228 1060 1293 μοι
1102 1205 1204 1270 fanda
1222 1225 1326 1270 nuens
1341 1223 1429 1284 snm,
1441 1205 1533 1269 haud
1547 1207 1647 1269 aliter
1657 1211 1739 1286 puto
1753 1222 1850 1286 posse

311 1311 546 1397 cccccccccc,
563 1313 621 1377 οὐκ
644 1312 748 1390 άλλως
762 1310 902 1398 ἡγοῦμαι
917 1313 1058 1378 άποπλυ-
1101 1310 1272 1390 inundari,
1289 1310 1354 1374 nisi
1381 1311 1465 1374 meis
1492 1310 1662 1392 lacrymis.
1678 1311 1850 1373 Hactenus

312 1411 474 1498 θήσεσθαι,
486 1417 507 1500 ἢ
520 1415 572 1480 διὰ
583 1425 643 1481 τῶν
658 1416 741 1503 ίμῶν
753 1415 907 1501 δακρύων·
921 1418 977 1480 καὶ
987 1426 1060 1482 ταῦ·
1100 1415 1332 1478 haecomnia...
1353 1417 1426 1478 Non
1441 1415 1506 1478 erit
1522 1415 1605 1478 mihi
1628 1419 1762 1496 tempus
1776 1413 1848 1478 hnc

313 1536 354 1580 τα
369 1516 474 1582 πάντα
488 1518 607 1604 [...οιί]κ
621 1521 710 1584 ἔσται
726 1539 778 1605 μοι
791 1523 901 1604 καιρδς
916 1528 974 1604 της
989 1520 1060 1585 τοῦ·
1099 1519 1240 1597 egendi:
1256 1519 1330 1583 Non
1342 1519 1532 1584 estuantia
1544 1523 1643 1584 morte
1656 1519 1843 1601 quimemor

313 1639 374 1684 των
390 1620 540 1704 πράξεως,
553 1623 620 1688 inei
631 1625 691 1688 οίιιι
705 1625 789 1689 ἔστιν
800 1624 834 1688 ἐν
845 1633 889 1709 τῷ
899 1622 1060 1709 θανάτῳδ
1099 1623 1147 1686 rit
1159 1621 1219 1700 ίνί,
1235 1623 1270 1684 in
1282 1621 1413 1704 inferno
1426 1623 1534 1686 ααίονι
1554 1621 1629 1716 quie
1650 1619 1851 1703 οοηρῖίοθιίνν

314 1725 517 1810 μνημονεύων
531 1748 606 1792 σου·
621 1727 654 1792 ίν
676 1726 711 1792 δὲ
734 1735 778 1812 τῷ
799 1727 861 1813 ᾅδῃ
884 1725 929 1805 τίς
950 1727 1058 1812 ὲξομυ·
1101 1724 1183 1790 tibin
1205 1726 1260 1788 hio
1275 1741 1421 1806 nemque
1437 1727 1558 1789 vocula
1576 1725 1651 1808 ρυίο
1672 1740 1740 1788 non
1754 1725 1795 1788 de
1813 1743 1849 1788 re

312 1826 484 1912 λογησεταί
499 1851 566 1916 σοις
587 1832 622 1895 τδ
637 1833 698 1917 γάρ
713 1828 759 1910 τίς
775 1831 919 1914 ἐνταῦθα,
935 1833 994 1897 οὐκ
1008 1835 1059 1898 ἐπὶ
1101 1833 1153 1892 eet
1174 1845 1260 1907 rara,
1284 1831 1322 1890 nt
1345 1828 1438 1908 alibi,
1454 1827 1513 1891 sed
1535 1827 1576 1892 de
1599 1830 1735 1893 nemine
1758 1829 1849 1894 dicte

311 1941 367 1995 τοῦ
382 1931 525 2016 σπανίου,
542 1933 584 2012 ὡς
596 1935 630 2000 ἐν
645 1932 773 2020 ἑτέροις,
790 1934 860 2000 ἀλλ’
871 1936 921 2001 ou
932 1946 989 2002 τοῦ
1001 1959 1060 2023 μη·
1103 1939 1165 1998 est.

315 2035 403 2114 δενὸς
419 2037 550 2121 εἴρηται.

355 2160 387 2205 v.
404 2141 434 2204 8.
450 2139 633 2228 Ἐταράχθη
657 2141 720 2208 ἀπὸ
735 2141 840 2229 θυμοῦ
860 2143 877 2208 δ
899 2143 1060 2231 ὀφθαλμός
1145 2161 1177 2208 τ.
1190 2146 1220 2209 8.
1238 2143 1402 2210 Turbatur
1413 2148 1492 2210 τοία
1497 2142 1620 2226 surore
1630 2143 1741 2208 οονίυε
1749 2159 1848 2222 αττιο,

316 2265 386 2329 μου,
403 2243 604 2330 ἑπαλαιιίιθην
618 2246 652 2312 ἐν
666 2256 744 2312 πάσι
758 2256 824 2325 τοῖς
839 2248 963 2334 ἐχθροῖς
976 2269 1045 2334 μου.
1100 2250 1279 2316 inveteravi
1292 2250 1380 2314 ἰνίον·
1393 2266 1501 2314 omme
1514 2249 1662 2314 inimicos
1676 2265 1769 2313 mooe.

359 2346 424 2412 Καὶ
445 2359 546 2413 ταῦτα
561 2347 740 2435 ἀναγκαίως
754 2351 913 2437 προφέρει,
928 2353 1061 2438 κατ’άρ-
1145 2357 1192 2417 Ac
1207 2371 1343 2418 neeesse
1372 2357 1446 2417 eret
1470 2353 1541 2433 hnc
1562 2352 1666 2415 verbo
1692 2351 1849 2433 proferet,

312 2452 374 2536 χδις
390 2449 499 2516 εἰπών·
514 2451 621 2537 Κύριε,
638 2456 681 2540 μη
697 2464 741 2540 τῷ
755 2454 849 2542 θυμῷ
861 2477 918 2521 σου
930 2456 1059 2542 ἐλέγξῃς
1102 2475 1180 2520 cnm
1207 2457 1250 2520 nb
1277 2456 1375 2520 initio
1394 2457 1516 2538 psalmi
1543 2455 1687 2520 dixerit:
1702 2455 1848 2534 Domino,

312 2573 360 2638 με,
378 2555 459 2641 μηδὲ
474 2565 512 2642 τῇ
528 2557 606 2643 δργη
623 2578 680 2622 σου
695 2558 865 2643 παιδεύσῃς
886 2580 935 2645 με,
950 2561 1059 2648 ἐπειδὴ
1102 2579 1144 2626 κο
1157 2560 1321 2643 inform
1344 2563 1397 2624 tuo
1412 2575 1534 2643 ανρααο
1548 2576 1607 2639 τινα,
1626 2576 1724 2642 mque
1738 2559 1775 2623 ιἰι
1796 2559 1850 2624 ira

312 2659 384 2742 γὰρ,
400 2661 505 2745 φησίν,
520 2658 542 2744 ἡ
560 2660 667 2747 μνήμη
684 2671 739 2727 τοῦ
753 2661 858 2748 θυμοῦ
870 2684 927 2730 σου
938 2667 993 2729 καί
1003 2675 1061 2751 της
1102 2671 1160 2730 tua
1185 2664 1346 2745 oom'ylt'lu
1371 2681 1429 2743 mo,
1456 2664 1592 2744 quondo
1618 2664 1765 2746 quidem,
1792 2665 1851 2743 nit,

310 2762 409 2848 δργης
431 2763 596 2849 αὐτάρκως
619 2785 657 2850 με
679 2764 829 2849 παιδεύει,
853 2764 896 2844 ὡς
916 2769 972 2832 καί
993 2767 1057 2832 άτδ
1102 2770 1266 2833 memorie
1282 2768 1403 2832 furoris
1419 2773 1453 2832 et
1468 2769 1527 2831 irae
1541 2773 1610 2832 tnae
1630 2769 1713 2832 sctis
1734 2785 1853 2849 euper-

316 2866 414 2952 μόνης
433 2877 491 2953 της
512 2865 649 2954 ἀγωνίας
670 2879 725 2933 τοῦ
748 2871 833 2934 κατά
853 2878 916 2935 τῶν
939 2868 1061 2936 ἀσεδῶν
1103 2889 1169 2954 que
1184 2890 1238 2936 me
1253 2873 1403 2954 corripit,
1431 2871 1514 2936 odeo
1530 2877 1569 2936 nt
1582 2890 1603 2936 o
1616 2873 1688 2936 sole
1707 2871 1853 2954 trepido·

312 2972 532 3058 ἐπηρτημένου
547 2973 652 3059 θυμοῦ
667 2978 722 3040 τὸν
737 2983 794 3061 της
810 2975 916 3060 ψυχῆς
932 2997 992 3061 μου
1006 2977 1062 3061 ὁρ
1102 2977 1194 3040 tione
1214 2976 1256 3040 ob
1283 2975 1431 3040 furorem
1458 2977 1494 3040 in
1521 2977 1641 3057 impios
1668 2975 1852 3041 conflatum

312 3075 432 3162 θαλμδν
458 3077 684 3161 ταράττεσθαι·
711 3077 817 3164 ψυχῆς
843 3079 879 3143 tr
901 3079 1061 3166 οφθαλμὸς
1102 3081 1259 3145 turbetur
1274 3082 1392 3145 oculus
1407 3081 1531 3146 animm
1554 3099 1646 3146 mem.
1662 3081 1779 3146 Fuerit
1793 3099 1853 3145 an-

311 3181 362 3265 είη
378 3179 418 3244 δν
433 3191 505 3258 νοῦς
527 3181 617 3267 καλὴ
634 3181 746 3268 λογικη
763 3185 860 3248 αὐτοῦ
883 3183 1060 3270 δῦναμις·δ
1102 3190 1172 3248 tem
1199 3203 1294 3250 mens
1320 3187 1440 3250 oculus
1465 3188 1588 3250 onimae
1617 3192 1651 3251 et
1677 3187 1852 3251 rationalis

312 3283 468 3351 διδάσκων
490 3287 507 3349 ὀ
530 3287 636 3372 σωτηρ
658 3286 784 3373 ἔλεγεν·
807 3285 845 3354 ‘0
868 3287 982 3375 λύχνος
1004 3299 1061 3354 τοῦ
1104 3289 1177 3370 ejus
1204 3292 1324 3355 virtus.
1340 3290 1434 3368 Quod
1461 3307 1522 3354 nos
1549 3291 1672 3354 docens
1698 3292 1853 3354 Salvator

313 3386 458 3473 σώματός
472 3389 555 3454 ἐστιν
567 3390 584 3455 ὁ
596 3389 764 3476 ὀφθαλμός.
788 3389 835 3457 Οὐ
849 3394 910 3478 γὰρ
926 3394 1065 3480 δγχωρεῑ
1104 3394 1232 3458 aiebat:
1259 3416 1276 3455 ιι
1293 3395 1447 3475 Corporis
1462 3395 1601 3458 lucerna
1617 3396 1669 3457 est
1683 3394 1811 3458 oculus.
1827 3393 1847 3451 ὐ

312 3491 370 3556 ἕνα
384 3499 445 3557 τῶν
464 3492 550 3559 δυοῖν
564 3493 733 3580 ὀφθαλμῶν
754 3505 810 3560 τοῦ
826 3495 972 3582 σώματος
986 3498 1062 3584 λῦχ-
1105 3499 1221 3580 Neque
1240 3498 1331 3562 enim
1357 3498 1445 3578 potis
1468 3501 1520 3560 eet
1542 3514 1631 3560 unus
1654 3514 1699 3560 ex
1722 3495 1854 3560 duobus

312 3616 367 3661 νον
381 3597 469 3662 είναι.
494 3595 566 3674 Πῶς
581 3598 616 3662 δὲ
630 3601 685 3662 καί
707 3602 885 3686 σωματικδς
899 3601 1061 3688 ὀφθαλμὸς
1103 3604 1211 3668 oculis
1251 3603 1344 3666 solus
1380 3600 1454 3664 fieri
1498 3602 1639 3664 lucerne
1681 3601 1852 3682 corporis.

296 3700 487 3798 ,ταραχθείη
504 3701 543 3768 δν
565 3702 625 3768 teo
640 3701 745 3789 θυμοῦ
758 3714 815 3769 τοῦ
834 3704 937 3774 Θεοῦ·
952 3707 1060 3794 ἐπειδὴ
1105 3706 1276 3783 Quomodo
1287 3709 1401 3769 entem
1427 3721 1608 3786 corporeus
1634 3707 1753 3768 oculus
1779 3722 1852 3786 per·

312 3807 367 3870 τδν
381 3804 485 3892 θυμδν
504 3815 559 3871 τοῦ
575 3805 659 3874 Θεοῦ
674 3807 892 3895 ἑπηρτημίνον
906 3819 971 3888 τοῖς
990 3810 1062 3876 ἀσε-
1104 3810 1262 3874 turbatus
1288 3809 1393 3873 fuerit
1417 3808 1531 3872 lurore
1561 3810 1648 3873 Deil
1674 3810 1784 3885 Quum
1807 3807 1850 3870 ed

313 3907 398 3975 θέσιν
420 3910 584 3996 ἀγωνιῶν,
606 3913 734 3998 κοίτην
758 3912 934 3998 μέλλουσαν
964 3916 1062 4002 ὀργὴν
1104 3914 1165 3978 Dei
1188 3913 1337 3978 furorem
1362 3913 1397 3975 in
1420 3913 1540 3994 impios
1561 3913 1728 3976 ruendum
1750 3913 1853 3993 trepi-

314 4011 457 4098 φρίττων,
480 4014 669 4099 ἐταράττετο
691 4018 750 4101 τὴν
769 4016 919 4100 διάνοιαν,
935 4017 1062 4097 οἰκότως
1104 4019 1188 4082 dans
1200 4021 1235 4082 et
1246 4016 1395 4082 futurem
1405 4016 1730 4097 irnmreiormidcns,
1740 4015 1853 4080 turbo-

313 4115 382 4182 ἀντὶ
411 4117 654 4204 κατορθώματος
681 4118 794 4185 ἑαυτοῦ
824 4122 1062 4208 καταριθμεῖται
1104 4123 1205 4186 batur
1219 4123 1352 4203 spiritu,
1368 4123 1608 4186 verosimiliter
1622 4121 1673 4185 nti
1694 4120 1854 4200 egregios

311 4221 369 4299 τάς
390 4221 511 4300 πολλάς
534 4221 647 4288 ἑαυτοῦ
670 4224 895 4303 κακοπαθείας·
913 4225 961 4292 διό
983 4249 1062 4314 φησι
1104 4231 1210 4305 nctus,
1226 4230 1377 4290 recenset
1403 4226 1598 4289 innumeros
1613 4223 1687 4304 ejus
1713 4223 1854 4288 afflictu-

312 4326 366 4390 καί
382 4324 433 4391 τό·
448 4325 671 4413 Ἐπαλαιίιθην
693 4327 727 4393 tv
753 4337 913 4410 παστοῖς
935 4332 1059 4419 ίχθροῑς
1103 4331 1223 4394 tiones.
1251 4331 1328 4394 ideo
1355 4331 1422 4393 nit:
1438 4330 1623 4395 Ιαοαίαταοί
1636 4329 1723 4394 itaer
1747 4345 1854 4394 οαοκσο

313 4451 383 4516 μου,
399 4429 560 4516 σημαίνων
575 4433 633 4518 την
649 4431 855 4520 πολυχρόνιον
875 4433 989 4502 ίαυτοῦ
1003 4437 1061 4503 κά·
1103 4435 1254 4502 inimicos
1285 4451 1388 4514 οιτον,
1421 4433 1621 4514 significans
1651 4433 1852 4498 diuturnum

313 4553 410 4598 κωσιν
432 4535 568 4620 κοίτην
590 4535 774 4603 ταπείνωσιν
796 4537 1061 4622 ἠνίποίειτδέν
1103 4557 1205 4606 sunm
1247 4539 1472 4604 infortunium
1514 4543 1549 4602 et
1581 4539 1852 4603 humiliationem

313 4636 419 4724 μίσοις
433 4639 600 4726 τυγχάνειν
615 4649 681 4720 τοῖς
696 4641 810 4709 ἑαυτοῦ
825 4643 958 4730 ίχθροῐς.
1104 4661 1207 4726 quom
1231 4649 1389 4726 expertus
1417 4648 1478 4722 est,
1495 4644 1530 4708 in
1545 4643 1667 4707 mediis
1693 4644 1765 4706 suis
1780 4661 1853 4706 ver-

1102 4755 1198 4814 satus
1222 4749 1378 4812 inimicis.

360 4869 391 4913 v.
421 4851 452 4913 9.
486 4851 536 4915 11.
560 4847 740 4937 Ἀπῦστητε
768 4852 824 4917 ἀπ’
845 4854 923 4940 ίμου
945 4854 1060 4933 πάντες
1147 4874 1178 4918 ν.
1195 4856 1281 4919 9-11.
1305 4851 1682 4920 Βιλοεάίίοανιοοτοιιαο
1702 4851 1760 4935 ραι·
1778 4868 1845 4934 ορε-

346 4998 376 5036 v.
387 4981 414 5037 8.
425 4981 501 5040 Ibid.
512 4982 548 5040 In
561 4983 689 5042 transitu
700 4985 738 5042 ed
747 4985 873 5044 alterum
880 4986 944 5044 eod.
957 4987 1060 5045 lolium
1138 5002 1165 5042 ν.
1179 4985 1204 5040 9.
1219 4985 1302 5040 -11.
1315 4983 1389 5041 Ibin
1406 4983 1507 5056 Usque
1518 4985 1549 5041 in
1561 4983 1650 5041 finem
1661 4999 1770 5040 novum
1778 4982 1849 5038 reoi-

313 5064 382 5122 lort
404 5067 516 5140 aliquid
537 5069 569 5128 in
593 5069 652 5129 fine
664 5070 815 5129 exciderit.
839 5071 884 5129 cf.
897 5073 946 5130 Ρε.
970 5087 1009 5145 τι,
1034 5075 1060 5130 2.
1102 5072 1198 5146 pimus
1207 5072 1454 5144 commenturinm,
1464 5072 1514 5145 qni
1522 5070 1659 5147 priorem,
1667 5087 1726 5130 nnc
1736 5073 1851 5128 mutum

312 5151 517 5226 Mettum&
1103 5177 1130 5220 v.
1144 5163 1273 5234 excepto,
1286 5173 1362 5233 pone
1374 5165 1516 5233 coprem
1529 5158 1668 5233 seqnitur.
1803 5205 1806 5218 ,-
