4036 6090
918 371 1127 434 ORIGENES

806 616 976 694 Psalmus
1002 614 1261 696 LXXXVII.
1300 666 1302 670 .
1342 684 1345 692 .

298 864 330 908 ν.
349 846 378 909 3.
396 843 571 910 Εἰσελθὲτυι
595 844 727 910 ἐνώπιόν
750 866 806 910 σου
828 845 850 929 ή
873 867 1004 932 προσευ-
1091 868 1122 912 v.
1141 854 1170 914 3.
1187 851 1295 915 Intret
1309 853 1346 916 ia
1360 859 1525 935 conspectu
1540 859 1594 920 tao
1606 856 1798 920 antioona.

256 948 300 1034 χή
318 970 387 1033 μου.
413 954 479 1017 Vnt.
497 953 571 1032 680,
591 953 619 1015 1.
1092 941 1310 1016 coinmendat
1332 958 1529 1037 orationem,
1553 976 1592 1021 aa
1619 961 1647 1020 si
1672 960 1793 1021 vivens

299 1050 448 1138 Ὥσπερεί
470 1053 577 1139 ζώσης
602 1063 661 1139 τής
687 1053 801 1119 ἑαυτοῦ
823 1064 1005 1143 προσευχῆς
1049 1061 1147 1136 esset,
1160 1063 1198 1120 ut
1213 1059 1317 1122 intret
1332 1060 1366 1122 in
1384 1067 1566 1141 conspectu
1582 1062 1728 1124 Domini.

174 1212 177 1218 .
255 1155 346 1238 ἀξιοῖ,
362 1158 446 1234 ὅπως
462 1157 548 1222 ἔλθοι
563 1157 694 1224 ἐνώπιον
709 1168 765 1224 τοῦ
780 1158 909 1244 Κυρίου.
1078 1179 1110 1223 ν.
1120 1162 1150 1241 4,
1160 1164 1189 1223 6.
1204 1163 1584 1243 Quianepletnentmalia
1595 1165 1707 1229 enimn
1717 1180 1796 1243 ntea,

297 1281 330 1325 v.
347 1263 377 1342 4,
394 1264 424 1342 5,
443 1264 472 1326 6.
489 1257 562 1327 'On
584 1262 727 1348 ἐπλήσθη
751 1274 860 1329 κακῶν
875 1265 896 1351 ή
914 1263 1002 1351 ψυχή
1049 1269 1080 1330 et
1097 1263 1228 1346 inferno
1242 1266 1312 1330 nita
1329 1283 1399 1332 meo
1413 1270 1693 1350 nmnptnqannit,
1714 1269 1798 1334 caeti-

256 1384 325 1450 pou,
342 1363 431 1450 καθή
456 1365 522 1451 ζωή
547 1388 607 1452 μου
630 1376 673 1454 τῷ
697 1368 758 1454 aaa
781 1372 905 1454 ήγγισε,
929 1390 1005 1452 προ·
1048 1373 1157 1433 motas
1170 1386 1244 1434 anna
1258 1387 1330 1434 cnm
1343 1371 1602 1437 decamanus
1620 1374 1657 1436 in
1672 1373 1799 1451 lacum

255 1467 441 1555 σελογίοθην
472 1473 553 1555 μετὰ
581 1475 643 1539 τῶν
673 1472 927 1538 καταθαινόντῶν
961 1472 1005 1549 εἰς
1041 1471 1162 1554 factus
1177 1490 1251 1537 anm
1266 1475 1354 1540 stent
1367 1477 1458 1540 nomo
1479 1477 1550 1541 οιίιο
1564 1476 1736 1558 adjutorio,
1752 1477 1803 1541 in-

253 1574 390 1641 λάκκσν·
402 1574 575 1661 ἐγεννήθην
588 1575 630 1655 ῶς
642 1576 804 1662 ἄνθρωπος
817 1574 1004 1662 ἀθοήθητος,
1052 1581 1103 1642 ter
1117 1581 1260 1641 mortuos
1273 1577 1364 1642 liber.

255 1679 288 1744 ἐν
304 1689 425 1764 νεκροῖς
440 1679 613 1765 ἐλεύθερος.
1096 1683 1205 1747 Illud:
1231 1684 1356 1764 repleto
1381 1687 1430 1749 est
1455 1685 1555 1750 ntulit
1580 1687 1692 1750 anina
1716 1703 1798 1766 men,

301 1784 345 1850 Τὸ
366 1782 416 1850 δέ·
439 1782 583 1868 ἐπλήσθη
607 1786 716 1850 κακῶν
739 1782 760 1868 ή
782 1783 871 1870 ψυχή
896 1806 965 1872 μου,
989 1787 1006 1852 ὁ
1050 1786 1204 1850 Christus
1226 1789 1561 1868 pronuntiationem
1585 1794 1700 1853 nostra
1722 1808 1797 1871 peo-

260 1889 396 1974 Χριστὸς
418 1887 514 1973 λέγει,
538 1889 594 1966 τὰς
618 1887 773 1974 ἁμαρτίας
792 1886 882 1973 ήμῶν
904 1888 1007 1976 φέρων
1051 1893 1127 1951 eata
1142 1889 1177 1951 in
1197 1892 1312 1953 anima
1330 1909 1403 1972 sua,
1419 1899 1453 1955 et
1472 1896 1666 1957 cumulatus
1682 1895 1799 1958 malis:

257 1994 292 2060 ἐν
306 2002 346 2078 τῇ
363 1994 450 2079 ψυχῇ
467 1995 573 2074 αὐτοῦ,
589 1995 645 2057 καὶ
659 1992 786 2078 πλήρης
801 1993 844 2059 ῶν
861 1995 1006 2081 [κακῶν]·
1050 1992 1125 2055 dire
1139 1997 1275 2073 propter
1298 2011 1358 2059 nos
1381 2013 1522 2076 pessunt,
1546 2002 1723 2077 reputatus
1746 2003 1798 2062 est

257 2099 361 2182 ὁπερῑ
381 2096 472 2183 ἡμῶν
486 2097 684 2183 θδυνάρενος,
707 2096 937 2184 προσελογίσθη
955 2121 1007 2185 με·
1050 2112 1122 2159 cnm
1136 2095 1393 2162 alamaniam
1407 2099 1619 2164 interamni
1636 2100 1707 2180 ipae
1722 2117 1797 2182 peo-
1874 2109 1876 2114 “

255 2203 297 2267 τὰ
310 2203 372 2267 τῶν
393 2199 647 2266 καταθαινόντων
671 2202 714 2278 εἰς
737 2200 869 2266 λάκκον.
899 2241 939 2250 -
967 2205 1007 2270 Εἰ
1051 2203 1127 2259 oata
1142 2203 1258 2261 nostra
1273 2203 1424 2281 pertulit,
1436 2203 1466 2265 si
1480 2207 1618 2283 proptor
1633 2221 1694 2267 nos
1710 2192 1801 2268 noer-

258 2306 350 2382 αὐτος
372 2307 429 2383 τὰς
452 2304 607 2392 ἁμαρτίας
634 2305 724 2391 ήμῶν
754 2303 929 2389 ἑθάστασε,
952 2309 1008 2373 καὶ
1051 2301 1092 2364 be
1108 2302 1227 2382 doluit,
1243 2305 1335 2368 haud
1351 2307 1521 2369 immerito
1536 2309 1600 2372 ait:
1615 2309 1803 2388 πορθεῖσθαι

244 2411 328 2493 περὶ
349 2407 440 2495 ήμῶν
461 2409 617 2489 ὀδυνᾶσαι,
648 2409 776 2486 εἰκότως
802 2413 911 2478 κακῶν
941 2413 1007 2476 ἐνε-
1050 2406 1150 2470 malis
1164 2408 1275 2472 nnintn
1286 2425 1365 2472 mea.
1378 2410 1549 2474 Siinferni
1562 2413 1699 2477 nomine
1712 2430 1798 2477 mor·

258 2511 396 2598 πλήυθη,
420 2511 525 2597 φησίν.
540 2513 618 2578 Ἐὰν
642 2511 823 2599 μεταλάθης
848 2519 902 2580 τὸν
925 2516 1021 2601 ᾅδην·
1051 2513 1121 2573 tem
1129 2512 1308 2592 aeceperiS,
1321 2515 1406 2577 seito
1418 2516 1585 2595 quomodo
1594 2519 1799 2581 moraavita

260 2619 304 2696 εἰς
318 2620 372 2684 τὸν
387 2617 537 2701 θανόντα,
554 2618 648 2703 γνῶθι
669 2627 736 2696 πῶς
751 2619 768 2683 ὁ
783 2619 924 2698 θάνατος
941 2621 1006 2685 δια-
1052 2615 1200 2680 hominia
1216 2616 1359 2682 differat.
1372 2619 1554 2684 Multitudo
1566 2623 1799 2686 calamitatum

259 2722 348 2808 φέρει
370 2723 454 2808 ζωῆς
477 2721 659 2807 ἀνθρώπου·
673 2725 710 2788 τὸ
732 2722 853 2808 πλῆθος
875 2725 1008 2812 pompa
1053 2737 1130 2800 quae
1152 2721 1238 2784 mihi
1260 2722 1474 2786 oiroumfusae
1500 2727 1590 2804 sunt,
1622 2725 1801 2806 impedivit

259 2826 338 2911 λησε
353 2829 415 2892 τῶν
429 2826 718 2913 περιστοιχιζόρτωρ
730 2849 769 2914 με
781 2827 938 2916 θεωρήσας
950 2853 1007 2896 κα.
1053 2824 1137 2903 quin
1158 2827 1249 2888 mala
1266 2827 1485 2890 considerem.
1501 2831 1607 2892 Juxta
1625 2833 1801 2892 mortuum

260 2939 342 2995 κῶν·
357 2930 432 3016 παρ’
446 2931 541 2995 αὐτὸν
555 2933 617 3016 γαρ
633 2932 695 3016 εἶμι
716 2933 770 2998 τὸν
786 2932 937 3016 θανόντα,
953 2937 1010 3001 καὶ
1054 2929 1166 3009 ipsum
1175 2929 1282 3010 jaoeo,
1296 2935 1329 2994 et
1341 2931 1479 3010 indigeo
1492 2934 1631 2996 anxilio.
1645 2971 1686 2979 —
1699 2935 1802 3009 Quasi
1824 2957 1828 2968 ·

260 3044 318 3119 τής
334 3043 392 3119 σής
408 3033 518 3120 δέομαι
534 3034 689 3121 βοηθείας.
704 3076 744 3085 -
757 3035 813 3115 Ὡς
831 3037 1009 3125 ἀθοήθητος
1053 3033 1221 3114 adjutorio
1245 3034 1438 3114 destitutus,
1459 3035 1518 3098 sed
1541 3054 1608 3100 non
1625 3054 1704 3099 vere
1727 3037 1802 3100 sine

261 3141 327 3225 μὲν,
343 3141 381 3204 οὐ
397 3141 459 3225 μήν
475 3139 600 3224 ἀληθῶς
616 3138 804 3225 ἀθοήθητος,
821 3141 863 3218 ὡς
875 3142 938 3206 ἀπὸ
953 3153 1009 3208 τοῦ
1053 3139 1192 3219 auxili0,
1209 3139 1363 3219 utique-a
1384 3141 1493 3218 Patre,
1516 3141 1738 3220 quantumvis
1754 3138 1803 3202 di·

261 3243 395 3329 Πατρὸς,
405 3244 431 3307 εἰ
439 3245 492 3307 καὶ
500 3241 643 3309 εἶπενὉ
652 3244 742 3325 Θεὸς,
756 3245 773 3309 ὁ
785 3245 865 3323 Θεὸς
878 3268 947 3332 μου,
957 3250 1009 3314 ἵνα
1054 3244 1158 3306 norit:
1178 3245 1308 3322 «Deua,
1324 3245 1415 3307 Deus
1432 3261 1538 3323 meua,
1554 3248 1593 3307 ut
1611 3243 1695 3324 quid
1710 3244 1803 3307 dere-

260 3345 1009 3433 attexerent<ae3navoepapa’1aeoneaan
1054 3347 1186 3427 liquisti
1217 3348 1323 3410 met»
1353 3350 1451 3412 Solus
1483 3349 1574 3411 enim
1600 3351 1712 3428 desua,
1740 3347 1805 3411 etsi

260 3451 416 3518 ἀπέθανεν
431 3452 491 3516 ὑπὸ
506 3460 569 3517 τῶν
584 3451 744 3538 ἁμαρτιῶν
758 3462 814 3517 τοῦ
829 3452 919 3536 λαοῦ,
937 3454 1010 3519 ἀλλ’
1054 3455 1210 3515 mortuus
1237 3469 1278 3514 ex
1301 3453 1448 3531 peccatis
1470 3453 1597 3533 populi,
1629 3458 1742 3514 tamen
1766 3453 1803 3514 in

260 3559 293 3624 ἐν
308 3565 429 3642 νεκροῖς
446 3554 539 3641 μόνος
553 3555 595 3640 ήν
610 3555 783 3640 ἐλεύθερος,
800 3557 842 3636 ῶς
858 3557 911 3622 τό·
934 3558 1010 3644 Ἐρ-
1054 3557 1198 3619 mortuis
1218 3561 1292 3619 erat
1313 3557 1407 3633 liber,
1429 3555 1531 3635 juxta
1546 3557 1648 3620 illud:
1675 3557 1803 3619 «Venit

259 3682 353 3747 χεται
367 3661 384 3725 ὁ
400 3663 518 3745 ᾶρχυιν,
534 3660 589 3722 καὶ
611 3660 644 3725 ἐν
666 3661 737 3745 ἐμοὶ
758 3660 884 3746 εὑρήσει
907 3663 1007 3729 οἰιδέν.
1054 3660 1221 3740 ριίοοορε,
1249 3663 1282 3722 et
1308 3660 1343 3722 in
1371 3678 1425 3723 me
1446 3678 1514 3722 non
1530 3661 1682 3722 inveniet
1707 3659 1805 3740 quid·

260 3764 314 3830 Διὸ
329 3766 389 3829 οὐκ
410 3765 493 3850 ἔχων
512 3765 585 3840 τοὺς
607 3772 664 3849 τής
687 3762 842 3849 ἁμαρτίας
865 3767 1008 3854 δεσμοὺς,
1056 3781 1197 3844 quam».
1215 3764 1309 3827 Unde
1333 3782 1400 3828 nou
1415 3765 1543 3829 habens
1566 3766 1705 3827 vincula
1726 3781 1802 3845 peo-

260 3867 334 3932 ῶσεὶ
349 3867 521 3952 ἐλεύθερος,
538 3865 654 3951 ἀνέστη
670 3868 708 3932 ἐκ
723 3871 851 3953 νεκρῶν,
867 3869 1010 3949 ἐξουσίαν
1056 3872 1218 3946 catorum,
1230 3873 1405 3949 tamquam
1418 3869 1513 3948 libor,
1526 3871 1675 3932 surrexit
1686 3887 1706 3930 a
1717 3884 1805 3932 mor-

261 3973 344 4057 ἔχυνν
361 3970 453 4057 μόνος
468 3972 561 4037 πάλιν
577 3969 684 4036 λαθεῖν
699 3972 799 4058 αὐτήν
815 3975 885 4060 [τήν
901 3973 1010 4060 ζωήν].
1055 3973 1135 4051 tuia,
1168 3973 1260 4034 solus
1292 3977 1492 4053 potestatem
1522 3973 1650 4036 habens
1681 3974 1806 4036 iterum

258 4071 297 4139 ‘0
310 4072 498 4160 βουλόμενος
505 4085 597 4140 τοῦτο
606 4075 656 4139 ἐπὶ
666 4085 720 4139 τοῦ
732 4075 880 4161 Σῶτήρος
891 4077 1009 4160 λαθεῖν,
1054 4077 1211 4139 sumendi
1227 4078 1343 4139 vitam.
1361 4078 1425 4152 Qui
1440 4079 1515 4140 vult
1530 4077 1622 4139 hune
1638 4079 1750 4140 locum
1763 4077 1804 4141 de

248 4180 404 4272 νοησάτυι
427 4183 542 4259 οὕτως·
558 4182 585 4246 εἰ
600 4191 661 4259 πᾶς
677 4182 694 4246 ὁ
709 4191 805 4260 ποιῶν
827 4185 886 4268 τήν
909 4184 1010 4270 ἁμαρ·
1057 4182 1229 4244 Salvatore
1242 4181 1404 4262 accipere,
1412 4183 1461 4246 sio
1477 4182 1666 4259 intelligat:
1681 4183 1715 4245 Si
1731 4182 1806 4261 qui-

259 4283 340 4366 τίαν,
357 4283 468 4362 δοῦλός
491 4284 557 4349 ἐστι
571 4293 630 4370 τής
645 4283 811 4370 ἁμαρτίας,
831 4287 848 4351 ὁ
864 4287 900 4351 δὲ
915 4290 1010 4366 αὐτὸς
1054 4287 1106 4349 vis
1121 4289 1297 4366 peecatum
1313 4285 1451 4365 faciens,
1466 4287 1596 4366 peceati
1611 4302 1731 4349 servus
1744 4288 1805 4365 est,

260 4389 633 4474 οὔτοςκαὶνεκρόςὲστι·
649 4391 738 4476 ψυχή
751 4392 813 4476 γὰρ
829 4391 850 4477 ή
868 4393 1009 4478 ἁμαρτά·
1054 4389 1143 4453 idem
1165 4391 1222 4453 ille
1246 4391 1348 4452 etiam
1372 4395 1527 4454 mortuus
1551 4395 1611 4454 est.
1636 4390 1757 4453 Anima
1773 4405 1806 4450 e·

260 4515 367 4575 νουσα,
391 4495 471 4578 αιἰιή
495 4495 550 4558 καὶ
573 4492 786 4559 ἀποθανεῖται.
814 4493 880 4560 Καὶ
904 4497 1010 4576 καλῶς
1054 4493 1125 4556 nim
1149 4510 1225 4574 quae
1248 4500 1374 4574 peceat,
1395 4495 1468 4576 ipsa
1491 4511 1625 4576 quoque
1649 4493 1803 4557 moritur.

261 4597 388 4685 λέγεται
403 4598 420 4662 ὁ
435 4598 548 4684 Σωτήρ
564 4597 598 4663 ἐν
609 4608 731 4682 νεκροῐς
747 4599 826 4664 εἶναι
837 4599 1010 4686 ἐλεύθερος,
1055 4599 1099 4661 Et
1114 4601 1240 4680 optime
1256 4599 1381 4661 dicitur
1396 4601 1550 4662 Salvator
1565 4599 1651 4662 liber
1665 4599 1701 4661 in
1719 4614 1805 4660 mor-

261 4702 416 4790 ἁραρτίαν
430 4705 493 4789 γὰρ
508 4704 567 4767 οὐκ
578 4701 818 4787 ἐποίησεν,οὺδὲ
833 4701 947 4789 εὑρέθη
961 4703 1012 4771 δό·
1054 4703 1134 4781 tuis,
1160 4724 1177 4761 υ
1187 4708 1363 4782 peecatum
1387 4703 1478 4766 enim
1494 4719 1562 4765 non
1585 4701 1675 4781 fecit,
1691 4717 1803 4782 neque

263 4807 318 4886 λος
332 4809 367 4873 ἐν
382 4817 426 4894 τῷ
442 4808 574 4893 στόματι
589 4809 696 4872 αὐτοῦ.
1056 4809 1218 4875 inventus
1234 4809 1336 4871 estin
1351 4825 1408 4871 ore
1426 4807 1500 4888 ejus
1515 4807 1624 4870 dolus.
1640 4825 1657 4864 ν

294 5015 344 5069 Pa.
358 5030 499 5084 nxxxvrr,
509 5032 537 5072 ν.
551 5015 576 5070 3.
590 5014 657 5070 Vnt.
670 5015 696 5070 4.
1054 5014 1098 5070 30.
1112 5030 1123 5071 1
1137 5014 1217 5068 Patr.
1231 5028 1264 5083 ιι,
1277 5013 1320 5068 22.
1337 5011 1477 5080 Quaedam
1489 5011 1519 5066 in
1532 5011 1590 5067 fine
1604 5008 1641 5065 ad
1654 5007 1808 5080 vulgatum

298 5117 325 5157 ν.
338 5101 364 5170 4,
377 5101 402 5156 6.
416 5101 484 5158 Vnt.
494 5101 552 5172 4,ῶ,
563 5100 605 5170 14,
620 5098 661 5154 16.
675 5101 724 5155 Ps.
735 5115 800 5170 xxr,
810 5099 836 5170 2,
847 5099 868 5156 J
869 5117 933 5158 oen.
950 5119 1012 5173 xiv,
1055 5099 1250 5156 Athanasium
1261 5099 1450 5155 transierunt.

2002 1070 2009 1148 l
