4020 6098
798 419 843 480 IN
864 415 1051 481 PSALMOS
1638 411 1696 475 191

156 519 286 606 ληθείας
299 521 361 606 γὰρ
375 517 523 606 γέμουσιν
537 517 567 584 οἱ
582 517 670 604 λόγοι
681 517 788 585 αὐτοῦ.
801 518 905 586 Πύλαι
947 536 1028 601 pore
1044 521 1309 603 pronuntientur
1329 522 1364 581 et
1382 519 1419 581 in
1440 521 1533 582 omni
1555 537 1697 598 genera-

155 623 241 692 Θεοῦ
255 624 289 688 αἱ
303 625 418 702 εἰςτὰς
437 623 552 708 ἀρετόις
575 622 755 710 εἰοαγυγαί.
772 622 828 697 Δεῖ
847 625 903 690 οὖν
948 623 1053 703 tione3
1068 625 1212 687 veritate
1225 623 1316 685 enim
1328 623 1420 703 pleni
1433 626 1514 688 eunt
1524 640 1696 688 sermones

154 733 230 807 τοὺς
244 726 440 816 ἀρχομένους
462 726 670 815 εἰοίρχεσθαι,
687 727 905 815 ἐξομολσγείο-
948 728 1053 791 illiue.
1069 730 1178 791 Portae
1194 726 1255 790 Dei
1271 730 1352 790 sunt
1366 744 1521 791 accessus
1533 728 1576 790 ad
1590 729 1697 792 virtu·

156 833 218 900 θαι.
238 832 446 910 Εἰσελθόντος
468 833 513 916 δὲ,
530 834 599 898 εἶτα
620 831 859 918 προσιόψοντας
873 834 905 900 ό-
949 832 1010 893 tes.
1026 832 1164 912 Oportet
1175 847 1257 910 ergo
1269 847 1325 894 eos
1338 831 1397 912 qui
1409 831 1587 914 incipiunt,
1595 832 1697 896 conli-

157 945 243 1023 μνεῖν
257 940 311 1004 τόν
326 935 418 1004 Θεόν.
433 937 543 1015 Πύλας
564 945 621 1002 τοῦ
638 935 757 1023 Κυρίου
781 939 839 1024 τὴν
855 937 906 1004 ἐπὶ
948 934 1030 1012 teri;
1046 935 1217 1012 ingressos
1232 951 1312 998 vero
1331 933 1403 1013 jam
1425 939 1459 997 et
1479 924 1697 1017 progredien-

155 1047 218 1125 γῆς
230 1038 404 1125 ἐκκλησίαν
426 1060 531 1126 φησιν,
542 1041 581 1107 ἐν
603 1042 624 1125 ό
645 1033 922 1127 ἐξομολογεῖσθαι
948 1043 1010 1119 tes,
1029 1038 1166 1121 hymnis
1180 1039 1289 1101 Deum
1305 1038 1485 1106 celebrare.
1502 1041 1618 1104 Portae
1634 1043 1697 1104 Do-

156 1143 208 1209 δεῖ
219 1141 371 1228 πρότερον
392 1142 640 1230 ἐξαγγέλλοντας
655 1145 697 1209 τόι
717 1142 904 1230 ἀμαρτήμα-
948 1144 1034 1208 mini
1048 1147 1147 1206 vocat
1169 1143 1354 1206 Ecclesiam
1374 1144 1409 1206 in
1430 1143 1509 1207 orbe
1525 1145 1636 1224 sitam,
1660 1146 1697 1209 in

157 1266 209 1330 τα,
224 1246 281 1324 τόις
296 1267 332 1312 τε
354 1247 398 1324 είς
419 1245 505 1333 ἡμᾶς
525 1244 696 1333 γενομένας
716 1246 908 1333 ἀφηγεῖσθαι
952 1261 1020 1328 qua
1040 1244 1193 1309 confiteri
1215 1243 1381 1325 jubentur
1403 1248 1551 1327 primum
1576 1247 1613 1311 hi
1637 1249 1697 1329 qui

158 1348 348 1437 εὐεργεσίας.
364 1350 467 1416 Πύλαι
481 1350 593 1436 σοφίας
605 1349 639 1417 αἱ
653 1350 771 1436 όιρεταί,
784 1351 908 1439 διόγόιρ
953 1354 1091 1433 peccate
1113 1349 1295 1430 declarant,
1318 1350 1439 1414 deinde
1462 1351 1619 1416 enarrare
1630 1354 1703 1418 ‘be-¹

158 1458 262 1522 αὐτῶν
284 1453 491 1542 εἰσερχόμεθα
513 1455 556 1533 εἰς
581 1456 640 1542 τὴν
662 1452 824 1542 βασιλείαν
846 1465 908 1548 τῷν
952 1454 1161 1536 neficiaquae
1175 1455 1374 1536 recepimus.
1399 1456 1507 1519 Portae
1523 1457 1699 1538 sapientire

159 1560 309 1644 οὐρανῶν.
951 1561 1095 1623 virtutes
1113 1560 1204 1638 sunt,
1227 1558 1257 1621 si
1280 1557 1417 1640 quidem
1440 1577 1500 1641 per
1522 1577 1579 1624 eas
1596 1561 1632 1624 in
1649 1579 1703 1626 re·

951 1681 1061 1742 gnum
1076 1664 1239 1726 ooelorum
1254 1661 1510 1727 introducimur.

803 1873 975 1953 Pealmue
1000 1873 1045 1952 0.

202 2108 235 2155 v.
251 2090 282 2154 2·
301 2086 406 2155 Ψαλῶ
428 2088 483 2154 καί
504 2085 618 2154 αἰνέσω
641 2085 675 2153 εν
698 2085 760 2174 ὁδῷ
775 2083 905 2174 &ciro
994 2117 1028 2166 v.
1043 2101 1075 2166 υ.
1097 2099 1247 2168 rsuram
1260 2105 1294 2168 u
1312 2101 1496 2186 ιιαιιιριιι
1509 2103 1547 2168 ει
1567 2104 1623 2170 ια
1637 2103 1697 2170 ινα

158 2191 341 2278 Πότεῆξεῑς
355 2195 433 2278 πρὸς
449 2190 497 2278 με·
522 2195 590 2260 Vct.
609 2193 683 2274 ⁶⁸⁸2
702 2193 740 2264 1·.
954 2205 1128 2273 αιοαιίαίο.
1148 2205 1545 2284 ριιοιιόοοαιίσυαόιιιοί

201 2294 280 2362 Ἐὰν
293 2297 339 2382 ’νὴ
356 2295 390 2362 εν
409 2294 530 2381 &edre
547 2295 633 2382 [ὁδῷ]
656 2291 789 2381 rinvel
802 2315 857 2376 τις,
874 2292 909 2360 εν
987 2311 1059 2374 uisi
1068 2311 1144 2392 quis
1155 2311 1471 2378 ειυαιιυιοιιιια
1481 2310 1589 2392 sistat,
1598 2313 1698 2377 inve

158 2398 257 2487 βουλῇ
274 2396 396 2485 ἇσπῑλφ
411 2401 448 2464 οὐ
464 2397 602 2484 cortou·
619 2400 692 2476 ὅσας
703 2402 765 2486 γὰρ
777 2399 811 2464 ἔν
823 2397 908 2485 &llil-
951 2416 1082 2479 luntate
1102 2432 1189 2496 pura
1208 2431 1276 2478 non
1292 2407 1472 2494 intelliget.
1489 2416 1701 2497 Quicumque
1762 2457 1765 2466 ι

159 2522 208 2590 pq
223 2506 266 2589 pq
285 2501 370 2588 pera
380 2503 452 2589 ὁδῷ,
467 2500 514 2581 εἷς
530 2503 623 2587 mli
639 2504 675 2568 αὖ
688 2501 816 2588 wilm
827 2502 910 2568 τόδε·
952 2521 1043 2583 enim
1058 2536 1126 2584 non
1142 2523 1258 2583 manet
1271 2519 1310 2583 ιἰι
1322 2519 1378 2583 or'o
1392 2509 1611 2601 ιάιιιιαοιιίαίο,
1625 2522 1702 2603 quis

158 2604 655 2700 Πότεῆξειιποὸςνέιαυνίσυ
668 2609 786 2685 οὕτως·
800 2605 906 2695 θνητὴ
954 2625 1030 2700 eser
1044 2625 1094 2687 nn
1111 2625 1283 2704 intelliget
1297 2624 1339 2688 aa
1352 2623 1435 2687 noe:
1452 2624 1581 2700 canu
1596 2625 1704 2692 aanor

159 2713 251 2798 φῦαῑς
267 2713 303 2777 αὖ
319 2711 430 2797 ‘995‘vei
444 2714 523 2796 πρὸς
546 2709 637 2795 θεὸν
653 2711 726 2777 εὗδε
740 2713 802 2798 γὰρ
818 2711 910 2777 ὅῦνα·
952 2726 995 2793 ud
1015 2733 1091 2792 me?
1106 2729 1161 2797 Sic
1183 2747 1298 2793 secum
1314 2728 1523 2792 consideret·
1546 2731 1703 2794 mortalis

160 2814 806 2902 τααΛῑόὃθεόςὲίχεταῑπαὸίταναξεαν·
818 2816 912 2883 Ἒατῑ
958 2836 1018 2896 net
1019 2850 1082 2895 ura
1098 2849 1166 2895 non
1182 2832 1339 2911 graditur
1354 2830 1396 2893 ad
1411 2831 1520 2894 Deum
1522 2848 1706 2912 ,·nequee

158 2921 189 2986 δ’
199 2923 251 2987 ὅτε
268 2923 366 3008 μονὴν
381 2922 451 3006 περὶ
467 2929 511 3007 τῷ
525 2920 655 3006 τοιούτῳ
677 2929 815 2985 ποιεῖται
831 2923 912 3018 μετὰ
956 2937 1027 3000 nim
1044 2937 1145 2998 valet.
1162 2934 1240 2998 Ideo
1255 2936 1345 2998 Deus
1357 2934 1486 2998 accedit
1500 2933 1572 2998 ad
1557 2940 1631 3014 Just
1632 2953 1702 2998 um.

157 3037 215 3092 τοῦ
230 3023 387 3092 συναῑδίαυ
402 3024 544 3090 Υῑαῦ-
562 3021 755 3109 Οείρηαὼς
770 3032 814 3111 τῷ
829 3023 912 3112 Θεῷ·
954 3043 1062 3104 Immo
1084 3043 1123 3104 ut
1150 3038 1352 3121 quandoque
1379 3039 1588 3101 mansionem
1611 3038 1702 3120 apud

159 3127 244 3199 Πότε
259 3131 344 3217 ἣξεις
358 3133 435 3215 πρὸς
452 3151 501 3215 με,
516 3126 586 3194 τίνα
601 3132 655 3194 καὶ
670 3129 755 3195 πόσα
771 3129 909 3216 corpeu-
954 3162 1032 3208 eum
1047 3146 1177 3207 statuat
1191 3160 1269 3206 oum
1284 3146 1448 3206 eoaeurno
1463 3143 1618 3206 ruin-
1636 3141 1705 3218 Qui

160 3256 215 3302 αεν
229 3236 307 3320 πρὸς
322 3235 485 3320 ὑποδοχὴν
500 3234 607 3314 αὐταῦ,
623 3233 804 3320 καταλέγει·
820 3233 912 3321 Πλὴν
953 3249 1022 3312 Deo
1045 3247 1147 3311 dixit:
1175 3245 1304 3324 ραοιιιίο
1325 3248 1434 3311 center
1452 3245 1495 3311 od
1508 3263 1567 3326 me,
1588 3248 1704 3328 qualia

158 3348 252 3403 ταῦτα
268 3334 380 3421 ἶατεαν,
397 3338 446 3401 ὅτε
458 3337 555 3424 χωρίς
577 3334 661 3402 Θεαῧ
683 3340 737 3402 τὸν
751 3337 822 3422 περὶ
836 3358 912 3421 αρα-
955 3356 989 3415 et
1002 3356 1084 3432 quot
1096 3353 1153 3415 ille
1169 3351 1410 3433 praeparaverit
1421 3350 1463 3413 ed
1475 3341 1707 3433 recipiendum

159 3439 245 3520 ναΐας
268 3443 323 3506 καὶ
344 3440 474 3526 κρίσεως
500 3437 595 3525 λαίαν
621 3449 733 3526 νοῆσαί
756 3440 909 3506 αδύνατόν
953 3472 1042 3535 eum,
1054 3458 1215 3518 recenset.
1229 3457 1356 3518 Verum
1368 3454 1402 3517 id
1414 3455 1599 3536 sciendum,
1613 3458 1702 3538 qnod

159 3546 262 3612 ἐστιν·
291 3543 397 3630 διόπερ
423 3545 479 3609 καὶ
501 3545 592 3621 αὒαας
622 3541 810 3630 βουλόμενος
832 3544 909 3630 εφα-
952 3557 1027 3620 sine
1050 3557 1119 3619 Deo
1141 3556 1352 3638 impossibile
1373 3557 1419 3620 sit
1433 3573 1636 3636 cognoscere
1652 3577 1704 3624 ra·

160 3649 280 3735 ψᾶσθαι
293 3658 348 3714 τοῦ
362 3646 459 3733 λόγου
481 3647 601 3728 τουτου,
618 3645 698 3714 Θεὸν
720 3646 815 3712 καλεῖ
831 3651 909 3734 πρὸς
952 3657 1062 3723 'tiones
1077 3660 1297 3740 providentiae
1313 3664 1347 3723 et
1357 3659 1499 3740 judicii:
1525 3662 1649 3726 ideirco
1668 3668 1704 3728 et

161 3750 314 3886 βοηθείας
330 3749 482 3835 recreo,
466 3771 507 3828 ας
519 3752 565 3817 rvr
580 3749 716 3837 μάλιστα
728 3751 909 3838 μακαρίσαι
952 3764 1129 3847 psalmista
1143 3765 1260 3827 volens
1275 3763 1405 3827 hastrut
1406 3765 1500 3829 iones
1518 3767 1700 3848 attingere,

953 3869 1088 3932 invocat
1099 3869 1229 3931 Deum
1220 3886 1255 3930 1n
1268 3869 1437 3932 auxilium
1448 3886 1560 3949 suum,
1574 3875 1613 3933 ut
1599 3871 1702 3934 t·bea

953 3976 1010 4037 tus
1027 3990 1099 4036 esse
1115 3975 1231 4054 queat.

204 4097 237 4141 v.
253 4079 283 4143 5.
298 4072 508 4161 Ὑπερηφίινῳ
523 4076 743 4165 όιρθαλμῷιιαί
758 4075 910 4163 ἀπλήστῳ
998 4095 1030 4140 ν.
1047 4078 1078 4139 5.
1094 4076 1234 4158 Superbo
1255 4077 1344 4142 oculo
1358 4077 1423 4142 et
1408 4081 1499 4144 rarat
1484 4077 1593 4186 tiabili
1615 4078 1707 4145 corde

161 4176 286 4266 καρδίᾳ,
302 4179 401 4262 τουτιρ
417 4181 455 4244 οὐ
470 4179 646 4266 συνήοθιον
954 4199 1026 4248 σανα
1041 4181 1327 4248 Ιιυοιιυιιαίεόοιιι

205 4282 420 4370 Ύπερηφανία
455 4284 540 4351 ἐστὶν
571 4283 698 4414 μίμησις
734 4283 911 4373 μεγαλοψυ-
1000 4287 1165 4368 Superbia
1196 4290 1248 4352 est
1274 4287 1448 4351 simulatio
1478 4290 1706 4367 magnanimi·

162 4386 246 4476 χίας
958 4393 1050 4457 tatis.

194 4601 245 4657 Pr.
260 4601 363 4672 omi.
376 4600 538 4672 veelle.
953 4620 996 4677 ps.
1010 4617 1092 4662 οχον.
1105 4602 1200 4670 Quam
1211 4600 1368 4657 immanem
1378 4600 1514 4656 lacunam
1525 4617 1600 4656 unus
1612 4601 1705 4658 codex

195 4705 224 4747 ν.
235 4687 261 4742 ό.
273 4687 340 4744 Vet.
352 4687 378 4742 4.
391 4687 436 4742 Ec
453 4687 675 4759 qualiacumque
692 4687 851 4744 corrosisse
872 4705 910 4745 ex
953 4689 1158 4758 Ooislinienue,
1171 4705 1238 4743 cnm
1249 4687 1381 4759 disjectis
1391 4687 1494 4744 Grabii
1507 4687 1662 4761 schedulis,
1675 4707 1706 4746 e·

158 4774 320 4831 innumeris
331 4773 412 4828 foliis
423 4772 482 4828 huo
492 4773 563 4828 illuc
575 4773 686 4846 spurcis
695 4773 815 4846 juverit,
829 4775 907 4847 quod
953 4775 1014 4850 pud
1025 4774 1177 4831 Maurinos
1195 4779 1353 4845 utcumque
1369 4773 1511 4847 implevit,
1524 4793 1590 4831 cum
1601 4775 1633 4832 in
1650 4776 1707 4833 hec

159 4879 230 4934 ape.
242 4859 331 4919 ciere
344 4859 462 4916 omnino
475 4859 622 4932 quieverit
634 4859 815 4932 Gallandiue,
828 4863 911 4918 Meu-
954 4862 1031 4918 sarie
1051 4861 1167 4936 prolixe
1184 4860 1398 4932 qoinqneginta
1415 4861 1595 4934 peelmorum
1611 4863 1706 4920 rnnlto

159 4948 218 5004 rini
230 4954 329 5004 autem
339 4947 371 5003 in
382 4953 467 5002 tento
480 4951 578 5002 tractu
589 4964 678 5020 perca
690 4947 871 5020 collegerint,
882 4954 913 5006 et
954 4967 1042 5020 quem
1053 4946 1125 5003 eiibi
1137 4953 1169 5002 et
1180 4952 1269 5002 antea
1280 4945 1431 5002 uberiores
1443 4946 1504 5003 sint
1514 4953 1545 5004 et
1554 4949 1706 5020 graviores

160 5034 238 5107 qnod
250 5033 323 5090 natis
334 5033 501 5106 intelligere
518 5051 640 5106 nequeo,
658 5034 728 5091 silet
744 5037 862 5092 omnino
875 5037 912 5094 0-
954 5035 1049 5092 nostri
1061 5032 1273 5089 commentarii.
1290 5032 1382 5090 Utere
1401 5030 1501 5103 igitur,
1521 5032 1645 5091 candide
1661 5035 1706 5091 le·

159 5123 275 5196 rigenes
293 5121 371 5196 apud
388 5121 559 5178 cordarium
571 5139 590 5177 a
605 5139 650 5194 pe.
670 5138 744 5180 nxvr
763 5139 855 5196 usque
873 5125 912 5192 ed
955 5131 1029 5195 otor,
1042 5126 1072 5178 et
1084 5119 1190 5188 fruere.
