4006 6090
753 493 759 502 ,
839 465 884 529 ιιι
904 467 1093 538 rsarrros
1433 425 1439 453 '
1676 477 1741 540 303

200 601 377 690 ὑπιρθολὴν
392 603 520 690 μεγάλῳ
532 602 700 691 ἀναφέρειν
712 607 817 691 ὕμνον,
830 605 947 690 ἀνθρω-
987 617 1043 672 mo
1062 627 1188 690 manea,
1208 610 1300 691 offer,
1315 613 1526 695 prouidecet
1541 616 1649 682 Deum
1665 623 1735 682 tam

201 727 262 774 πον
277 708 362 773 ὄντα.
986 720 1202 790 magnumst
1216 715 1394 792 ingentem
1409 718 1502 781 ultra
1520 733 1655 783 omnem
1678 739 1741 783 τι·1

327 808 331 818 ’
821 861 823 866 -
989 819 1271 896 aggerationem.¹

241 935 273 980 v.
290 916 355 980 8-5.
371 912 496 982 Αἰνιῖτι
510 914 606 982 αὐτὸν
620 916 655 982 ἀν
668 919 742 1004 ηγμ
756 918 947 1008 κάλπιγγος.
1032 921 1441 987 testamentalia
1461 940 1537 990 ονκν
1558 923 1647 1005 νοῦν,
1665 925 1738 992 ἰνν-

196 1016 442 1084 Αἰντῖττάίιτθν
463 1019 498 1084 ἀν
528 1018 702 1106 ψαλτηρίιμ,
732 1024 788 1086 καί
817 1023 944 1110 κιθάρᾳ,
987 1023 1199 1090 automata
1213 1025 1374 1107 psalterio
1388 1030 1420 1091 el
1441 1027 1589 1108 α’ίΙιιινν,
1608 1029 1739 1094 ίνιιάνῖν

195 1123 310 1189 αἰνεῖτε
325 1122 421 1188 αὐτὸν
437 1123 470 1190 ἐν
479 1127 633 1211 τυμπάνῳ
646 1127 703 1192 καί
717 1128 814 1214 χορῷ,
832 1129 946 1195 alveus
988 1145 1060 1192 τινα
1074 1130 1111 1194 ia
1125 1134 1275 1212 ῖγνιρινιιο
1296 1134 1329 1194 rt
1342 1132 1445 1210 claro,
1464 1130 1594 1197 ῖνκάνῖτ
1615 1149 1686 1196 eura
1701 1135 1739 1198 τ’νι

194 1227 290 1294 αὐτὸν
304 1227 340 1293 rt
354 1228 485 1315 χόρδαις
499 1232 557 1296 καὶ
567 1231 701 1318 ὀργάνῳ.
713 1233 837 1299 Αἰνεῖτε
849 1234 945 1300 αὐτὸν
985 1231 1113 1298 chordis
1128 1239 1159 1299 et
1174 1249 1292 1317 ονμνπο
1299 1259 1313 1313 ,·
1329 1234 1459 1299 laudam
1473 1252 1546 1300 rum
1564 1237 1602 1302 ic
1616 1236 1739 1318 manc

192 1330 228 1397 ἀν
238 1330 410 1418 κυμὸἀλοις
426 1333 563 1420 οῦήχοις,
580 1335 694 1402 αίνσῖτο
709 1336 804 1401 αὐτὸν
815 1345 850 1402 ῖν
863 1359 940 1424 κυμ-
985 1333 1031 1400 tis
1042 1335 1119 1400 θνιιι
1132 1335 1340 1417 sarmaticum
1363 1337 1493 1403 laudato
1507 1355 1579 1405 mn
1597 1341 1636 1404 ιἰι
1650 1359 1743 1422 ομνια--

193 1434 300 1515 θάλοις
315 1437 515 1524 ἀλαλαγμοῦ.
531 1439 628 1506 Πάοα
638 1441 719 1527 πνοὴ
732 1440 879 1509 αἰνίσατο
890 1446 944 1510 τὸν
984 1439 1068 1505 bulis
1082 1440 1303 1520 jubileum.
1329 1442 1440 1506 omnis
1460 1443 1601 1524 spiritrts
1626 1444 1738 1510 ludet

192 1537 320 1625 Κύριον.
984 1546 1167 1610 Buaticum.
1740 1579 1741 1584 ¹

232 1643 327 1709 Ἐστι
341 1646 377 1710 δὲ
391 1649 447 1712 καί
461 1644 567 1732 ίορτη,
583 1645 757 1734 ψαλτήριον
771 1649 807 1714 δὲ
821 1651 877 1714 καὶ
891 1671 937 1715 κι-
1029 1650 1090 1714 Est
1105 1655 1220 1714 autem
1235 1652 1309 1714 tum
1327 1650 1504 1732 festivitas,
1524 1656 1598 1718 tum
1613 1655 1736 1736 psalte·

190 1747 273 1833 θάρα
287 1759 410 1836 πνεῦμα
431 1751 594 1838 καὶψυχὴ
619 1751 810 1836 ντκροιθιῖσα
832 1753 941 1839 μίλισι
986 1754 1086 1832 rium,
1099 1754 1636 1836 tumcitharaspiritusetanima,
1648 1776 1736 1822 mor·

189 1861 253 1930 τοῖς
268 1853 319 1918 ἐπί
333 1863 403 1940 γης,
420 1856 474 1919 καί
489 1855 618 1932 πολλοῖς
632 1858 688 1921 καί
709 1857 864 1943 πνεύματι
882 1857 936 1941 ἀνί,
983 1861 1043 1920 tua
1059 1857 1219 1922 membris
1235 1875 1311 1940 quae
1333 1864 1575 1940 superterram
1591 1866 1681 1939 sunt,
1699 1865 1741 1924 e't·

188 1959 244 2023 καί
257 1959 345 2045 ψυχῇ
370 1967 435 2044 μιᾳ,
458 1961 513 2023 καὶ
536 1959 621 2045 αὐτῷ
645 1961 701 2043 vel,
717 1963 772 2025 καὶ
794 1972 834 2048 τη
854 1964 935 2048 αὐτῇ
983 1960 1074 2024 inter
1089 1963 1214 2026 multos
1233 1963 1362 2044 'quibus
1381 1969 1463 2027 sunt
1485 1965 1626 2045 spiritus
1643 1983 1734 2030 unus

187 2059 316 2146 γνώμη·
330 2062 391 2127 κάν
406 2061 518 2128 πολλοὶ
540 2063 575 2128 δὲ
591 2065 649 2130 dar
669 2066 713 2151 μὴ
738 2077 938 2152 συμφωνοῦν·
985 2066 1144 2130 etan'ima
1156 2083 1235 2146 una,
1252 2070 1398 2130 etmens
1409 2067 1537 2147 eadem,
1549 2069 1734 2151 eademque

187 2186 250 2249 τις,
264 2167 324 2232 οὐκ
337 2165 398 2232 εἰσὶ
411 2166 517 2254 χορός.
533 2205 575 2218 ·-
591 2167 657 2234 Kal
672 2171 689 2234 ὁ
706 2171 762 2256 μὲν
776 2169 938 2256 γλώσσαις
982 2171 1161 2234 sententia.
1177 2171 1321 2234 Etiamsi
1337 2171 1436 2234 multi
1460 2172 1540 2251 sint,
1556 2172 1734 2236 deficiente

187 2277 249 2334 τῦν
264 2269 435 2355 ἀνθρώπων
450 2272 472 2358 η
487 2280 550 2339 τῶν
564 2270 709 2358 ἀγγίλων
724 2271 841 2356 λαλῶν,
857 2272 935 2359 ἀγά·
984 2290 1163 2354 consensu,
1185 2274 1327 2338 chorum
1350 2290 1417 2338 non
1441 2272 1603 2364 efficiunt.
1627 2303 1665 2320 ..
1689 2277 1734 2340 Et

187 2393 252 2458 πην
267 2375 302 2441 δὲ
318 2376 362 2461 μὴ
379 2376 472 2461 ἔχων,
488 2376 610 2462 χαλκός
627 2377 711 2443 ἐστιν
725 2378 816 2465 ηχῦν
826 2379 849 2464 ἡ
860 2378 939 2463 κύμ-
984 2379 1044 2458 qui
1059 2378 1199 2457 linguas
1215 2377 1392 2442 hominum
1404 2378 1458 2442 vel
1472 2380 1676 2458 angelorum
1687 2380 1735 2443 lc-

186 2476 284 2544 ῦαλον
306 2478 480 2559 ἀλαλάζον.
502 2478 540 2546 Ὁ
562 2480 598 2546 tl
620 2483 697 2566 πρὸς
718 2489 788 2560 ταῖς
810 2481 935 2568 ιῖρημά-
983 2482 1112 2564 quitur,
1134 2482 1335 2547 charitatem
1357 2497 1426 2546 non
1448 2482 1587 2563 habens,
1604 2501 1661 2548 aes
1684 2499 1740 2548 so·-

186 2602 255 2660 ναις
267 2582 435 2668 γλώσσαις,
451 2583 581 2670 ἀγάπην
596 2586 690 2671 ἔχων,
705 2583 868 2672 κύμάαλάν
887 2588 940 2653 tc·
982 2603 1067 2650 nans
1081 2589 1117 2650 et
1126 2587 1322 2668 cymbalum
1333 2591 1385 2651 est
1396 2587 1558 2652 tinniens.
1573 2589 1639 2664 Qui
1651 2605 1732 2656 vero

186 2709 234 2755 τιν
249 2689 378 2774 ιῦηγον,
390 2689 442 2754 διὰ
452 2690 511 2774 τὴν
523 2687 624 2755 καλὸν
635 2690 781 2775 ηχοῦσαν
795 2687 935 2776 ἀγάπην,
981 2707 1060 2754 cum
1089 2689 1183 2756 hisce
1214 2691 1345 2770 linguis
1371 2691 1576 2776 ⁸charitatem
1601 2689 1739 2772 jungit,

187 2791 210 2878 η
225 2793 278 2857 διὰ
292 2794 352 2878 την
373 2792 523 2877 γλῶσσαν
544 2793 604 2857 tud
620 2791 748 2878 ἀγάπης
770 2792 940 2879 τρανουμί-
981 2793 1175 2875 ογιιιίικίιιιο
1188 2798 1240 2858 est
1250 2796 1402 2858 suaviter
1414 2812 1587 2875 canorum,
1599 2795 1642 2858 ob
1657 2796 1735 2860 cha-

190 2916 259 2981 νην,
272 2896 409 2982 μάλιστα
424 2897 477 2961 ὅτε
491 2897 761 2984 καίδιιρμηνεάιι,
781 2900 836 2963 καί
851 2897 939 2987 τάχα
981 2898 1115 2961 ritatem
1145 2915 1221 2980 quae
1247 2897 1334 2962 bono
1360 2902 1527 2963 concentu
1556 2905 1665 2979 sonat,
1697 2904 1732 2963 et

189 3001 227 3066 οῦ
242 2999 365 3078 πάντως
381 3003 417 3066 τὸ
434 2999 598 3079 ἀλαλάζον
612 2999 775 3086 κθμθαλον
789 3005 845 3068 καὶ
860 3002 938 3068 ἀλα-
980 2999 1023 3064 ob
1048 3001 1205 3080 linguam
1232 3003 1322 3068 clare
1351 3002 1521 3068 faventem
1551 3003 1731 3070 charitati:

191 3101 320 3189 λαγμοῦ
334 3105 419 3167 ἀοτι·
433 3104 469 3167 τὸ
483 3104 546 3188 γάρ
558 3113 613 3168 τοῦ
628 3103 817 3192 ἀλαλαγμοῦ
831 3114 875 3192 τῷ
886 3129 940 3172 κο,
981 3108 1055 3168 tum
1072 3109 1219 3171 maxime
1236 3124 1342 3189 quum
1358 3125 1454 3171 sacra
1477 3107 1729 3189 interpretatur,

191 3208 246 3291 ρίῳ
262 3206 426 3288 ἀλαλάζει,
442 3207 479 3272 τὸ
494 3207 529 3272 δὲ
544 3205 635 3286 τίλας
650 3207 801 3292 δηλοῦται
816 3210 868 3274 διὰ
881 3219 938 3276 τοῦ
982 3226 1022 3272 ac
1044 3209 1185 3274 fortasse
1208 3209 1248 3272 iit
1271 3215 1309 3275 ut
1332 3212 1470 3274 omnino
1488 3229 1555 3276 non
1576 3214 1622 3276 sit
1643 3229 1735 3297 cym-

189 3311 370 3376 τελουταίου
392 3311 511 3399 στίχου.
528 3309 623 3376 Κατά
644 3332 714 3378 τινα
727 3320 785 3396 της
808 3311 938 3400 Γραρης
982 3313 1099 3377 balum
1116 3315 1267 3378 tinniens
1279 3320 1313 3379 et
1327 3321 1461 3380 tantum
1470 3318 1597 3380 clamor
1608 3317 1733 3396 jubila-

190 3413 356 3500 συνήθειαν
363 3418 512 3494 εὐκτικῖις
524 3414 696 3502 εἰρημένον,
703 3415 745 3494 ὡς
753 3415 938 3504 τάἋγιαο-
984 3417 1097 3480 tionis.
1114 3419 1272 3482 Tinnitus
1285 3420 1376 3482 enim
1389 3420 1424 3482 in
1437 3421 1580 3483 Domino
1598 3419 1735 3500 jubilat,

190 3519 276 3605 θήτιιι
291 3522 327 3585 τὸ
342 3520 443 3607 ἀνομά
455 3540 531 3585 σου·
546 3518 662 3585 ἐλθέτω
677 3517 699 3604 ἡ
712 3516 856 3584 ἀασιλεία
871 3542 938 3603 σου,
982 3522 1110 3585 οίιιιιιοι·
1124 3539 1204 3586 vero
1219 3521 1323 3586 finem
1339 3519 1486 3601 nuntiat,
1505 3528 1545 3586 ut
1560 3524 1595 3586 in
1612 3524 1733 3586 ultimo

190 3624 259 3690 ἀντί
274 3633 348 3688 τοῦ·
371 3623 535 3710 άγιααθείη
552 3624 607 3688 καὶ
621 3621 716 3689 ἔλθοι.
733 3621 799 3688 Καὶ
814 3625 847 3690 ἐν
859 3623 939 3709 ψαλ-
980 3625 1160 3689 versiculo.
1183 3627 1363 3706 Scripturas
1378 3631 1579 3690 consuetum
1599 3633 1651 3692 eat
1665 3643 1736 3690 mo-

191 3740 259 3817 μοῖς
275 3728 368 3816 μυρία
390 3731 456 3795 ἐστὶ
470 3738 610 3810 τοιαῦτα,
629 3726 738 3794 ὁποῖον
753 3731 788 3793 τὸ
804 3728 940 3815 γενηθη-
984 3729 1026 3794 do
1037 3746 1177 3811 precum
1189 3730 1300 3794 dicere
1312 3730 1455 3794 similia:
1471 3731 1733 3796 «Sanctificetur

189 3856 233 3901 τοι
244 3832 266 3918 ἡ
279 3835 350 3912 aaa,
357 3835 458 3900 αὐτῶν
465 3832 578 3910 σκότος
589 3835 644 3897 καί
656 3832 823 3919 ὀλίσθημα.
833 3831 935 3898 Τοῦτο
981 3851 1105 3897 nomeu
1120 3837 1229 3914 tuum,
1246 3833 1405 3898 adveniat
1420 3851 1567 3913 regnum
1582 3839 1683 3898 tuum
1695 3855 1729 3914 ν,

190 3937 225 4004 δὲ
241 3959 354 4026 φαμεν,
371 3938 487 4016 εἰδότες
498 3939 553 4002 καί
565 3937 709 4023 ἀλλαχοῦ
721 3937 883 4023 τηρεῖσθαι
897 3940 939 4004 τά
980 3955 1050 4019 pro:
1069 3939 1221 4000 «utinam
1237 3935 1468 4002 sanctificetur
1481 3944 1515 4003 et
1526 3940 1671 4003 veniat.»
1685 3941 1730 4004 Et

189 4053 320 4108 τοιαῦτα
331 4051 569 4127 προστακτικῶς
580 4041 615 4108 ὲν
626 4051 680 4128 τῷ·
692 4041 860 4127 Γενηθήτω
872 4050 938 4128 φῶς
981 4043 1016 4105 in
1031 4043 1171 4124 psalmis
1186 4048 1347 4106 sexcenta
1362 4042 1395 4106 id
1411 4059 1522 4122 genus
1537 4049 1629 4123 aunt,
1644 4061 1726 4125 qna-

192 4150 246 4212 ιιαί
260 4155 327 4225 τοῖς
348 4145 474 4233 ὁμοίοις.
497 4145 535 4212 Ὁ
551 4147 586 4211 δὲ
601 4144 707 4211 θέλων
722 4144 870 4232 εὐφήμως
884 4149 939 4212 καί
981 4147 1076 4210 liter:
1104 4146 1210 4209 «Fiat
1224 4148 1281 4210 via
1302 4147 1438 4210 illorum
1461 4147 1608 4211 tenebrae
1625 4153 1658 4210 et
1680 4149 1732 4211 lu·

190 4261 290 4317 ταῦτα
305 4250 438 4336 φάσκειν
460 4251 538 4316 εἶναι
560 4251 700 4332 ιάκτικά,
719 4251 786 4335 ἀρεῖ
806 4260 862 4315 τοῦ
878 4271 937 4316 σοι·
980 4251 1155 4316 bricum.»
1181 4251 1219 4314 ld
1236 4251 1372 4333 quidem
1389 4253 1582 4331 asserimus,
1604 4252 1729 4316 conscii

191 4364 286 4440 τηρος
309 4356 386 4421 είναι
416 4358 493 4440 πρὸς
515 4359 569 4420 τὸν
592 4353 724 4439 Πατέρα
745 4355 843 4441 εὐχάς
865 4357 936 4439 περὶ
980 4360 1095 4420 tamen
1111 4358 1145 4419 et
1160 4357 1246 4419 alias
1264 4355 1381 4420 eadem
1397 4357 1502 4420 statui
1520 4357 1729 4437 imperative,

190 4469 248 4547 της
273 4461 489 4547 κοσμοποιίας.
513 4458 618 4525 Ἀλλά
636 4467 702 4536 πῶς
729 4460 822 4544 ὑγιῶς
849 4460 939 4525 ἔσται
981 4465 1038 4524 ut:
1058 4462 1165 4524 «Fiat
1179 4462 1283 4524 Lux»
1301 4463 1335 4523 et
1353 4460 1489 4523 similia.
1512 4462 1546 4524 Si
1563 4461 1639 4543 quis
1662 4478 1733 4523 ma·

190 4565 245 4630 τά·
267 4563 371 4641 Αὐτὸς
393 4564 471 4646 εἰπε,
487 4565 543 4627 καὶ
565 4561 731 4648 ἐγεννήθη·
755 4564 850 4639 αῦτάς
872 4563 937 4628 tve-
981 4566 1086 4629 luerit
1108 4565 1212 4628 etiam
1234 4563 1296 4627 hos
1318 4579 1437 4626 versus
1463 4579 1564 4627 sensu
1590 4580 1730 4645 precum
1823 4627 1827 4636 ,

192 4666 329 4752 τείλατο,
343 4670 400 4733 καί
412 4665 559 4752 ἐκτίσθη,
585 4665 750 4752 Τηρητίον
772 4667 808 4732 δὲ
830 4668 878 4732 ἀτι
899 4670 940 4734 τά
981 4668 1110 4748 audire,
1126 4670 1156 4731 is
1172 4667 1296 4730 dixerit
1315 4669 1498 4730 salvatoris
1521 4684 1594 4731 esse
1610 4669 1733 4731 oratio-

189 4782 299 4859 πρῦια
314 4773 426 4841 είπίον·
442 4773 567 4854 αίντῖτι,
582 4770 625 4850 ὡς
639 4775 718 4857 πρὸς
729 4773 792 4859 ἠδη
809 4772 940 4861 δυνάμτ-
982 4790 1062 4838 nem
1084 4772 1127 4836 ad
1146 4773 1280 4836 Patrem
1304 4771 1433 4835 intuitu
1455 4772 1645 4836 creationis.
1669 4771 1733 4836 Sed

225 4963 592 5034 v.e—5.vat.5,1a.1r0na
605 4962 822 5034 xn,11.1.cor.
835 4981 900 5035 xm,
913 4967 937 5022 1.
980 4961 1061 5031 tiam,
1074 4977 1133 5032 qua
1145 4959 1288 5032 Origenes
1299 4957 1426 5033 pessime
1439 4957 1531 5030 audit,
1543 4975 1648 5032 nempe
1666 4976 1734 5015 cum

188 5051 296 5108 nauh.
321 5065 361 5120 vr,
386 5049 427 5106 10.
452 5049 501 5104 Ρο.
525 5064 631 5120 xxxiv,
659 5048 684 5104 6.
706 5047 778 5106 Gan
791 5049 863 5116 1,θ
887 5050 938 5107 Pa.
981 5042 1499 5118 deletoinilnepeecato,delanrlam
1512 5044 1735 5102 esasininieria
1856 5088 1860 5097 .

190 5153 286 5206 xxm,
309 5138 335 5194 9.
353 5135 431 5194 Cave
449 5153 487 5192 ne
503 5135 609 5192 ultima
625 5135 719 5192 totius
736 5135 939 5194 commentarii
980 5137 1168 5208 peccatorum
1179 5147 1304 5206 poenam
1315 5130 1410 5186 Multa
1421 5147 1481 5187 non
1494 5131 1602 5188 desunt
1611 5132 1648 5190 de
1661 5149 1735 5190 sano

191 5226 285 5283 nostri
306 5223 396 5284 verba
413 5223 446 5282 in
461 5239 631 5297 perversam
650 5221 800 5294 intelligas
822 5227 938 5282 senten·
981 5220 1120 5293 dogmate
1132 5219 1197 5277 loca
1209 5217 1348 5291 Origenis
1359 5218 1525 5293 perspicua.
