3966 6108
293 503 356 566 518
657 499 660 508 ¹
957 497 1168 572 ORIGENES

333 639 555 708 Ἀναστασίου.
566 639 671 708 Ἀλλὰ
681 641 860 725 πλουτοῦσι,
874 643 960 728 φησί,
972 641 1037 710 Βα-
1128 648 1318 710 Aussrrsu.
1342 645 1409 710 Sed
1428 646 1548 728 opibus
1571 646 1764 727 abundent,
1789 649 1852 724 uit,

290 744 435 816 δυλιθνιοι
449 747 504 812 καί
519 745 645 812 πάντων
655 744 916 824 πλεονεκτοῦντες
927 747 1039 833 ἔχουσι
1079 748 1146 812 viri
1158 747 1351 832 Babylonis,
1364 753 1398 814 et
1408 749 1523 812 omnin
1536 751 1572 814 in
1583 752 1769 814 cumulum
1782 750 1854 814 bu-·

289 847 389 935 καλή
416 847 583 916 δυναστεία
609 849 714 928 αυτοῖς
738 849 858 936 γίνεται
883 848 1037 935 πρόσοδος
1080 853 1172 932 bem,
1187 857 1222 916 et
1235 855 1389 935 potentie
1404 854 1602 918 innumerus
1617 855 1687 919 illis
1705 871 1854 937 eompu-

289 953 463 1039 χρημάτων
478 952 613 1034 πολλῶν,
637 951 710 1018 ἀλλ’
721 954 757 1018 ob
783 963 894 1020 τοῦτον
916 955 1038 1041 ἄγαμαι
1080 959 1134 1019 ret
1152 955 1300 1037 divitias,
1328 957 1387 1022 sed
1415 957 1609 1022 istiusmodi
1630 959 1751 1040 legem
1784 975 1854 1049 ego

290 1056 461 1142 eberduno
483 1057 555 1143 ἐγὼ,
579 1056 664 1122 ἀλλὰ
686 1055 806 1142 μαλλον
827 1059 880 1123 τὸν
905 1059 962 1124 σδν
982 1062 1038 1125 τὸν
1080 1075 1148 1124 non
1163 1060 1282 1138 magni
1305 1059 1409 1125 facio:
1426 1061 1495 1124 imo
1518 1061 1630 1140 legem
1645 1063 1744 1124 tunm
1772 1079 1857 1142 quae

190 1203 192 1208 ·
291 1159 388 1226 κελτθ
402 1161 492 1246 [οντα
506 1161 615 1246 νόμον]
632 1162 675 1247 μή
693 1159 822 1226 ἀδικεῖν.
837 1159 929 1246 Ἐμοί
941 1162 1038 1248 γάρή
1081 1164 1210 1226 melum
1236 1163 1347 1228 faeere
1368 1163 1540 1246 prohibet,
1564 1166 1702 1244 melim;
1723 1162 1857 1244 hujus·

293 1275 351 1330 roo
364 1264 505 1331 τοιούτου
528 1264 623 1352 νόμου
639 1264 766 1350 φυλακή
789 1266 846 1329 καὶ
859 1262 882 1348 ή
896 1264 948 1330 διὰ
968 1276 1039 1332 τοῦ·
1081 1267 1173 1330 enim
1186 1269 1242 1332 lex
1260 1267 1414 1332 custodie
1431 1272 1466 1331 et
1480 1267 1596 1348 inopie
1611 1271 1752 1350 propter
1769 1284 1852 1330 eam

288 1388 343 1436 τον
363 1369 468 1435 ἔνδεια
483 1369 600 1447 παντός
615 1368 681 1434 ἐστι
695 1366 834 1433 πλούτου
848 1367 1038 1456 προτιμωτί-
1081 1376 1156 1436 ortu
1176 1372 1272 1452 mibi,
1290 1373 1449 1436 omnibus
1469 1372 1600 1436 divitiis
1616 1372 1856 1454 prestabilior

289 1494 340 1558 ρα.
357 1471 450 1552 Τίνος
465 1474 575 1560 χάριν;
592 1473 714 1559 ἐπάγει·
1081 1481 1142 1540 eet.
1157 1477 1246 1540 cur?
1263 1477 1396 1540 subdit:

332 1597 365 1643 v.
391 1579 442 1644 73.
462 1575 506 1645 Αἱ
526 1576 632 1664 χεῖρές
654 1598 711 1643 σου
733 1577 888 1662 ἐποίησαν
911 1598 960 1663 με,
983 1580 1038 1644 καί
1124 1597 1156 1643 v.
1172 1581 1226 1645 73.
1241 1583 1362 1647 Manus
1380 1580 1605 1663 trajecerunt
1625 1598 1675 1646 me
1695 1581 1853 1664 cifim-

289 1679 433 1747 ίπλασιίν
448 1703 505 1768 με·
528 1681 686 1748 συνέτισόν
709 1704 758 1770 με,
777 1685 834 1748 καί
856 1681 1038 1769 μαθήσομαι
1079 1688 1161 1749 runt
1187 1702 1246 1749 nte.
1264 1686 1318 1750 Do
1336 1685 1419 1752 milri
1438 1685 1646 1765 intellectum,
1664 1689 1697 1751 et
1717 1685 1854 1753 ducam

288 1788 346 1864 τὰς
360 1785 490 1864 ἐντολάς
505 1807 573 1852 σου.
1080 1788 1233 1854 mndata
1248 1794 1317 1854 ίαα.

330 1887 529 1976 Ἱερωνύμου.
546 1889 584 1956 Ὁ
600 1889 681 1969 Θεδς
696 1892 829 1976 οὐρανὸν
843 1891 899 1955 καί
909 1891 972 1978 γήν
982 1893 1039 1956 καὶ
1123 1895 1329 1958 Hmsourur.
1349 1896 1440 1958 Deus
1460 1912 1567 1976 quum
1586 1895 1710 1958 eoelum
1726 1897 1765 1957 et
1781 1896 1853 1956 ter-

289 1994 449 2062 πάντατὰ
464 1997 498 2062 ἐν
513 1995 619 2074 αυτοῖς
635 1995 720 2082 λόγῳ
734 1994 973 2081 δημιουργήσας
984 1998 1038 2062 καὶ
1080 2015 1153 2062 rum
1166 2003 1200 2061 et
1207 1998 1324 2060 omnin
1336 2014 1412 2078 quae
1424 1999 1459 2060 in
1470 1998 1519 2060 eis
1527 1999 1758 2077 eontinentur,
1771 2013 1853 2059 ver·

290 2099 521 2186 προστιίγματι,
545 2100 597 2164 δτε
612 2099 708 2184 ήλθεν
731 2099 782 2164 tui
803 2101 857 2165 τδν
876 2099 1039 2186 ἄνθρωπον
1079 2101 1122 2164 bo
1141 2106 1175 2164 et
1185 2099 1289 2181 jussu
1312 2101 1504 2180 creavisset,
1524 2101 1663 2181 quando
1677 2101 1779 2164 venit
1802 2098 1848 2162 ed

290 2203 387 2269 εἶπεν·
403 2202 591 2290 Ποιήσωμεν
606 2203 769 2289 ἄνθρωπον
787 2203 861 2268 κατ’
870 2203 979 2271 εἰκόνα
999 2203 1037 2290 ή-
1080 2205 1263 2285 hominem,
1276 2205 1377 2269 dixit:
1398 2205 1601 2269 «Faciamus
1615 2203 1850 2270 hominemad

291 2305 426 2398 μετέραν
447 2308 503 2371 καὶ
527 2305 600 2371 καθ’
615 2305 769 2393 ὁμοίωσιν.
794 2345 835 2356 -
859 2305 906 2373 Τὸ
928 2306 1038 2394 μαθεῖν
1079 2309 1268 2387 imaginem
1287 2312 1321 2372 et
1336 2315 1487 2372 nostrum
1507 2309 1785 2373 similitudinem.
1804 2343 1846 2354 —

212 2400 215 2426 ⁸
288 2412 366 2477 αδτό
381 2412 464 2477 ἐστιν
486 2413 523 2476 τδ
538 2409 572 2476 ἐν
587 2411 693 2489 αὐτοῖς
707 2421 899 2496 περιπατεῖν,
916 2413 959 2497 μή
979 2431 1038 2475 κα·
1080 2413 1215 2477 Discere
1233 2413 1403 2493 mundate,
1419 2413 1509 2477 idem
1525 2419 1577 2476 est
1593 2431 1632 2478 ue
1651 2415 1688 2478 in
1704 2416 1756 2477 eis
1772 2430 1849 2476 sm-

148 2573 151 2580 ,
286 2515 328 2582 τὰ
344 2516 459 2602 σάρκα,
475 2515 561 2582 ίιλλδι
574 2518 659 2582 κατὰ
672 2526 807 2603 πνεῦμα.
1078 2517 1206 2597 hulme,
1229 2534 1297 2581 non
1321 2518 1509 2582 seeundum
1535 2535 1684 2599 earnem,
1704 2517 1767 2582 sed
1791 2534 1847 2582 se·

1079 2622 1231 2685 eundum
1247 2621 1418 2703 spiritum.
1494 2689 1496 2692 ,

330 2746 363 2791 v.
381 2727 433 2792 80.
456 2721 625 2810 Γενηθήτω
647 2720 801 2808 ήκαρδία
823 2743 883 2808 μου
906 2723 1036 2810 ἄμωμος
1122 2745 1154 2790 v.
1170 2727 1224 2790 80.
1245 2727 1326 2790 Fiat
1339 2743 1393 2793 cor
1411 2743 1516 2792 metm
1538 2726 1791 2793 immemorum
1805 2727 1845 2790 ία

288 2829 322 2895 δν
345 2839 411 2908 τοῖς
435 2826 623 2915 δικαιώμασί
645 2848 713 2912 σου,
731 2829 815 2905 ὅπως
837 2827 877 2893 ἂν
900 2829 944 2915 μή
969 2831 1036 2894 αίσ-
1077 2829 1370 2914 justificacionibus
1391 2832 1469 2912 tuis,
1487 2836 1527 2897 ut
1547 2849 1601 2916 αμα
1619 2848 1683 2896 non
1704 2830 1845 2916 consun-

285 2933 401 3021 χυνθῶ.
1078 2933 1150 2998 dur.
1948 2997 1949 3025 γ

332 3037 419 3124 Φησὶ
433 3036 502 3102 δὲδ
524 3036 692 3117 nocetne·
713 3033 799 3116 Ἕως
814 3038 872 3124 μὲν
888 3039 952 3124 γὰρ
966 3036 1037 3103 dre·
1123 3039 1347 3108 mensebius
1368 3041 1432 3104 eit:
1453 3042 1621 3117 Quamdiu
1644 3059 1702 3106 eor
1716 3044 1844 3124 imper·

286 3141 346 3230 λής
373 3141 522 3228 τυγχάνει
547 3143 652 3229 πολλή
675 3145 801 3230 φροντίς
822 3145 879 3208 καὶ
905 3141 1034 3229 ἀγωνία,
1078 3142 1203 3208 fectum
1219 3151 1281 3224 est,
1298 3146 1409 3208 multu
1427 3163 1510 3209 euru
1522 3150 1557 3209 et
1570 3129 1732 3225 angustie
1747 3147 1842 3210 labo

287 3245 330 3334 μή
347 3269 378 3312 τι
400 3249 464 3333 ἄρα
479 3249 533 3313 καὶ
548 3246 708 3334 ἀσθενήσῃ
720 3249 776 3312 καὶ
790 3246 904 3333 χείρων
920 3247 1037 3334 ἑαυτῆς
1078 3253 1141 3328 rat,
1156 3265 1200 3312 ne
1215 3248 1299 3312 forte
1316 3248 1461 3314 debilior
1481 3250 1596 3313 enimn
1610 3249 1671 3313 fiet
1686 3254 1720 3314 et
1734 3267 1773 3314 se
1790 3250 1839 3331 ip-

245 3421 250 3430 ,
284 3352 432 3439 γίνηται·
455 3353 507 3418 δτε
522 3352 557 3417 δὲ
573 3353 617 3430 εἰς
634 3353 731 3437 ἄκρον
747 3341 853 3437 φθάση
876 3350 1035 3437 τελειότη-
1077 3369 1115 3416 eu
1129 3352 1284 3416 deterior.
1301 3353 1440 3428 Quando
1455 3358 1570 3417 entem
1582 3354 1734 3418 escendit
1745 3353 1792 3418 nd
1802 3372 1840 3416 u-

285 3477 348 3538 τος,
363 3458 397 3523 ἐν
413 3456 475 3537 ἔξει
490 3456 605 3544 ἀρετῆς
620 3464 818 3538 καταστᾶσα,
834 3455 894 3536 ἔξω
905 3453 1036 3541 γενήσε-
1077 3457 1188 3537 picem
1200 3455 1425 3538 perfeetionis,
1435 3458 1556 3523 habitu
1568 3460 1706 3524 virtutis
1717 3461 1838 3543 potits,

285 3582 338 3627 ται
367 3562 485 3639 παντὸς
511 3559 631 3647 eddon,
662 3559 767 3626 οὐκέτι
792 3558 1037 3647 ἀμριθθιλλουσα
1077 3577 1212 3623 omnem
1244 3567 1340 3625 extra
1362 3563 1518 3627 timorem
1544 3566 1669 3646 evadit,
1691 3567 1836 3630 minime

287 3661 410 3751 μήποτε
427 3666 491 3750 ἄρα
505 3664 732 3751 καταισχυνθῇ.
1078 3664 1181 3727 unxia
1195 3681 1238 3726 ue
1254 3682 1406 3747 unquam
1428 3667 1615 3732 erubescet.

331 3787 363 3834 v.
381 3769 433 3834 81.
449 3765 612 3834 Ἐκλείπει
633 3769 678 3847 εἰς
699 3770 736 3832 τὸ
758 3764 912 3853 σωτήριόν
935 3789 991 3833 σου
1013 3767 1036 3853 ἡ
1123 3787 1154 3832 v.
1170 3769 1223 3832 81.
1239 3769 1368 3852 Deserit
1387 3770 1425 3834 ιἰι
1443 3771 1589 3836 solutore
1611 3777 1703 3837 ῖαααι
1723 3773 1837 3837 neuma

288 3871 377 3958 ψυχή
394 3893 464 3959 μου,
481 3873 527 3950 είς
540 3875 614 3950 τοὺς
628 3871 742 3958 λόγους
756 3892 813 3937 σου
828 3869 999 3956 ἐπήλπισα.
1078 3889 1159 3953 αισα,
1177 3874 1215 3938 s'o
1228 3873 1323 3938 οοαθα
1337 3878 1394 3939 tuo
1407 3877 1644 3957 supersperavi.

329 3973 532 4063 Ἑρμηνεθων
560 3976 596 4041 δὲ
624 3978 660 4041 τὸ
680 3973 843 4061 σωτήριον,
866 3973 1037 4063 εἰσήγαγεν
1122 3977 1161 4039 Iu
1176 3977 1428 4058 interpretando
1443 3979 1585 4044 soluturi
1599 3979 1736 4045 induxit
1746 3983 1831 4046 ver-

288 4081 333 4159 είς
347 4082 402 4144 τὸν
414 4079 518 4164 Λόγον
533 4102 600 4165 σου,
617 4082 671 4146 τδν
685 4079 757 4145 rior
772 4079 852 4144 εῖναι
866 4079 1036 4164 σημαίνων.
1078 4080 1160 4143 bum
1172 4086 1281 4161 tuum,
1294 4081 1419 4146 Filium
1428 4099 1501 4146 esse
1513 4083 1724 4162 significuus.

331 4203 364 4249 v.
382 4188 435 4250 96.
454 4182 596 4250 Πλατεία
611 4185 633 4270 ή
650 4182 762 4269 ἐντολή
778 4205 834 4250 σου
851 4183 982 4269 σφόδρα.
1122 4201 1154 4246 v.
1167 4187 1219 4247 96.
1234 4187 1352 4250 Lotum
1366 4187 1553 4252 materiatum
1564 4194 1657 4254 ῖιιαω
1670 4190 1785 4256 nimie.

331 4286 369 4353 Ὁ
384 4289 447 4374 γὰρ
459 4297 498 4374 τῇ
514 4287 627 4374 ἐντολῇ
638 4279 857 4373 πορευόμενος,
868 4289 923 4353 καί
937 4288 964 4353 εί
978 4290 1037 4375 τήν
1123 4289 1188 4364 Qui
1199 4290 1290 4352 enim
1301 4291 1336 4354 in
1348 4289 1507 4355 mundato
1518 4293 1681 4374 ambulet,
1694 4294 1724 4358 si
1735 4296 1828 4359 vium

286 4395 418 4478 στερνήν
434 4395 490 4458 καί
512 4391 719 4480 τεθλιμμένην
738 4391 849 4475 ὁδεύει,
864 4390 1036 4479 δπειδήπερ
1079 4392 1232 4456 strictum
1247 4398 1282 4458 et
1299 4399 1483 4474 angustam
1498 4399 1601 4476 tenet,
1616 4397 1830 4478 postmodum

318 4634 346 4673 v.
359 4613 509 4672 iuvetis.
522 4615 549 4671 b.
561 4614 618 4670 His
631 4611 706 4670 udde
718 4629 784 4685 qum
797 4611 1036 4688 enprs1i.279in
1077 4613 1319 4671 consuetudinem
1336 4615 1368 4670 in
1389 4613 1454 4671 edd.
1472 4621 1573 4688 aperte
1590 4619 1729 4674 testetur.
1744 4617 1793 4674 Ad
1803 4633 1830 4673 τ.

284 4707 356 4760 ποῖα
367 4707 566 4774 congeruntur
578 4719 616 4758 ex
627 4700 691 4757 eod
703 4700 864 4758 Berberino
877 4701 932 4757 sub
944 4700 1036 4758 nomi-
1078 4701 1114 4758 te
1133 4707 1195 4758 tres
1216 4700 1300 4758 eodd.
1313 4703 1338 4772 5,
1360 4704 1386 4772 9,
1405 4703 1437 4758 11
1457 4702 1586 4759 Eusebio
1606 4703 1742 4760 tribuum
1753 4701 1830 4776 quod

284 4789 372 4846 nibus
384 4789 568 4846 coacervetis
581 4787 727 4860 Origeuis.
745 4787 857 4861 cyrilli,
870 4786 1036 4858 Athanasii,
1078 4787 1233 4844 meoooro
1251 4787 1335 4845 dedit
1351 4787 1516 4858 Gorderius,
1533 4788 1585 4861 qui
1602 4789 1698 4846 eidem
1714 4803 1829 4864 quoque

284 4875 405 4951 Didymi
418 4883 449 4932 et
461 4875 592 4948 Evagrii,
609 4875 715 4948 quibus
728 4874 804 4931 udde
822 4875 1037 4949 Hieronymum
1077 4875 1213 4931 coneedit
1224 4873 1305 4932 edite
1316 4874 1395 4948 epod
1406 4875 1677 4934 Montefnleonium.

282 4979 420 5034 meum,
433 4962 464 5018 in
475 4960 532 5018 heo
544 4961 669 5018 solemni
678 4961 821 5033 allegoria
829 4979 960 5018 αιοκαυαι
970 4962 1033 5031 Dei,
1113 4981 1141 5020 v.
1153 4963 1198 5018 ffl.
1211 4961 1306 5020 Vetio.
1320 4965 1365 5019 16.

282 5064 348 5120 (μετα
360 5065 379 5103 ε
389 5048 586 5104 remotissime
603 5047 693 5106 Olsve
710 5047 904 5104 Melitoniene
920 5047 1035 5105 exordi-
1113 5049 1194 5109 v-8l.
1205 5049 1300 5106 Vatis.
1310 5049 1336 5106 5.
1344 5049 1436 5107 Verbi
1444 5049 1594 5109 inrooetio
1603 5049 1742 5123 frequens
1751 5048 1828 5110 hnud

281 5140 340 5192 tur.
353 5133 504 5192 bebelium
521 5151 592 5193 vero
604 5133 642 5192 eb
660 5133 789 5207 Origene
805 5134 953 5210 proficisci
969 5135 1035 5210 ipse
1077 5133 1223 5192 modicam
1234 5135 1304 5192 huie
1314 5135 1429 5209 psalmo
1442 5135 1619 5210 oigmntm
1630 5136 1754 5198 confert.

282 5221 446 5295 Eusebius,
468 5221 587 5285 nomine
610 5221 750 5297 megisti
773 5221 901 5284 adeunto
924 5227 1033 5298 prester
1113 5241 1141 5281 ν.
1153 5222 1197 5280 96.
1210 5222 1305 5281 Vatis.
1319 5222 1362 5284 m
