4008 6094
815 451 859 514 IN
882 450 1067 514 PSALMOS
1662 448 1704 512 49

206 601 239 644 v.
255 583 284 645 5.
310 578 416 647 Κλινῶ
438 581 482 659 εἰς
504 579 690 668 παραδολὴν
712 585 748 650 τὸ
764 584 818 663 οὖς
841 606 910 671 μου,
1001 606 1033 650 ν.
1060 588 1090 650 5.
1122 585 1286 652 Ioolioodo
1311 587 1349 652 io
1371 585 1561 668 parobolam
1587 603 1707 654 aorem

160 681 271 764 ανοίξυ
287 685 319 750 έν
335 683 500 771 ψαλτηρίῳ
514 687 556 751 τό·
566 685 735 773 πρόῦλημά
748 709 817 774 μου.
954 707 1066 770 meam,
1082 691 1230 772 opertam
1240 691 1278 755 io
1282 691 1443 773 psalterio
1451 691 1704 780 prmoritiouam

954 809 1074 858 αισαπι.

204 889 316 956 Ταῦτα
329 889 364 955 δέ
378 893 433 956 καί
448 891 511 956 άπδ
533 901 595 960 τῶν
615 893 799 961 ἀποστόλων
821 893 911 960 δάνα-
999 897 1078 959 Haeo
1092 913 1173 960 vero
1190 897 1299 960 etiam
1316 897 1359 960 ab
1374 897 1535 978 apostolis
1551 895 1618 960 dioi
1633 911 1707 976 pos·

160 994 231 1060 σθαι
257 993 414 1080 λέγεσθαι.
446 995 637 1082 Παραδολας
663 997 699 1062 δέ
725 997 820 1063 καλεῖ
837 1000 911 1075 τοὺς
956 1005 1046 1065 sunt.
1079 1000 1260 1064 Parabolos
1291 1017 1372 1064 vero
1410 1003 1509 1063 vocat
1537 1015 1708 1063 sermones

159 1098 394 1185 αἰνιγματώδεις
405 1099 528 1186 λόγους.
537 1101 671 1188 Καίγόιρ
687 1103 705 1168 ό
719 1101 834 1187 Κύριος
849 1123 911 1166 πα
962 1107 1145 1184 aenigmate
1168 1105 1350 1168 involutos.
1373 1106 1459 1168 Nam
1482 1108 1516 1166 et
1542 1103 1707 1167 Dominus

159 1203 332 1290 ραόολικιῖις
358 1215 423 1282 τοῐς
453 1205 560 1290 ὄχλοις
585 1205 817 1292 διαλεγόμενος,
846 1215 911 1283 τοῖς
956 1227 1016 1290 per
1030 1207 1274 1272 similitudines
1285 1207 1396 1271 turbis
1411 1209 1555 1286 loeutus,
1568 1207 1703 1288 privata

159 1306 347 1386 ἀποστόλοις
362 1309 434 1372 κατ’
443 1309 531 1375 οίκον
543 1308 662 1375 τούτων
673 1311 731 1387 τάς
743 1308 909 1396 ἑρμηνείας
960 1311 1203 1376 consuetudine
1219 1313 1380 1392 apostolis
1395 1311 1548 1375 tradebat
1564 1311 1701 1374 illarum

158 1409 344 1497 προσέφερε.
360 1411 497 1497 Χριστός
519 1414 582 1497 γάρ
602 1413 685 1480 Θεοῦ
707 1413 835 1500 δύναμις
856 1415 912 1478 καί
961 1417 1267 1498 interpretationes.
1284 1415 1438 1480 Christus
1455 1417 1546 1479 enim
1567 1415 1707 1476 «virtus

159 1515 243 1582 Θεοῦ
265 1513 369 1600 σοφία,
386 1515 495 1601 ἔλεγε·
518 1515 564 1582 Τό
579 1516 682 1602 στόμα
705 1538 764 1603 μου
779 1515 912 1602 λαλησει
958 1524 992 1582 et
1006 1520 1175 1600 sapientia
1187 1520 1259 1600 Dei,
1274 1540 1292 1578 ν
1307 1518 1374 1582 hoo
1386 1517 1490 1582 dixit:
1509 1520 1578 1582 «Os
1594 1534 1709 1580 meum
1846 1596 1851 1615 Ι

159 1616 282 1702 σοφίαν.
300 1618 420 1686 Τοῦτον
434 1621 496 1705 γάρ
507 1618 729 1706 θεολυγυῦντες
743 1631 838 1688 πᾶσιν
852 1621 909 1687 άν-
957 1623 1116 1703 loquetur
1127 1623 1368 1703 sapientiam.»
1383 1623 1427 1685 Hi
1438 1638 1519 1685 vero
1531 1621 1704 1702 Christum

160 1722 296 1808 θρώποις
307 1723 489 1810 ἐκήρυττον,
511 1723 703 1811 ἠκονημένα
721 1726 821 1792 δὲτδν
836 1735 910 1793 νοῦν
959 1726 1068 1789 Deum
1085 1725 1236 1807 professi,
1253 1726 1386 1789 aunotis
1408 1725 1604 1790 hominibus
1627 1741 1706 1789 eum

160 1826 205 1904 ὡς
226 1827 361 1894 συνιέναι
382 1827 487 1908 πάσας
501 1838 557 1895 τοῦ
580 1829 719 1914 Χριστοῦ
733 1831 791 1908 τὰς
807 1849 908 1914 παρα-
958 1830 1173 1894 nuntiabant.
1187 1832 1298 1894 Mente
1310 1834 1486 1894 autemsat
1497 1830 1704 1908 acutierant,

161 1929 260 2009 δολόις
287 1933 342 1997 καί
368 1933 429 2016 πρό
455 1941 512 2018 της
533 1933 630 1998 αὐτοῦ
657 1930 833 2019 ἑρμηνείας.
856 1931 911 1997 Διδ
960 1937 999 1997 ut
1025 1935 1260 2014 intelligerent
1282 1951 1399 1998 omnes
1423 1935 1547 1998 Christi
1569 1933 1708 2015 parabo·

160 2037 244 2122 μετὰ
256 2035 376 2115 ταύτας
391 2036 409 2102 ό
425 2037 481 2122 μὲν
497 2039 603 2123 σιυτηρ
619 2037 727 2123 έλεγε·
743 2034 909 2120 Συνησατε
957 2039 1017 2120 las,
1030 2044 1108 2103 ante
1124 2041 1275 2121 ipsarum
1288 2041 1611 2121 interpretationem.
1624 2039 1706 2102 Ideo

162 2149 267 2206 ταῦτα
281 2141 401 2226 πάντα;
417 2139 446 2206 οἱ
461 2141 496 2204 δέ
507 2139 651 2227 λέγουσιν
668 2142 765 2226 αὐτῷ·
781 2137 854 2206 Ναί.
870 2137 910 2204 Ἥ
959 2144 1013 2208 his
1029 2146 1223 2225 praemissis,
1247 2146 1401 2208 Salvator
1422 2144 1550 2207 aiebat:
1576 2144 1709 2207 «Intel-

159 2242 278 2329 καρδία
299 2243 401 2311 τοίνυν
417 2245 518 2310 αὐτῶν
541 2243 675 2331 ἐμελέτα
698 2241 852 2329 συνησεις,
869 2243 907 2321 ἃς
959 2250 1091 2313 lesistis
1106 2250 1178 2314 haeo
1193 2251 1327 2314 omnia?
1342 2251 1386 2314 nt
1406 2250 1471 2331 ipsi
1485 2235 1704 2331 respondent:

159 2351 292 2434 ἤνοιγον
314 2357 378 2426 τοῖς
395 2351 439 2435 μὴ
462 2347 712 2433 παρακολουθεῖν
728 2345 912 2433 δυναμένοις
957 2356 1049 2416 lta.»
1067 2356 1200 2418 Interea
1211 2370 1268 2417 oor
1280 2369 1397 2416 eorum
1412 2352 1640 2416 meditabatur
1652 2352 1701 2414 in·

162 2454 218 2518 διόι
239 2461 295 2518 τοῦ
311 2462 490 2539 σωματικοῦ
513 2453 660 2538 όργάνου,
683 2461 723 2538 τῇ
747 2448 911 2538 ένοικοόοη
957 2458 1132 2521 tellectum
1158 2459 1383 2537 oraculorum,
1406 2473 1483 2537 quae
1508 2455 1706 2537 aperiebant

163 2559 244 2642 πρός
258 2567 351 2622 τοῦτο
374 2558 592 2635 διακονοῦντος
608 2557 705 2642 ψυχῇ.
731 2555 833 2621 Τοῦτο
847 2557 910 2641 γόιρ
960 2563 1014 2627 his
1030 2563 1090 2644 qui
1105 2563 1220 2626 minus
1236 2562 1373 2642 assequi
1389 2563 1555 2641 poterant,
1566 2577 1626 2640 per
1637 2576 1708 2623 oor-

163 2661 235 2727 άντὶ
251 2657 426 2746 ψαλτηρίου
437 2658 598 2745 παρέλαδε
609 2662 685 2745 πρὸς
700 2661 759 2746 τὴν
774 2661 826 2725 διά
840 2659 910 2725 τοῦ
961 2683 1102 2748 poreum
1130 2681 1299 2744 organum
1322 2665 1428 2728 menti
1456 2665 1492 2727 in
1515 2681 1555 2728 eo
1578 2663 1709 2727 inhabi-

165 2785 230 2831 των
245 2763 335 2831 θείων
358 2767 460 2852 ῦμνιυν
483 2763 681 2849 άνάκρουσιν,
705 2763 842 2830 ἑκάστου
861 2763 913 2851 ρέ-
959 2772 1048 2835 tanti
1075 2771 1273 2834 inserviens.
1297 2771 1368 2833 Hoo
1391 2769 1516 2850 quippe
1539 2783 1709 2846 organum

166 2890 241 2954 ρους
257 2869 503 2954 έπιστημονικῦς
519 2868 553 2934 έν
568 2869 653 2954 αίπῷ
667 2866 861 2955 κινουμένου.
962 2893 1023 2960 pro
1046 2875 1205 2958 psalterio
1221 2875 1414 2955 assumpsit,
1438 2877 1477 2936 ut
1499 2887 1601 2952 super
1624 2869 1710 2933 illud

232 2971 235 2976 ¹
278 2961 280 2966 ,
963 2980 1109 3064 hymnos
1125 2980 1161 3041 in
1176 2978 1339 3040 honorem
1354 2975 1416 3039 Dei
1432 2975 1554 3056 pulset,
1569 2973 1710 3050 singula
1806 3017 1808 3022 -

962 3085 1111 3167 corporis
1126 3083 1278 3147 membra
1293 3083 1376 3145 soite
1391 3096 1541 3144 movens.

210 3203 245 3248 v.
262 3185 292 3248 6.
308 3177 383 3248 Ἵνα
394 3178 424 3247 τί
438 3179 595 3268 ροόοῦμαι
610 3181 643 3247 έν
658 3177 764 3267 ἡμέρᾳ
778 3177 913 3266 φαὸηρᾷ,
1004 3209 1036 3254 ν.
1054 3191 1084 3252 6.
1104 3188 1171 3253 Cor
1182 3183 1293 3250 naulo
1304 3186 1341 3249 io
1355 3183 1406 3249 dia
1417 3184 1529 3248 orado?
1540 3181 1706 3264 Iniquitas

166 3282 323 3372 ἡᾰνονίν
337 3295 395 3370 rit
409 3284 544 3370 πτέρνης
560 3307 619 3372 μου
634 3283 792 3351 κυκλώσει
807 3305 855 3370 με.
960 3292 1105 3360 calcanei
1119 3290 1184 3354 mei
1199 3287 1409 3354 ιπυιπαυῦτι
1429 3303 1489 3351 αι.

210 3388 304 3456 Ἀλλ’
319 3390 388 3454 έκεί
408 3391 451 3476 μὴ
467 3399 601 3454 τοιοῦτοι
622 3389 706 3474 ἦσαν
728 3387 757 3453 οί
776 3389 859 3474 ἅγιοι
880 3388 916 3453 ά·
1006 3394 1233 3461 Verumenim
1245 3409 1325 3456 vero
1337 3409 1445 3472 quum
1458 3392 1506 3454 ita
1517 3406 1584 3452 non
1597 3393 1709 3453 essent

162 3492 324 3576 ττόαταλαῑ,
347 3492 478 3579 ἧττανδ
501 3490 667 3578 limittit
691 3502 792 3558 ταῦτα
814 3491 915 3580 λέγων
961 3502 1070 3567 sancti
1093 3498 1254 3581 apostoli,
1277 3497 1408 3560 scilicet
1434 3499 1473 3558 ut
1495 3494 1537 3585 de
1567 3495 1637 3557 illis
1660 3494 1709 3556 sio

163 3595 246 3660 ὥστε
267 3593 420 3680 λεχθῆναι
441 3597 513 3680 περί
534 3596 654 3663 αὐτῶν·
677 3594 831 3682 ἁμαρτίαν
855 3597 915 3662 οὐκ
961 3608 1122 3688 loquatur
1133 3601 1306 3684 propheta,
1316 3604 1377 3663 aut
1388 3599 1428 3663 de
1441 3599 1509 3662 illis
1521 3597 1708 3678 diciqueat:

164 3697 329 3783 ἐποίησαν,
346 3699 419 3763 οὐδὲ
433 3697 544 3783 εὑρέθη
568 3697 660 3777 δόλος
675 3698 708 3764 έν
723 3707 767 3784 τῷ
783 3699 914 3786 στόματι
965 3713 1175 3774 «Peccatum
1198 3723 1266 3768 non
1289 3703 1453 3783 iecerunt,
1477 3706 1511 3766 et
1525 3702 1623 3765 dolus
1642 3719 1710 3765 non

164 3805 287 3869 αὒτῶτ·
302 3803 386 3881 αῐαὸτ
398 3803 511 3880 αὐτοὺς
525 3800 744 3890 demitti&
755 3804 796 3867 τα
807 3803 912 3870 ταλτα·
962 3818 1015 3878 est
1033 3791 1245 3875 inventusin
1261 3826 1317 3872 ore
1334 3825 1468 3886 eorum3
1482 3826 1499 3865 υ
1517 3805 1710 3869 verosimile

165 3915 244 3973 ταῖα
257 3909 312 3971 καὶ
327 3908 368 3971 τὰ
390 3907 515 3992 ἔσχατα
536 3909 591 3971 καί
605 3909 647 3972 τὰ
670 3905 863 3994 βραχύτατα,
880 3909 916 3972 ἆ-
963 3920 1023 3997 est,
1039 3914 1232 3997 peooavisse
1249 3916 1435 3975 extremam
1451 3926 1568 3973 eorum
1584 3913 1618 3973 et
1632 3908 1713 3971 ulti·

166 4031 228 4095 περ
244 4009 384 4095 εἴρηται·
399 4007 440 4074 Ἥ
456 4007 570 4095 ἀνομία
591 4009 727 4096 πτέρνης
747 4011 849 4077 αὐτῶν
863 4033 918 4076 κυ-
963 4036 1053 4082 mom
1069 4022 1104 4081 et
1125 4017 1303 4080 minimam
1326 4017 1467 4096 portem,
1491 4030 1558 4094 qua
1580 4011 1710 4075 dietum

169 4112 290 4180 αλῶαττ
311 4111 433 4191 αὖταῦτ·
456 4153 497 4162 -
517 4108 564 4179 Ἢ
586 4113 628 4192 ὡς
651 4114 825 4202 Σύμμαχας
847 4113 918 4181 ανα-
964 4127 1030 4187 est:
1050 4121 1244 4202 «Iniquitate
1259 4118 1530 4183 caloaoaieorum
1542 4113 1714 4181 circumde-

169 4217 243 4305 μίατ
266 4215 378 4304 filimi
405 4218 502 4282 αὺτοῦ
532 4217 692 4297 ἐξέδωκαν·
724 4216 827 4285 Οῑαττῑ
856 4220 917 4305 γὰρ
965 4227 1016 4293 dit
1030 4226 1204 4291 eosavel
1221 4229 1261 4287 ut
1276 4221 1381 4286 edidit
1399 4219 1715 4303 Symmachuszini·

165 4323 242 4408 ῑννυ
258 4320 380 4406 ἀδρανῆ
396 4323 452 4385 καί
467 4320 595 4407 ἀμαυρὰ
609 4319 740 4407 ἀνομίας
754 4321 794 4406 ἡν
811 4321 917 4397 aaron
963 4331 1121 4413 quitatem
1141 4327 1352 4409 υιιῦρτυιυιυι
1377 4325 1457 4405 ejas.
1481 4326 1566 4388 Nam
1588 4325 1712 4386 solum-

169 4425 260 4512 μόνα
273 4423 385 4510 Διόπερ
397 4445 502 4510 φησιν·
510 4419 583 4490 Ἰνα
593 4423 623 4490 τί
635 4423 790 4511 φοδσῦμαι
798 4425 830 4490 έν
841 4421 918 4510 ἡμέ·
964 4434 1063 4499 ιιιοόο
1079 4432 1178 4514 quasi
1193 4431 1343 4510 vestigia
1361 4428 1486 4492 debilia
1509 4432 1544 4490 et
1570 4427 1716 4491 obscura

168 4551 210 4616 ρμ
221 4527 341 4616 φοβερᾷ
352 4537 409 4614 της
424 4537 480 4593 τοῦ
493 4527 575 4596 Θεοῦ
589 4525 828 4614 κρίσευςς-Εί
839 4529 875 4593 δέ
885 4529 918 4594 έν
965 4536 1158 4619 iniquitatis
1182 4535 1218 4596 in
1241 4535 1290 4597 eis
1313 4536 1414 4613 stant,
1438 4531 1528 4595 unde
1554 4533 1619 4594 ait:
1650 4532 1717 4597 Coo

168 4633 326 4720 προσώπῳ
341 4643 397 4697 τσῦ
414 4631 542 4718 Κυρίου,
558 4636 595 4697 τό
610 4631 705 4719 λέγον
719 4631 854 4717 πτέρναν
865 4633 919 4698 αδ·
965 4641 1077 4708 timebo
1099 4641 1136 4703 io
1150 4637 1202 4703 dia
1223 4639 1311 4702 υιαίιι
1325 4635 1432 4701 divini
1452 4635 1595 4716 judicii?
1618 4636 1653 4700 Si
1677 4637 1713 4700 in
1768 4643 1770 4646 ’

168 4748 236 4819 τοῦ,
250 4740 348 4822 εῦρεις
363 4738 418 4802 τόν
432 4738 568 4822 ἔσχατον
584 4745 639 4801 τοῦ
656 4736 800 4822 σώματος
811 4739 867 4802 καί
878 4747 918 4824 τῇ
965 4761 1109 4828 persona
1123 4746 1238 4805 autem
1262 4742 1397 4820 Christi,
1413 4740 1524 4804 dietus
1546 4740 1664 4806 estaol
1701 4777 1715 4788 ·

124 4827 127 4836 ’
168 4851 212 4928 γῇ
223 4839 442 4926 πλησιάζοντα
453 4838 585 4906 Ἰούδαν.
598 4839 698 4926 Σῶμα
708 4842 769 4926 γάρ
781 4840 920 4925 Χριστοῦ
964 4867 1044 4916 marr
1058 4849 1140 4929 ejus,
1164 4846 1297 4910 invenis
1312 4863 1385 4909 esse
1403 4845 1624 4908 novissimam
1641 4861 1712 4909 σοι·-

170 4947 200 5012 οἱ
216 4943 395 5011 ἀπόστολοι.
412 4941 460 5009 Οὐ
472 4941 628 5030 φοδοῦμεν
640 4945 695 5011 οὖν
716 4945 775 5030 τὴν
787 4943 921 5031 άνομίαν
966 4954 1057 5038 poris
1072 4951 1145 5032 eJ'us
1167 4955 1308 5032 partem,
1333 4953 1367 5014 et
1389 4966 1465 5029 quae
1487 4952 1585 5012 terrae
1600 4948 1714 5012 vicina

208 5197 235 5238 v.
248 5182 273 5236 6.
287 5181 354 5236 Vat.
367 5181 409 5237 10.
422 5179 466 5237 Ci.
479 5181 500 5238 J
501 5199 565 5238 osu.
579 5181 604 5252 1,
615 5180 658 5237 47.
672 5181 762 5236 Fisld.
778 5199 810 5250 ιι,
824 5183 883 5238 170.

251 5287 401 5332 umacus
420 5288 463 5351 ιιι,
483 5274 512 5331 l.
