3966 6108
838 471 1044 538 EUSEBIUS

806 734 975 812 Psalmis
1001 730 1084 810 LV.

217 1002 248 1047 v.
266 983 296 1064 3,
312 983 343 1047 4.
363 981 602 1067 Κατεπάτησάν
626 1002 664 1069 με
690 980 719 1047 οἱ
738 980 847 1068 ἐχθροί
862 1003 921 1068 μου
966 983 1026 1068 ψος
1053 984 1115 1067 γὰρ
1141 980 1267 1068 ἡμερῶν
1293 983 1351 1068 την
1373 991 1537 1067 παροῦσαν
1562 980 1716 1047 ἐκάλεσεν

173 1085 252 1170 δλην
265 1087 324 1171 την
338 1082 471 1171 ἡμέραν,
487 1083 550 1149 ἀπὸ
566 1086 664 1170 ῦψους
677 1082 799 1171 ἡμέρας
814 1084 883 1150 κτλ
965 1085 1142 1170 εὐπραξίαν,
1159 1087 1218 1171 την
1233 1083 1402 1172 ἐφήμερον,
1419 1087 1477 1171 την
1496 1085 1663 1168 ἐπίκηρον·
1679 1085 1716 1150 οὐ

216 1189 306 1268 Τινές
320 1192 357 1255 td
374 1190 436 1255 ἀπὸ
448 1190 546 1275 ῦψους
557 1197 602 1275 τῷ
613 1188 735 1276 ἡμέρας
747 1189 920 1255 συνάπτου-
963 1191 1026 1276 γὰρ
1042 1188 1152 1277 ἀγνοεῖ
1171 1191 1217 1255 δτι
1233 1191 1291 1254 οὐκ
1313 1191 1354 1275 ην
1369 1191 1472 1256 αὐτῶν
1487 1187 1509 1273 ἡ
1533 1187 1620 1273 πάλη
1638 1191 1715 1274 πρὸς

173 1314 215 1377 σι,
232 1293 286 1358 καὶ
302 1296 400 1372 οὕτως
415 1292 616 1380 ἐξηγοῦνται·
639 1291 722 1360 Odit
738 1293 799 1376 διά,
815 1295 920 1379 φησίν,
965 1295 1045 1379 αίμα
1058 1295 1113 1357 καί
1128 1293 1243 1379 σάρκα,
1257 1293 1341 1360 ἀλλά
1353 1295 1430 1378 πρὸς
1440 1296 1497 1370 τὰς
1510 1293 1623 1378 ἀρχάς,
1639 1293 1716 1376 πράς

172 1398 229 1474 τάς
243 1406 305 1464 τῶν
320 1397 491 1483 ἀνθρώπων
507 1396 685 1484 εὐημερίας,
702 1398 752 1474 αίς
767 1397 922 1483 θαρροῦν·
965 1399 1022 1476 τάς
1037 1397 1178 1478 ἐξουσίας
1201 1398 1270 1464 κτλ.
1286 1397 1426 1474 Ἀκύλας
1445 1396 1480 1461 δέ
1497 1417 1603 1482 φησιν·
1621 1394 1717 1482 Ἡμέ-

170 1521 222 1580 τες
237 1502 290 1567 τδν
304 1500 377 1568 καθ’
387 1501 477 1588 ἡμῶν
494 1501 680 1582 ἀνεδέξαντο
696 1500 844 1587 πόλεμον,
867 1501 922 1565 ἀλ-
966 1523 1023 1586 ρας
1039 1504 1075 1567 οὐ
1091 1501 1322 1588 ροῦηθησομαι,
1346 1503 1367 1586 ᾖ
1391 1502 1431 1566 ἀν
1452 1499 1559 1586 ἡμέρᾳ
1574 1499 1714 1587 ιροθηθῦ,

171 1606 214 1672 λά
243 1607 321 1691 πρδς
350 1608 408 1684 τάς
437 1605 550 1694 ἀρχάς,
581 1609 636 1673 καί
662 1608 702 1672 τά
732 1607 835 1693 δμοια.
869 1603 921 1674 Ὗ·
966 1630 1016 1674 σοι
1031 1607 1177 1674 πέποιθα.

205 1811 255 1867 Pe.
268 1827 314 1881 nv,
331 1829 360 1869 v.
378 1812 404 1884 3,
416 1812 442 1868 4.
455 1811 551 1869 Vatic.
568 1813 593 1867 7.
605 1812 694 1886 Apud
710 1811 846 1883 Field.11,
870 1813 923 1870 134
965 1830 1026 1880 arv.
1043 1831 1108 1886 quea
1120 1812 1239 1886 quidem
1250 1811 1497 1870 Monteialconiue
1508 1809 1649 1882 neglexit,
1662 1809 1720 1866 Iiu-

169 1896 230 1953 alic
239 1902 285 1956 est
295 1897 411 1970 Aquilae
420 1897 634 1971 interpretatio,
644 1916 709 1970 quae
717 1905 821 1954 trunco
833 1904 864 1954 et
873 1899 922 1955 dc·
967 1900 1048 1955 sebio
1066 1907 1166 1956 tamen
1188 1899 1303 1956 ccdicaa
1325 1898 1420 1954 nostri
1438 1897 1540 1954 eadem
1560 1895 1720 1967 vindicant,

168 1989 294 2056 prevete
304 1983 431 2040 videtur.
444 1983 547 2040 Multis
559 1983 652 2055 igitur
664 1985 780 2041 omissio
792 1985 922 2057 paelmis,
966 1985 1019 2041 aed
1030 1985 1062 2040 in
1074 1984 1225 2040 Analectie
1238 1999 1358 2058 prorsus
1369 1983 1539 2040 omittenda.
1554 1984 1602 2040 Ita
1619 1989 1650 2040 at
1668 1982 1720 2038 Di-

170 2068 277 2127 exinde
287 2070 406 2126 nonnisi
414 2071 518 2144 jejune
529 2078 561 2128 et
571 2072 672 2128 tenuia
683 2072 812 2128 frustula
824 2089 923 2128 occur·
967 2071 1055 2145 dymo
1067 2072 1099 2128 in
1108 2091 1136 2128 v.
1147 2073 1183 2126 20
1194 2089 1237 2146 pe.
1249 2088 1288 2128 av
1298 2071 1395 2127 Maiae
1405 2069 1495 2141 dedit,
1504 2087 1570 2141 quta
1580 2070 1675 2128 Vetic.
1687 2070 1721 2125 16

169 2162 245 2227 rent,
253 2173 377 2228 quorum
384 2175 483 2230 ματα
491 2163 608 2215 tantum
618 2159 688 2215 dare
695 2166 743 2215 eet
752 2159 817 2215 erit
824 2161 924 2216 Pauca
967 2157 1095 2214 Eusebio
1115 2157 1261 2231 ascripsit.
1279 2158 1411 2213 Laudem
1431 2157 1505 2213 actia
1516 2155 1616 2212 nobile
1635 2156 1718 2211 echo·

170 2260 236 2315 quae
257 2261 347 2317 sopra
364 2251 441 2316 eunt,
460 2245 569 2318 partim
585 2245 664 2319 apud
682 2243 854 2301 Gorderium
874 2263 924 2302 ex-
967 2244 1048 2314 lium,
1070 2243 1148 2316 qood
1169 2262 1259 2318 euprc
1281 2263 1310 2317 p.
1323 2245 1366 2314 56,
1388 2245 1432 2314 57,
1444 2243 1533 2299 facile
1554 2241 1719 2298 senioribus

170 2333 259 2386 etant.
280 2329 349 2385 Alia
361 2348 426 2402 quae
438 2332 470 2388 in
482 2332 582 2388 codice
594 2332 649 2387 aub
666 2331 787 2388 Eusebii
807 2332 925 2390 nomine
969 2330 1179 2386 Alexandrinis
1194 2330 1390 2400 tribuendum,
1403 2329 1482 2403 apud
1498 2346 1553 2385 noa
1566 2333 1665 2384 tamea
1682 2327 1721 2384 ad

169 2415 924 2490 sequuntar‚1agunturinTheodoretieeholiinilul-
968 2417 1079 2474 calcem
1089 2416 1206 2490 paginae
1217 2416 1368 2490 rejectam,
1381 2416 1492 2472 coerce
1504 2415 1600 2474 Vetic.
1614 2416 1649 2470 10
1661 2414 1719 2471 Iiu-

170 2508 203 2559 te
214 2502 303 2560 etiam
324 2502 481 2560 Gorderiaa
501 2504 595 2562 edidit
611 2504 643 2561 in
663 2522 708 2577 pa.
728 2521 768 2576 cr,
781 2519 834 2576 ιιι,
859 2519 924 2577 nur,
968 2502 1050 2559 sebio
1059 2501 1190 2560 eecribit.
1202 2501 1247 2559 cf.
1261 2519 1350 2575 ευριπ
1361 2502 1469 2577 Ephee.
1484 2519 1524 2573 νι,
1537 2503 1581 2558 12.

805 2719 976 2799 Peoimue
1000 2716 1087 2796 LX.

212 2971 243 3016 v.
262 2953 294 3016 θ.
314 2947 465 3029 Ἐδυιιας
487 2950 701 3039 κληρονομίαν
722 2961 786 3031 τοῖς
809 2950 922 3037 pedec-
1008 2971 1040 3016 v.
1067 2954 1097 3016 6.
1125 2951 1356 3020 Hereditatem
1380 2951 1500 3019 docete·
1528 2951 1717 3019 timcrttriuc

170 3054 273 3140 μένοις
287 3058 324 3122 τὸ
339 3055 441 3142 θνομά
455 3075 522 3122 σου.
548 3061 647 3126 Vaiic.
664 3061 738 3139 660,
754 3060 786 3123 2.
964 3074 1080 3122 ποοαεα
1095 3061 1197 3124 item.

213 3158 376 3242 Edoeiicc,
391 3158 595 3228 Ἀθανασίου.
609 3159 726 3226 Ἰστέον
749 3159 854 3246 μένεα
872 3161 919 3226 δτι
1008 3160 1613 3240 Eosann,Aruinaffl1.Scitointe1-ea
1628 3163 1719 3245 quod

169 3273 270 3328 ταῦτα
285 3264 413 3351 αἴνιγμα
435 3265 513 3351 ἔχει,
528 3265 584 3328 καί
605 3273 664 3349 της
682 3262 820 3348 ἀληθοῦς
841 3264 920 3350 κλη-
964 3263 1012 3327 ibi
1026 3265 1175 3343 enigma
1190 3266 1283 3345 latet,
1302 3269 1336 3328 et
1351 3265 1489 3346 quidem
1502 3266 1544 3330 de
1557 3285 1639 3331 vera
1652 3267 1719 3331 hae-

169 3365 325 3453 ρονομίας·
338 3370 419 3453 αῦτη
432 3367 468 3433 δέ
478 3366 594 3452 ἐστινὴ
607 3368 730 3445 αἰώνιος
744 3366 823 3454 ζυη·
836 3367 920 3434 ἀλλά
964 3367 1116 3431 reditate.
1133 3371 1259 3432 Verum
1277 3370 1337 3433 ille
1353 3375 1404 3432 est
1419 3371 1489 3434 vita
1505 3374 1641 3451 eterna,
1658 3372 1718 3437 aed

170 3472 233 3558 μὴν
248 3473 328 3556 αῦτη
352 3472 445 3556 ἐντῷ
465 3471 609 3558 μέλλοντι
632 3473 719 3538 αίῦνι
740 3469 919 3557 δοθήσεται.
964 3489 1040 3554 quae
1055 3477 1190 3535 tentum
1207 3473 1243 3536 in
1258 3473 1375 3536 futuro
1387 3491 1459 3536 που
1471 3474 1617 3539 debitur.
1631 3477 1715 3551 Quo-

170 3574 242 3653 Πῶς
258 3577 313 3642 οὖν
327 3577 413 3641 εἶπε·
429 3575 586 3660 δέδιυκαςς
610 3577 657 3641 θτι
673 3576 700 3642 εἰ
714 3577 770 3641 καί
785 3575 919 3661 προσδο-
963 3574 1061 3639 modo
1078 3575 1187 3654 igitur
1198 3576 1294 3639 dixit:
1310 3575 1460 3642 Dedisti?
1477 3580 1547 3642 Hoc
1565 3581 1719 3660 estquod

169 3691 265 3748 κᾶται
282 3681 361 3768 μετά
372 3682 430 3766 την
446 3679 628 3762 ἀνάστασιν,
644 3680 728 3747 ἀλλά
742 3703 780 3766 γε
794 3689 838 3766 τῷ
853 3681 918 3768 ηδη
964 3683 1044 3746 licet
1055 3685 1252 3762 expectetur
1264 3686 1341 3764 poet
1356 3685 1647 3764 resurrectionem,
1669 3686 1720 3749 ni·
1790 3725 1797 3732 -

170 3787 368 3874 εὐτρέπισθαι
381 3786 506 3854 δέδοται
517 3794 581 3865 τοῖς
597 3787 697 3872 αὐτὴν
708 3787 794 3851 κατά
808 3789 919 3869 καιρὸν
963 3785 1149 3850 hllominus
1161 3784 1234 3865 jam
1250 3787 1286 3850 in
1298 3786 1392 3850 illiue
1403 3789 1648 3870 preparatione
1661 3788 1715 3852 hie

169 3895 225 3960 τὸν
250 3891 363 3958 δέοντα
389 3889 589 3976 ληψομένοις.
617 3883 701 3974 Ὅρα
726 3889 761 3954 δέ
788 3889 835 3956 δτι
864 3891 920 3955 καί
964 3890 1073 3970 datur,
1089 3890 1149 3971 qui
1162 3907 1236 3953 eam
1249 3891 1285 3953 in
1298 3894 1448 3972 tempore
1461 3897 1651 3972 opportuno
1667 3911 1718 3956 re·

168 4004 233 4074 τοῖς
256 3993 459 4081 ροθουμένοις
475 3997 529 4059 τὸν
552 3994 633 4061 Θεὸν
655 3993 780 4060 δέδοται
798 3991 820 4078 ἡ
843 3993 921 4080 κλη-
965 3997 1097 4078 cepturi
1113 4001 1204 4059 aunt
1222 3999 1267 4060 At
1285 3996 1470 4077 considera,
1487 3996 1561 4061 dari
1577 3997 1718 4062 haeredi·

170 4099 312 4186 ρονομία.
328 4097 367 4164 lii
387 4099 442 4163 οῦν
458 4099 565 4176 αὐτοῖς
588 4097 824 4183 ὑποδεεστέροις
839 4099 918 4181 odor,
963 4104 1068 4164 tatem
1091 4100 1195 4165 etiam
1218 4100 1418 4164 timentibus
1435 4103 1553 4166 Deum.
1572 4105 1607 4167 Si
1630 4121 1715 4182 ergo

170 4203 278 4289 πολλῷ
301 4201 398 4268 πλέον
420 4211 485 4280 τοῖς
508 4201 653 4287 ὑπεράνω
676 4200 854 4289 βεθηκάσιν,
878 4203 920 4268 εί-
963 4204 997 4269 ἱά
1020 4203 1059 4268 flt
1081 4203 1307 4286 inferioribus,
1331 4211 1459 4286 quanto
1482 4208 1594 4286 magis
1618 4226 1717 4289 supe-

171 4327 245 4374 τουν
260 4306 406 4392 ἀγαπῶσι
421 4307 475 4373 τδν
491 4306 582 4373 Θεάν.
596 4306 766 4392 Ἀυρίστιυς
778 4307 813 4372 δέ
826 4307 922 4375 εἰπὼν
966 4308 1039 4372 rius
1064 4309 1335 4388 ascendentibus,
1362 4308 1522 4374 videlicet
1544 4312 1718 4391 diligenti·

171 4419 235 4487 τοῖς
250 4407 465 4496 ροδουμένους,
480 4410 536 4474 καί
550 4411 587 4476 οῦ
601 4411 746 4495 προσθείς
759 4409 924 4491 Ἰουδαίοις
966 4410 1030 4474 bus
1047 4411 1164 4475 Deum.
1181 4413 1266 4475 Cum
1290 4417 1405 4476 autem
1421 4414 1718 4479 indiscriminatim

100 4513 105 4522 '
171 4508 355 4601 ἢἘλλησι,
378 4513 508 4598 ἡπλιυσε
530 4515 589 4599 την
611 4513 705 4600 χάριν
728 4515 780 4580 ἐπί
801 4515 924 4596 πάντας
968 4516 1108 4579 dixerit:
1131 4515 1318 4580 timentibus
1339 4533 1453 4582 κοκιοπ
1475 4521 1578 4598 tecm,
1604 4535 1715 4599 neque

175 4616 375 4703 ἀνθρώπους·
401 4615 539 4703 μάλιστα
553 4616 588 4682 δέ
603 4620 676 4695 τοὺς
691 4617 725 4697 ἐξ
740 4617 835 4687 ἐθνῦν
850 4641 925 4705 προ-
967 4619 1163 4700 apposuerit
1176 4620 1198 4683 J
1201 4618 1324 4700 udaeoe,
1337 4621 1392 4684 vel
1408 4622 1552 4701 Grecos,
1569 4624 1717 4700 gratian

173 4722 297 4798 σιάντας
320 4719 533 4807 μοθουμένους
547 4723 601 4786 τδν
624 4719 742 4806 Κύριον
765 4722 872 4789 εἴωθεν
888 4723 923 4789 ά-
968 4726 1004 4788 in
1016 4740 1132 4788 omnes
1144 4724 1297 4788 homines
1310 4727 1472 4805 extendit,
1486 4731 1559 4790 tum
1571 4729 1719 4792 maxime

173 4823 327 4892 ποκαλεϊν
349 4823 368 4892 δ
389 4823 494 4911 λόγος.
510 4822 595 4890 Ποία
617 4824 653 4889 δέ
673 4821 695 4909 η
712 4825 926 4916 κληρονομίας
971 4827 1102 4910 eosqui
1118 4844 1160 4890 ex
1178 4828 1340 4905 gentibue
1363 4826 1406 4891 ed
1428 4826 1528 4892 fidem
1544 4830 1719 4912 accedunt,

209 5119 260 5177 Pa.
273 5135 322 5188 nx,
334 5135 364 5176 ν.
377 5119 402 5174 6.
413 5115 509 5176 Vetic.
523 5119 565 5175 15.
576 5118 716 5176 Paucain
726 5119 790 5184 edd.
804 5121 928 5180 tranaia·
972 5120 1050 5196 apud
1074 5121 1132 5177 BB.
1151 5119 1261 5178 Nostra
1278 5085 1579 5195 plerumque'desnnt
1600 5125 1722 5200 vulgato

175 5213 253 5276 runt,
265 5204 325 5262 alia
342 5204 451 5262 retinet
472 5203 681 5264 Theodoretue.
695 5206 763 5263 Alia
784 5207 928 5280 Origenes
973 5215 1035 5266 tam
1046 5207 1167 5265 Eusebii
1180 5226 1268 5281 quam
1280 5208 1438 5266 Athanasii
1450 5211 1668 5270 commentario.

256 5315 406 5360 erectori
427 5313 470 5374 ιιι,
492 5299 540 5358 30.
