<?xml version="1.0" encoding="UTF-8"?>
<!DOCTYPE html PUBLIC "-//W3C//DTD XHTML 1.0 Transitional//EN"
    "http://www.w3.org/TR/xhtml1/DTD/xhtml1-transitional.dtd">
<html xmlns="http://www.w3.org/1999/xhtml" xml:lang="en" lang="en">
 <head>
  <title>
</title>
<meta http-equiv="Content-Type" content="text/html;charset=utf-8" />
  <meta name='ocr-system' content='tesseract 3.04.00' />
  <meta name='ocr-capabilities' content='ocr_page ocr_carea ocr_par ocr_line ocrx_word'/>
</head>
<body>
  <div class='ocr_page' id='page_1' title='image "./analectasacrasp00pitrgoog_0058.png"; bbox 0 0 4008 6094; ppageno 0'>
   <div class='ocr_carea' id='block_1_1' title="bbox 797 361 1699 435">
    <p class='ocr_par' dir='ltr' id='par_1_1' title="bbox 797 361 1699 435">
     <span class='ocr_line' id='line_1_1' title="bbox 797 361 1699 435; baseline 0.012 -11"><span class='ocrx_word' id='word_1_1' title='bbox 797 363 842 425; x_wconf 88' lang='lat' dir='ltr'><strong>IN</strong></span> <span class='ocrx_word' id='word_1_2' title='bbox 864 361 1051 427; x_wconf 69' lang='lat' dir='ltr'><strong>Parmos</strong></span> <span class='ocrx_word' id='word_1_3' title='bbox 1657 373 1699 435; x_wconf 88' lang='grc'><strong>45</strong></span> 
     </span>
    </p>
   </div>
   <div class='ocr_carea' id='block_1_2' title="bbox 12 493 1698 802">
    <p class='ocr_par' dir='ltr' id='par_1_2' title="bbox 12 493 1698 802">
     <span class='ocr_line' id='line_1_2' title="bbox 13 493 1698 596; baseline 0.007 -30"><span class='ocrx_word' id='word_1_4' title='bbox 13 541 15 596; x_wconf 57' lang='grc' dir='ltr'><strong>γ</strong></span> <span class='ocrx_word' id='word_1_5' title='bbox 140 501 338 588; x_wconf 82' lang='grc' dir='ltr'><strong>δικαιοσύνη</strong></span> <span class='ocrx_word' id='word_1_6' title='bbox 352 493 531 590; x_wconf 81' lang='grc' dir='ltr'><strong>μαχὸμεθα.</strong></span> <span class='ocrx_word' id='word_1_7' title='bbox 548 501 650 568; x_wconf 84' lang='grc' dir='ltr'><strong>Πάλιν</strong></span> <span class='ocrx_word' id='word_1_8' title='bbox 661 501 830 588; x_wconf 73' lang='grc' dir='ltr'><strong>φεύγοντες</strong></span> <span class='ocrx_word' id='word_1_9' title='bbox 844 503 904 588; x_wconf 73' lang='grc' dir='ltr'><strong>τὴν</strong></span> <span class='ocrx_word' id='word_1_10' title='bbox 947 521 1145 586; x_wconf 79' lang='lat' dir='ltr'><strong>pugnamus</strong></span> <span class='ocrx_word' id='word_1_11' title='bbox 1157 511 1275 570; x_wconf 82' lang='lat' dir='ltr'><strong>eontra</strong></span> <span class='ocrx_word' id='word_1_12' title='bbox 1282 507 1465 589; x_wconf 78' lang='lat' dir='ltr'><strong>justitiam.</strong></span> <span class='ocrx_word' id='word_1_13' title='bbox 1474 516 1603 578; x_wconf 80' lang='lat' dir='ltr'>Rursus</span> <span class='ocrx_word' id='word_1_14' title='bbox 1616 514 1698 578; x_wconf 94' lang='lat' dir='ltr'><strong>dum</strong></span> 
     </span>
     <span class='ocr_line' id='line_1_3' title="bbox 13 604 1696 697; baseline 0.008 -26"><span class='ocrx_word' id='word_1_15' title='bbox 13 608 14 643; x_wconf 66' lang='grc' dir='ltr'><strong>ί</strong></span> <span class='ocrx_word' id='word_1_16' title='bbox 143 605 294 690; x_wconf 78' lang='grc' dir='ltr'>ἀδικίαν,</span> <span class='ocrx_word' id='word_1_17' title='bbox 316 616 356 693; x_wconf 74' lang='grc' dir='ltr'><strong>τῇ</strong></span> <span class='ocrx_word' id='word_1_18' title='bbox 373 606 560 691; x_wconf 78' lang='grc' dir='ltr'><strong>δικαιοσύνη</strong></span> <span class='ocrx_word' id='word_1_19' title='bbox 585 604 855 692; x_wconf 76' lang='grc' dir='ltr'><strong>προσρεῦγυμεν·</strong></span> <span class='ocrx_word' id='word_1_20' title='bbox 877 605 905 670; x_wconf 83' lang='grc' dir='ltr'><strong>εί</strong></span> <span class='ocrx_word' id='word_1_21' title='bbox 948 610 1136 691; x_wconf 79' lang='lat' dir='ltr'><strong>effugimus</strong></span> <span class='ocrx_word' id='word_1_22' title='bbox 1159 610 1375 696; x_wconf 82' lang='lat' dir='ltr'><strong>injustitiam,</strong></span> <span class='ocrx_word' id='word_1_23' title='bbox 1390 618 1631 697; x_wconf 79' lang='lat' dir='ltr'><strong>confugiamus</strong></span> <span class='ocrx_word' id='word_1_24' title='bbox 1653 621 1696 684; x_wconf 90' lang='lat' dir='ltr'><strong>ad</strong></span> 
     </span>
     <span class='ocr_line' id='line_1_4' title="bbox 12 707 1694 802; baseline 0.008 -28"><span class='ocrx_word' id='word_1_25' title='bbox 12 707 13 710; x_wconf 68' lang='grc'>’</span> <span class='ocrx_word' id='word_1_26' title='bbox 142 711 206 796; x_wconf 79' lang='grc' dir='ltr'><strong>μὲν</strong></span> <span class='ocrx_word' id='word_1_27' title='bbox 223 711 264 776; x_wconf 80' lang='grc' dir='ltr'><strong>δὲ</strong></span> <span class='ocrx_word' id='word_1_28' title='bbox 277 710 516 797; x_wconf 82' lang='grc' dir='ltr'><strong>προσρεῦγομεν</strong></span> <span class='ocrx_word' id='word_1_29' title='bbox 534 711 627 795; x_wconf 76' lang='grc' dir='ltr'><strong>αίπῇ,</strong></span> <span class='ocrx_word' id='word_1_30' title='bbox 643 711 813 796; x_wconf 79' lang='grc' dir='ltr'><strong>καταφυγὴ</strong></span> <span class='ocrx_word' id='word_1_31' title='bbox 833 710 901 775; x_wconf 90' lang='grc' dir='ltr'><strong>ὸνο-</strong></span> <span class='ocrx_word' id='word_1_32' title='bbox 943 710 1125 793; x_wconf 80' lang='lat' dir='ltr'><strong>justitiam.</strong></span> <span class='ocrx_word' id='word_1_33' title='bbox 1141 716 1231 778; x_wconf 91' lang='lat' dir='ltr'><strong>Dum</strong></span> <span class='ocrx_word' id='word_1_34' title='bbox 1251 734 1331 781; x_wconf 84' lang='lat' dir='ltr'><strong>vero</strong></span> <span class='ocrx_word' id='word_1_35' title='bbox 1350 718 1580 802; x_wconf 80' lang='lat' dir='ltr'><strong>confugimus,</strong></span> <span class='ocrx_word' id='word_1_36' title='bbox 1596 723 1631 787; x_wconf 90' lang='lat' dir='ltr'><strong>id</strong></span> <span class='ocrx_word' id='word_1_37' title='bbox 1643 741 1694 789; x_wconf 79' lang='lat' dir='ltr'><strong>re-</strong></span> 
     </span>
    </p>
   </div>
   <div class='ocr_carea' id='block_1_3' title="bbox 142 814 1694 1006">
    <p class='ocr_par' dir='ltr' id='par_1_3' title="bbox 142 814 1694 1006">
     <span class='ocr_line' id='line_1_5' title="bbox 142 814 1694 906; baseline 0.003 -23"><span class='ocrx_word' id='word_1_38' title='bbox 142 815 301 902; x_wconf 76' lang='grc' dir='ltr'><strong>μάζεται.</strong></span> <span class='ocrx_word' id='word_1_39' title='bbox 316 815 356 881; x_wconf 82' lang='grc' dir='ltr'><strong>Εἰ</strong></span> <span class='ocrx_word' id='word_1_40' title='bbox 367 816 402 881; x_wconf 80' lang='grc' dir='ltr'><strong>δὲ</strong></span> <span class='ocrx_word' id='word_1_41' title='bbox 414 814 481 902; x_wconf 88' lang='grc' dir='ltr'><strong>μετ’</strong></span> <span class='ocrx_word' id='word_1_42' title='bbox 492 816 573 902; x_wconf 70' lang='grc' dir='ltr'><strong>αὐτῇ</strong></span> <span class='ocrx_word' id='word_1_43' title='bbox 585 815 794 902; x_wconf 78' lang='grc' dir='ltr'><strong>πολεμοῦμεν,</strong></span> <span class='ocrx_word' id='word_1_44' title='bbox 811 814 903 880; x_wconf 74' lang='grc' dir='ltr'><strong>δῦνα</strong></span> <span class='ocrx_word' id='word_1_45' title='bbox 939 814 1079 899; x_wconf 68' lang='lat' dir='ltr'><strong>sugium</strong></span> <span class='ocrx_word' id='word_1_46' title='bbox 1094 821 1245 881; x_wconf 82' lang='lat' dir='ltr'><strong>vocatur.</strong></span> <span class='ocrx_word' id='word_1_47' title='bbox 1261 819 1356 894; x_wconf 88' lang='lat' dir='ltr'><strong>Quod</strong></span> <span class='ocrx_word' id='word_1_48' title='bbox 1374 821 1404 883; x_wconf 92' lang='lat' dir='ltr'><strong>si</strong></span> <span class='ocrx_word' id='word_1_49' title='bbox 1418 839 1498 885; x_wconf 89' lang='lat' dir='ltr'><strong>oum</strong></span> <span class='ocrx_word' id='word_1_50' title='bbox 1510 840 1550 886; x_wconf 86' lang='lat' dir='ltr'><strong>aa</strong></span> <span class='ocrx_word' id='word_1_51' title='bbox 1561 841 1694 906; x_wconf 87' lang='lat' dir='ltr'><strong>pugna·</strong></span> 
     </span>
     <span class='ocr_line' id='line_1_6' title="bbox 143 917 1479 1006; baseline 0.002 -21"><span class='ocrx_word' id='word_1_52' title='bbox 143 941 200 1006; x_wconf 88' lang='grc' dir='ltr'><strong>μιν</strong></span> <span class='ocrx_word' id='word_1_53' title='bbox 217 917 321 1006; x_wconf 83' lang='grc' dir='ltr'><strong>λέγει.</strong></span> <span class='ocrx_word' id='word_1_54' title='bbox 949 937 1036 999; x_wconf 88' lang='lat' dir='ltr'><strong>mus,</strong></span> <span class='ocrx_word' id='word_1_55' title='bbox 1052 920 1116 984; x_wconf 85' lang='lat' dir='ltr'><strong>hoc</strong></span> <span class='ocrx_word' id='word_1_56' title='bbox 1126 921 1282 986; x_wconf 78' lang='lat' dir='ltr'><strong>uirtutem</strong></span> <span class='ocrx_word' id='word_1_57' title='bbox 1299 940 1372 987; x_wconf 85' lang='lat' dir='ltr'><strong>esse</strong></span> <span class='ocrx_word' id='word_1_58' title='bbox 1387 925 1479 989; x_wconf 81' lang='lat' dir='ltr'><strong>dicit.</strong></span> 
     </span>
    </p>
   </div>
   <div class='ocr_carea' id='block_1_4' title="bbox 140 1018 1734 1214">
    <p class='ocr_par' dir='ltr' id='par_1_4' title="bbox 140 1018 1734 1214">
     <span class='ocr_line' id='line_1_7' title="bbox 189 1018 1700 1111; baseline 0.005 -23"><span class='ocrx_word' id='word_1_59' title='bbox 189 1043 225 1088; x_wconf 88' lang='lat' dir='ltr'><strong>v.</strong></span> <span class='ocrx_word' id='word_1_60' title='bbox 245 1026 279 1089; x_wconf 84' lang='lat'><strong>5.</strong></span> <span class='ocrx_word' id='word_1_61' title='bbox 296 1023 362 1089; x_wconf 85' lang='grc' dir='ltr'><strong>Τοῦ</strong></span> <span class='ocrx_word' id='word_1_62' title='bbox 377 1029 522 1108; x_wconf 81' lang='grc' dir='ltr'><strong>ποταμοῦ</strong></span> <span class='ocrx_word' id='word_1_63' title='bbox 536 1023 578 1088; x_wconf 87' lang='grc' dir='ltr'><strong>τὸι</strong></span> <span class='ocrx_word' id='word_1_64' title='bbox 593 1019 763 1109; x_wconf 77' lang='grc' dir='ltr'><strong>ὸρμηματα</strong></span> <span class='ocrx_word' id='word_1_65' title='bbox 779 1018 905 1108; x_wconf 82' lang='grc' dir='ltr'><strong>εῦρραί-</strong></span> <span class='ocrx_word' id='word_1_66' title='bbox 992 1041 1024 1086; x_wconf 88' lang='lat' dir='ltr'><strong>v.</strong></span> <span class='ocrx_word' id='word_1_67' title='bbox 1038 1026 1068 1087; x_wconf 87' lang='lat'><strong>5.</strong></span> <span class='ocrx_word' id='word_1_68' title='bbox 1080 1024 1246 1090; x_wconf 71' lang='lat' dir='ltr'><strong>Flaminis</strong></span> <span class='ocrx_word' id='word_1_69' title='bbox 1258 1026 1397 1106; x_wconf 80' lang='lat' dir='ltr'><strong>impetos</strong></span> <span class='ocrx_word' id='word_1_70' title='bbox 1408 1027 1576 1111; x_wconf 67' lang='grc' dir='ltr'><strong>ίαίίνίσακί</strong></span> <span class='ocrx_word' id='word_1_71' title='bbox 1587 1029 1700 1096; x_wconf 73' lang='lat' dir='ltr'><strong>civito·</strong></span> 
     </span>
     <span class='ocr_line' id='line_1_8' title="bbox 140 1117 1734 1214; baseline 0 -20"><span class='ocrx_word' id='word_1_72' title='bbox 140 1146 237 1194; x_wconf 88' lang='grc' dir='ltr'><strong>νουσι</strong></span> <span class='ocrx_word' id='word_1_73' title='bbox 253 1121 490 1214; x_wconf 64' lang='grc' dir='ltr'><strong>τῆνπὸλιντοῦ</strong></span> <span class='ocrx_word' id='word_1_74' title='bbox 507 1124 599 1194; x_wconf 84' lang='grc' dir='ltr'><strong>Θεοῦ.</strong></span> <span class='ocrx_word' id='word_1_75' title='bbox 950 1131 1099 1196; x_wconf 62' lang='lat' dir='ltr'><strong>omnes.</strong></span> <span class='ocrx_word' id='word_1_76' title='bbox 1717 1117 1734 1142; x_wconf 78' lang='lat'><strong>&#39;¹</strong></span> 
     </span>
    </p>
   </div>
   <div class='ocr_carea' id='block_1_5' title="bbox 142 1227 1700 2654">
    <p class='ocr_par' dir='ltr' id='par_1_5' title="bbox 142 1227 1700 1629">
     <span class='ocr_line' id='line_1_9' title="bbox 191 1227 1700 1318; baseline 0.003 -21"><span class='ocrx_word' id='word_1_77' title='bbox 191 1227 394 1318; x_wconf 81' lang='grc' dir='ltr'><strong>Χαρίσματα</strong></span> <span class='ocrx_word' id='word_1_78' title='bbox 408 1239 464 1295; x_wconf 89' lang='grc' dir='ltr'><strong>τοῦ</strong></span> <span class='ocrx_word' id='word_1_79' title='bbox 479 1227 571 1316; x_wconf 78' lang='grc' dir='ltr'><strong>ἁγίου</strong></span> <span class='ocrx_word' id='word_1_80' title='bbox 585 1229 781 1317; x_wconf 79' lang='grc' dir='ltr'><strong>Πνεῦματος·</strong></span> <span class='ocrx_word' id='word_1_81' title='bbox 800 1229 907 1296; x_wconf 86' lang='grc' dir='ltr'><strong>Ποτα-</strong></span> <span class='ocrx_word' id='word_1_82' title='bbox 994 1236 1082 1298; x_wconf 79' lang='lat' dir='ltr'><strong>Sunt</strong></span> <span class='ocrx_word' id='word_1_83' title='bbox 1096 1233 1184 1297; x_wconf 88' lang='lat' dir='ltr'><strong>dona</strong></span> <span class='ocrx_word' id='word_1_84' title='bbox 1199 1234 1308 1298; x_wconf 78' lang='lat' dir='ltr'><strong>sancti</strong></span> <span class='ocrx_word' id='word_1_85' title='bbox 1324 1236 1480 1316; x_wconf 77' lang='lat' dir='ltr'><strong>Spiritus.</strong></span> <span class='ocrx_word' id='word_1_86' title='bbox 1507 1259 1525 1298; x_wconf 84' lang='grc' dir='ltr'><strong>ι(</strong></span> <span class='ocrx_word' id='word_1_87' title='bbox 1540 1239 1700 1302; x_wconf 81' lang='lat' dir='ltr'><strong>Flumina</strong></span> 
     </span>
     <span class='ocr_line' id='line_1_10' title="bbox 144 1331 1699 1424; baseline 0.004 -24"><span class='ocrx_word' id='word_1_88' title='bbox 144 1337 200 1421; x_wconf 83' lang='grc' dir='ltr'><strong>μοί</strong></span> <span class='ocrx_word' id='word_1_89' title='bbox 210 1335 291 1422; x_wconf 82' lang='grc' dir='ltr'><strong>γὰρ,</strong></span> <span class='ocrx_word' id='word_1_90' title='bbox 305 1335 523 1421; x_wconf 57' lang='lat' dir='ltr'><strong>osclum-og</strong></span> <span class='ocrx_word' id='word_1_91' title='bbox 534 1333 666 1420; x_wconf 77' lang='grc' dir='ltr'>καρδίας</span> <span class='ocrx_word' id='word_1_92' title='bbox 677 1335 775 1400; x_wconf 86' lang='grc' dir='ltr'><strong>αὐτοῦ</strong></span> <span class='ocrx_word' id='word_1_93' title='bbox 784 1331 907 1420; x_wconf 74' lang='grc' dir='ltr'><strong>ῥέουσιν</strong></span> <span class='ocrx_word' id='word_1_94' title='bbox 952 1337 1053 1418; x_wconf 86' lang='lat' dir='ltr'><strong>enim,</strong></span> <span class='ocrx_word' id='word_1_95' title='bbox 1070 1338 1193 1418; x_wconf 84' lang='lat' dir='ltr'><strong>inquit,</strong></span> <span class='ocrx_word' id='word_1_96' title='bbox 1210 1336 1319 1402; x_wconf 84' lang='lat' dir='ltr'><strong>fluent</strong></span> <span class='ocrx_word' id='word_1_97' title='bbox 1334 1357 1376 1401; x_wconf 86' lang='lat' dir='ltr'><strong>ex</strong></span> <span class='ocrx_word' id='word_1_98' title='bbox 1390 1340 1490 1404; x_wconf 88' lang='lat' dir='ltr'><strong>oorda</strong></span> <span class='ocrx_word' id='word_1_99' title='bbox 1510 1340 1584 1421; x_wconf 88' lang='lat' dir='ltr'><strong>ejus</strong></span> <span class='ocrx_word' id='word_1_100' title='bbox 1600 1359 1699 1424; x_wconf 86' lang='lat' dir='ltr'><strong>aquae</strong></span> 
     </span>
     <span class='ocr_line' id='line_1_11' title="bbox 142 1437 1697 1526; baseline 0.002 -20"><span class='ocrx_word' id='word_1_101' title='bbox 142 1439 269 1517; x_wconf 84' lang='grc' dir='ltr'><strong>ὕδατος</strong></span> <span class='ocrx_word' id='word_1_102' title='bbox 291 1438 418 1519; x_wconf 79' lang='grc' dir='ltr'><strong>ζῶντος.</strong></span> <span class='ocrx_word' id='word_1_103' title='bbox 439 1437 558 1526; x_wconf 83' lang='grc' dir='ltr'><strong>Ἔλεγε</strong></span> <span class='ocrx_word' id='word_1_104' title='bbox 580 1440 616 1506; x_wconf 80' lang='grc' dir='ltr'><strong>δὲ</strong></span> <span class='ocrx_word' id='word_1_105' title='bbox 637 1441 709 1525; x_wconf 88' lang='grc' dir='ltr'><strong>περί</strong></span> <span class='ocrx_word' id='word_1_106' title='bbox 730 1447 787 1505; x_wconf 89' lang='grc' dir='ltr'><strong>τοῦ</strong></span> <span class='ocrx_word' id='word_1_107' title='bbox 809 1438 908 1506; x_wconf 74' lang='lat' dir='ltr'><strong>lluto-</strong></span> <span class='ocrx_word' id='word_1_108' title='bbox 950 1441 1048 1505; x_wconf 81' lang='lat' dir='ltr'><strong>vivae.</strong></span> <span class='ocrx_word' id='word_1_109' title='bbox 1060 1441 1454 1523; x_wconf 84' lang='lat' dir='ltr'><strong>Loquebaturautamde</strong></span> <span class='ocrx_word' id='word_1_110' title='bbox 1469 1445 1600 1525; x_wconf 81' lang='lat' dir='ltr'><strong>Spiritu</strong></span> <span class='ocrx_word' id='word_1_111' title='bbox 1616 1447 1697 1510; x_wconf 87' lang='lat' dir='ltr'><strong>San·</strong></span> 
     </span>
     <span class='ocr_line' id='line_1_12' title="bbox 144 1549 1451 1629; baseline -0.002 -21"><span class='ocrx_word' id='word_1_112' title='bbox 144 1563 265 1629; x_wconf 87' lang='grc' dir='ltr'><strong>μοιτσς.</strong></span> <span class='ocrx_word' id='word_1_113' title='bbox 952 1549 1046 1610; x_wconf 78' lang='lat' dir='ltr'><strong>ato.»</strong></span> <span class='ocrx_word' id='word_1_114' title='bbox 1450 1619 1451 1622; x_wconf 10' lang='grc' dir='ltr'><strong>γ</strong></span> 
     </span>
    </p>

    <p class='ocr_par' dir='ltr' id='par_1_6' title="bbox 191 1633 1612 1736">
     <span class='ocr_line' id='line_1_13' title="bbox 191 1633 1612 1736; baseline 0.001 -21"><span class='ocrx_word' id='word_1_115' title='bbox 191 1670 228 1716; x_wconf 85' lang='lat' dir='ltr'><strong>v.</strong></span> <span class='ocrx_word' id='word_1_116' title='bbox 257 1651 290 1716; x_wconf 89' lang='lat'><strong>8.</strong></span> <span class='ocrx_word' id='word_1_117' title='bbox 313 1647 429 1734; x_wconf 78' lang='grc' dir='ltr'><strong>Κύριος</strong></span> <span class='ocrx_word' id='word_1_118' title='bbox 455 1655 518 1715; x_wconf 80' lang='grc' dir='ltr'><strong>τῶν</strong></span> <span class='ocrx_word' id='word_1_119' title='bbox 540 1646 706 1736; x_wconf 74' lang='grc' dir='ltr'><strong>δυνάμεως</strong></span> <span class='ocrx_word' id='word_1_120' title='bbox 729 1644 908 1736; x_wconf 78' lang='grc' dir='ltr'><strong>μεθ’ἠμῦν.</strong></span> <span class='ocrx_word' id='word_1_121' title='bbox 958 1633 961 1644; x_wconf 73' lang='lat'>&#39;</span> <span class='ocrx_word' id='word_1_122' title='bbox 996 1666 1028 1712; x_wconf 85' lang='lat' dir='ltr'><strong>v.</strong></span> <span class='ocrx_word' id='word_1_123' title='bbox 1044 1651 1076 1714; x_wconf 89' lang='lat'><strong>8.</strong></span> <span class='ocrx_word' id='word_1_124' title='bbox 1091 1649 1251 1715; x_wconf 68' lang='lat' dir='ltr'><strong>Dominam</strong></span> <span class='ocrx_word' id='word_1_125' title='bbox 1264 1649 1425 1715; x_wconf 78' lang='lat' dir='ltr'><strong>uirtutum</strong></span> <span class='ocrx_word' id='word_1_126' title='bbox 1439 1649 1612 1718; x_wconf 67' lang='lat' dir='ltr'><strong>uobiscum.</strong></span> 
     </span>
    </p>

    <p class='ocr_par' dir='ltr' id='par_1_7' title="bbox 145 1751 1699 2571">
     <span class='ocr_line' id='line_1_14' title="bbox 191 1751 1699 1840; baseline 0.003 -22"><span class='ocrx_word' id='word_1_127' title='bbox 191 1751 265 1818; x_wconf 82' lang='grc' dir='ltr'><strong>Καί</strong></span> <span class='ocrx_word' id='word_1_128' title='bbox 290 1751 309 1818; x_wconf 87' lang='grc' dir='ltr'><strong>ὸ</strong></span> <span class='ocrx_word' id='word_1_129' title='bbox 330 1751 446 1838; x_wconf 82' lang='grc' dir='ltr'><strong>Κύριος</strong></span> <span class='ocrx_word' id='word_1_130' title='bbox 468 1752 502 1818; x_wconf 78' lang='grc' dir='ltr'><strong>ὸν</strong></span> <span class='ocrx_word' id='word_1_131' title='bbox 523 1761 590 1831; x_wconf 82' lang='grc' dir='ltr'><strong>τοῖς</strong></span> <span class='ocrx_word' id='word_1_132' title='bbox 612 1752 706 1838; x_wconf 78' lang='grc' dir='ltr'><strong>ἱεροῖς</strong></span> <span class='ocrx_word' id='word_1_133' title='bbox 721 1751 908 1832; x_wconf 82' lang='grc' dir='ltr'><strong>ἀποστόλοις</strong></span> <span class='ocrx_word' id='word_1_134' title='bbox 995 1753 1040 1816; x_wconf 83' lang='lat' dir='ltr'><strong>Et</strong></span> <span class='ocrx_word' id='word_1_135' title='bbox 1062 1754 1133 1834; x_wconf 88' lang='lat' dir='ltr'><strong>ipsa</strong></span> <span class='ocrx_word' id='word_1_136' title='bbox 1148 1755 1314 1819; x_wconf 86' lang='lat' dir='ltr'><strong>Dominus</strong></span> <span class='ocrx_word' id='word_1_137' title='bbox 1329 1755 1435 1820; x_wconf 83' lang='lat' dir='ltr'><strong>sooria</strong></span> <span class='ocrx_word' id='word_1_138' title='bbox 1450 1758 1610 1836; x_wconf 81' lang='lat' dir='ltr'><strong>apostolia</strong></span> <span class='ocrx_word' id='word_1_139' title='bbox 1629 1759 1699 1840; x_wconf 86' lang='lat' dir='ltr'><strong>pol-</strong></span> 
     </span>
     <span class='ocr_line' id='line_1_15' title="bbox 145 1853 1691 1946; baseline -0.003 -22"><span class='ocrx_word' id='word_1_140' title='bbox 145 1855 335 1946; x_wconf 72' lang='grc' dir='ltr'><strong>ὓπέσχεςο·</strong></span> <span class='ocrx_word' id='word_1_141' title='bbox 356 1854 439 1923; x_wconf 83' lang='grc' dir='ltr'><strong>Ἰὸοῦ</strong></span> <span class='ocrx_word' id='word_1_142' title='bbox 460 1855 523 1943; x_wconf 77' lang='grc' dir='ltr'><strong>ἐγὼ</strong></span> <span class='ocrx_word' id='word_1_143' title='bbox 540 1856 608 1946; x_wconf 84' lang='grc' dir='ltr'><strong>μεθ’</strong></span> <span class='ocrx_word' id='word_1_144' title='bbox 626 1858 711 1944; x_wconf 85' lang='grc' dir='ltr'><strong>ῦμῦν</strong></span> <span class='ocrx_word' id='word_1_145' title='bbox 733 1855 805 1943; x_wconf 84' lang='grc' dir='ltr'><strong>εἰμί.</strong></span> <span class='ocrx_word' id='word_1_146' title='bbox 822 1853 907 1922; x_wconf 92' lang='grc' dir='ltr'><strong>Καί·</strong></span> <span class='ocrx_word' id='word_1_147' title='bbox 950 1855 1132 1922; x_wconf 83' lang='lat' dir='ltr'><strong>licebotur:</strong></span> <span class='ocrx_word' id='word_1_148' title='bbox 1150 1860 1268 1923; x_wconf 77' lang='lat' dir='ltr'><strong>«Eoos</strong></span> <span class='ocrx_word' id='word_1_149' title='bbox 1283 1875 1349 1938; x_wconf 84' lang='lat' dir='ltr'><strong>ago</strong></span> <span class='ocrx_word' id='word_1_150' title='bbox 1371 1859 1549 1923; x_wconf 84' lang='lat' dir='ltr'><strong>vobiscum</strong></span> <span class='ocrx_word' id='word_1_151' title='bbox 1570 1879 1691 1924; x_wconf 82' lang='lat' dir='ltr'><strong>sum.»</strong></span> 
     </span>
     <span class='ocr_line' id='line_1_16' title="bbox 146 1957 1694 2049; baseline 0.001 -20"><span class='ocrx_word' id='word_1_152' title='bbox 146 1957 261 2029; x_wconf 83' lang='grc' dir='ltr'><strong>Ὀπου</strong></span> <span class='ocrx_word' id='word_1_153' title='bbox 285 1961 341 2028; x_wconf 82' lang='grc' dir='ltr'><strong>δύο</strong></span> <span class='ocrx_word' id='word_1_154' title='bbox 364 1963 386 2049; x_wconf 77' lang='grc' dir='ltr'><strong>ἦ</strong></span> <span class='ocrx_word' id='word_1_155' title='bbox 410 1970 493 2048; x_wconf 85' lang='grc' dir='ltr'><strong>τρεῖς</strong></span> <span class='ocrx_word' id='word_1_156' title='bbox 516 1962 575 2028; x_wconf 87' lang='grc' dir='ltr'><strong>εἰσι</strong></span> <span class='ocrx_word' id='word_1_157' title='bbox 597 1961 785 2049; x_wconf 70' lang='grc' dir='ltr'><strong>συνηγμένοι</strong></span> <span class='ocrx_word' id='word_1_158' title='bbox 805 1961 849 2039; x_wconf 86' lang='grc' dir='ltr'><strong>είς</strong></span> <span class='ocrx_word' id='word_1_159' title='bbox 870 1964 907 2027; x_wconf 91' lang='grc' dir='ltr'><strong>τὸ</strong></span> <span class='ocrx_word' id='word_1_160' title='bbox 951 1963 1011 2026; x_wconf 86' lang='lat' dir='ltr'><strong>Et:</strong></span> <span class='ocrx_word' id='word_1_161' title='bbox 1029 1961 1126 2027; x_wconf 74' lang='lat' dir='ltr'><strong>«ubi</strong></span> <span class='ocrx_word' id='word_1_162' title='bbox 1140 1963 1208 2028; x_wconf 88' lang='lat' dir='ltr'><strong>duo</strong></span> <span class='ocrx_word' id='word_1_163' title='bbox 1223 1965 1279 2027; x_wconf 84' lang='lat' dir='ltr'><strong>vel</strong></span> <span class='ocrx_word' id='word_1_164' title='bbox 1293 1968 1363 2028; x_wconf 85' lang='lat' dir='ltr'><strong>tres</strong></span> <span class='ocrx_word' id='word_1_165' title='bbox 1386 1967 1643 2043; x_wconf 78' lang='lat' dir='ltr'><strong>congregantur</strong></span> <span class='ocrx_word' id='word_1_166' title='bbox 1657 1966 1694 2030; x_wconf 88' lang='lat' dir='ltr'><strong>in</strong></span> 
     </span>
     <span class='ocr_line' id='line_1_17' title="bbox 146 2065 1695 2153; baseline -0.001 -21"><span class='ocrx_word' id='word_1_167' title='bbox 146 2067 228 2153; x_wconf 78' lang='grc' dir='ltr'><strong>ἐμὸν</strong></span> <span class='ocrx_word' id='word_1_168' title='bbox 242 2067 356 2152; x_wconf 77' lang='grc' dir='ltr'><strong>ὄνομα,</strong></span> <span class='ocrx_word' id='word_1_169' title='bbox 368 2065 434 2153; x_wconf 76' lang='grc' dir='ltr'><strong>ἐγώ</strong></span> <span class='ocrx_word' id='word_1_170' title='bbox 445 2065 506 2152; x_wconf 86' lang='grc' dir='ltr'><strong>εἰμι</strong></span> <span class='ocrx_word' id='word_1_171' title='bbox 520 2066 606 2153; x_wconf 85' lang='grc' dir='ltr'><strong>μίσιρ</strong></span> <span class='ocrx_word' id='word_1_172' title='bbox 613 2068 669 2132; x_wconf 77' lang='grc' dir='ltr'><strong>σὺν</strong></span> <span class='ocrx_word' id='word_1_173' title='bbox 678 2067 793 2145; x_wconf 81' lang='grc' dir='ltr'><strong>αὐτοῖς.</strong></span> <span class='ocrx_word' id='word_1_174' title='bbox 805 2065 907 2132; x_wconf 80' lang='grc' dir='ltr'><strong>Πάλιν</strong></span> <span class='ocrx_word' id='word_1_175' title='bbox 951 2067 1089 2131; x_wconf 88' lang='lat' dir='ltr'><strong>nomina</strong></span> <span class='ocrx_word' id='word_1_176' title='bbox 1104 2085 1190 2148; x_wconf 89' lang='lat' dir='ltr'><strong>meo,</strong></span> <span class='ocrx_word' id='word_1_177' title='bbox 1205 2067 1254 2132; x_wconf 88' lang='lat' dir='ltr'><strong>ibi</strong></span> <span class='ocrx_word' id='word_1_178' title='bbox 1268 2086 1346 2132; x_wconf 89' lang='lat' dir='ltr'><strong>sum</strong></span> <span class='ocrx_word' id='word_1_179' title='bbox 1361 2068 1397 2131; x_wconf 94' lang='lat' dir='ltr'><strong>in</strong></span> <span class='ocrx_word' id='word_1_180' title='bbox 1412 2067 1523 2132; x_wconf 82' lang='lat' dir='ltr'><strong>madio</strong></span> <span class='ocrx_word' id='word_1_181' title='bbox 1539 2085 1695 2132; x_wconf 83' lang='lat' dir='ltr'><strong>eorum.»</strong></span> 
     </span>
     <span class='ocr_line' id='line_1_18' title="bbox 146 2167 1697 2258; baseline 0.001 -23"><span class='ocrx_word' id='word_1_182' title='bbox 146 2167 273 2255; x_wconf 82' lang='grc' dir='ltr'><strong>Κύριος</strong></span> <span class='ocrx_word' id='word_1_183' title='bbox 289 2169 307 2236; x_wconf 90' lang='grc' dir='ltr'><strong>ὸ</strong></span> <span class='ocrx_word' id='word_1_184' title='bbox 322 2168 402 2248; x_wconf 83' lang='grc' dir='ltr'><strong>Θεὸς</strong></span> <span class='ocrx_word' id='word_1_185' title='bbox 417 2177 478 2237; x_wconf 80' lang='grc' dir='ltr'><strong>τῶν</strong></span> <span class='ocrx_word' id='word_1_186' title='bbox 493 2169 654 2258; x_wconf 79' lang='grc' dir='ltr'><strong>δυνάμεων</strong></span> <span class='ocrx_word' id='word_1_187' title='bbox 667 2168 845 2258; x_wconf 76' lang='grc' dir='ltr'><strong>μεθ’ἡμῦν,</strong></span> <span class='ocrx_word' id='word_1_188' title='bbox 861 2171 904 2251; x_wconf 81' lang='grc' dir='ltr'><strong>ὡς</strong></span> <span class='ocrx_word' id='word_1_189' title='bbox 950 2175 1095 2236; x_wconf 82' lang='lat' dir='ltr'><strong>Rursus:</strong></span> <span class='ocrx_word' id='word_1_190' title='bbox 1114 2172 1310 2236; x_wconf 74' lang='lat' dir='ltr'><strong>«Dominus</strong></span> <span class='ocrx_word' id='word_1_191' title='bbox 1333 2173 1503 2237; x_wconf 82' lang='lat' dir='ltr'><strong>virtutum</strong></span> <span class='ocrx_word' id='word_1_192' title='bbox 1518 2173 1697 2238; x_wconf 81' lang='lat' dir='ltr'><strong>nobiscum</strong></span> 
     </span>
     <span class='ocr_line' id='line_1_19' title="bbox 146 2271 1698 2362; baseline 0.004 -25"><span class='ocrx_word' id='word_1_193' title='bbox 146 2273 245 2340; x_wconf 77' lang='grc' dir='ltr'><strong>οὐδὲν</strong></span> <span class='ocrx_word' id='word_1_194' title='bbox 261 2271 409 2360; x_wconf 80' lang='grc' dir='ltr'><strong>πέσωμεν</strong></span> <span class='ocrx_word' id='word_1_195' title='bbox 424 2273 500 2361; x_wconf 88' lang='grc' dir='ltr'><strong>παρ’</strong></span> <span class='ocrx_word' id='word_1_196' title='bbox 511 2275 617 2340; x_wconf 79' lang='grc' dir='ltr'><strong>αὐτοῦ.</strong></span> <span class='ocrx_word' id='word_1_197' title='bbox 630 2274 670 2341; x_wconf 87' lang='grc' dir='ltr'><strong>Εἰ</strong></span> <span class='ocrx_word' id='word_1_198' title='bbox 681 2275 743 2362; x_wconf 83' lang='grc' dir='ltr'><strong>γὸρ</strong></span> <span class='ocrx_word' id='word_1_199' title='bbox 754 2273 835 2353; x_wconf 83' lang='grc' dir='ltr'><strong>Θεὸς</strong></span> <span class='ocrx_word' id='word_1_200' title='bbox 850 2274 904 2362; x_wconf 80' lang='grc' dir='ltr'><strong>ὑφ’</strong></span> <span class='ocrx_word' id='word_1_201' title='bbox 948 2281 1035 2357; x_wconf 79' lang='lat' dir='ltr'><strong>est,»</strong></span> <span class='ocrx_word' id='word_1_202' title='bbox 1053 2281 1093 2341; x_wconf 87' lang='lat' dir='ltr'><strong>ut</strong></span> <span class='ocrx_word' id='word_1_203' title='bbox 1103 2276 1146 2340; x_wconf 91' lang='lat' dir='ltr'><strong>ab</strong></span> <span class='ocrx_word' id='word_1_204' title='bbox 1157 2277 1230 2358; x_wconf 85' lang='lat' dir='ltr'><strong>ipso</strong></span> <span class='ocrx_word' id='word_1_205' title='bbox 1246 2277 1386 2341; x_wconf 86' lang='lat' dir='ltr'><strong>minime</strong></span> <span class='ocrx_word' id='word_1_206' title='bbox 1398 2277 1569 2342; x_wconf 80' lang='lat' dir='ltr'><strong>cadamus.</strong></span> <span class='ocrx_word' id='word_1_207' title='bbox 1591 2279 1650 2342; x_wconf 81' lang='lat' dir='ltr'><strong>«Si</strong></span> <span class='ocrx_word' id='word_1_208' title='bbox 1665 2296 1698 2343; x_wconf 83' lang='lat' dir='ltr'><strong>o·</strong></span> 
     </span>
     <span class='ocr_line' id='line_1_20' title="bbox 148 2375 1694 2467; baseline -0.001 -23"><span class='ocrx_word' id='word_1_209' title='bbox 148 2376 257 2464; x_wconf 78' lang='grc' dir='ltr'><strong>ήμῦν,</strong></span> <span class='ocrx_word' id='word_1_210' title='bbox 288 2375 335 2456; x_wconf 85' lang='grc' dir='ltr'><strong>τίς</strong></span> <span class='ocrx_word' id='word_1_211' title='bbox 363 2378 437 2444; x_wconf 89' lang='grc' dir='ltr'><strong>καθ’</strong></span> <span class='ocrx_word' id='word_1_212' title='bbox 462 2376 573 2465; x_wconf 79' lang='grc' dir='ltr'><strong>ἡμῦν;</strong></span> <span class='ocrx_word' id='word_1_213' title='bbox 604 2379 698 2457; x_wconf 86' lang='grc' dir='ltr'><strong>αὐτὸς</strong></span> <span class='ocrx_word' id='word_1_214' title='bbox 727 2378 902 2467; x_wconf 76' lang='grc' dir='ltr'><strong>πολεμήσει</strong></span> <span class='ocrx_word' id='word_1_215' title='bbox 946 2383 1018 2447; x_wconf 86' lang='lat' dir='ltr'><strong>nim</strong></span> <span class='ocrx_word' id='word_1_216' title='bbox 1033 2382 1125 2446; x_wconf 86' lang='lat' dir='ltr'><strong>Deus</strong></span> <span class='ocrx_word' id='word_1_217' title='bbox 1146 2397 1207 2463; x_wconf 91' lang='lat' dir='ltr'><strong>pro</strong></span> <span class='ocrx_word' id='word_1_218' title='bbox 1225 2380 1333 2461; x_wconf 86' lang='lat' dir='ltr'><strong>nobis,</strong></span> <span class='ocrx_word' id='word_1_219' title='bbox 1349 2382 1426 2462; x_wconf 86' lang='lat' dir='ltr'><strong>quis</strong></span> <span class='ocrx_word' id='word_1_220' title='bbox 1442 2385 1560 2445; x_wconf 83' lang='lat' dir='ltr'><strong>contra</strong></span> <span class='ocrx_word' id='word_1_221' title='bbox 1582 2383 1694 2446; x_wconf 63' lang='lat' dir='ltr'><strong>nour»</strong></span> 
     </span>
     <span class='ocr_line' id='line_1_21' title="bbox 147 2480 1698 2571; baseline 0.001 -23"><span class='ocrx_word' id='word_1_222' title='bbox 147 2481 320 2570; x_wconf 76' lang='grc' dir='ltr'><strong>ὑφ’ἡμῶν,</strong></span> <span class='ocrx_word' id='word_1_223' title='bbox 336 2480 428 2570; x_wconf 76' lang='grc' dir='ltr'><strong>ἡμεῖς</strong></span> <span class='ocrx_word' id='word_1_224' title='bbox 443 2483 478 2548; x_wconf 80' lang='grc' dir='ltr'><strong>δὲ</strong></span> <span class='ocrx_word' id='word_1_225' title='bbox 492 2483 722 2571; x_wconf 75' lang='grc' dir='ltr'><strong>ἡσυχάσομεν.</strong></span> <span class='ocrx_word' id='word_1_226' title='bbox 947 2486 1019 2566; x_wconf 86' lang='lat' dir='ltr'><strong>ipso</strong></span> <span class='ocrx_word' id='word_1_227' title='bbox 1034 2502 1094 2566; x_wconf 92' lang='lat' dir='ltr'><strong>pro</strong></span> <span class='ocrx_word' id='word_1_228' title='bbox 1119 2484 1216 2548; x_wconf 83' lang='lat' dir='ltr'><strong>nobis</strong></span> <span class='ocrx_word' id='word_1_229' title='bbox 1238 2484 1393 2566; x_wconf 80' lang='lat' dir='ltr'><strong>certabit,</strong></span> <span class='ocrx_word' id='word_1_230' title='bbox 1415 2502 1476 2550; x_wconf 86' lang='lat' dir='ltr'><strong>nos</strong></span> <span class='ocrx_word' id='word_1_231' title='bbox 1499 2503 1579 2550; x_wconf 87' lang='lat' dir='ltr'><strong>vero</strong></span> <span class='ocrx_word' id='word_1_232' title='bbox 1602 2487 1698 2567; x_wconf 87' lang='lat' dir='ltr'><strong>quie·</strong></span> 
     </span>
    </p>

    <p class='ocr_par' dir='ltr' id='par_1_8' title="bbox 947 2607 1092 2654">
     <span class='ocr_line' id='line_1_22' title="bbox 947 2607 1092 2654; baseline -0.007 0"><span class='ocrx_word' id='word_1_233' title='bbox 947 2607 1092 2654; x_wconf 81' lang='lat' dir='ltr'><strong>scamus.</strong></span> 
     </span>
    </p>
   </div>
   <div class='ocr_carea' id='block_1_6' title="bbox 181 2725 1196 2888">
    <p class='ocr_par' dir='ltr' id='par_1_9' title="bbox 181 2725 1196 2888">
     <span class='ocr_line' id='line_1_23' title="bbox 182 2725 615 2798; baseline -0.002 -15"><span class='ocrx_word' id='word_1_234' title='bbox 182 2743 213 2784; x_wconf 85' lang='lat' dir='ltr'><strong>v.</strong></span> <span class='ocrx_word' id='word_1_235' title='bbox 226 2727 254 2782; x_wconf 81' lang='lat'><strong>5.</strong></span> <span class='ocrx_word' id='word_1_236' title='bbox 268 2726 337 2783; x_wconf 69' lang='lat' dir='ltr'><strong>Vat.</strong></span> <span class='ocrx_word' id='word_1_237' title='bbox 351 2726 394 2782; x_wconf 85' lang='grc'><strong>14.</strong></span> <span class='ocrx_word' id='word_1_238' title='bbox 406 2725 493 2784; x_wconf 86' lang='lat' dir='ltr'><strong>Joan.</strong></span> <span class='ocrx_word' id='word_1_239' title='bbox 506 2743 561 2798; x_wconf 78' lang='lat' dir='ltr'><strong>vu,</strong></span> <span class='ocrx_word' id='word_1_240' title='bbox 571 2727 615 2783; x_wconf 81' lang='grc'><strong>38.</strong></span> 
     </span>
     <span class='ocr_line' id='line_1_24' title="bbox 181 2814 1196 2888; baseline -0.004 -14"><span class='ocrx_word' id='word_1_241' title='bbox 181 2828 212 2874; x_wconf 79' lang='lat' dir='ltr'><strong>v.</strong></span> <span class='ocrx_word' id='word_1_242' title='bbox 224 2817 254 2873; x_wconf 74' lang='grc' dir='ltr'><strong>Θ</strong></span> <span class='ocrx_word' id='word_1_243' title='bbox 267 2816 337 2874; x_wconf 73' lang='lat' dir='ltr'><strong>Vsu</strong></span> <span class='ocrx_word' id='word_1_244' title='bbox 350 2816 392 2872; x_wconf 83' lang='lat'><strong>14.</strong></span> <span class='ocrx_word' id='word_1_245' title='bbox 405 2815 450 2874; x_wconf 86' lang='lat' dir='ltr'><strong>cf.</strong></span> <span class='ocrx_word' id='word_1_246' title='bbox 462 2816 556 2874; x_wconf 62' lang='lat' dir='ltr'><strong>marra</strong></span> <span class='ocrx_word' id='word_1_247' title='bbox 575 2832 688 2888; x_wconf 78' lang='lat' dir='ltr'><strong>mur,</strong></span> <span class='ocrx_word' id='word_1_248' title='bbox 699 2816 744 2888; x_wconf 76' lang='lat'><strong>20,</strong></span> <span class='ocrx_word' id='word_1_249' title='bbox 757 2832 848 2886; x_wconf 79' lang='lat' dir='ltr'><strong>xvrrr,</strong></span> <span class='ocrx_word' id='word_1_250' title='bbox 861 2817 904 2888; x_wconf 87' lang='grc'><strong>19,</strong></span> <span class='ocrx_word' id='word_1_251' title='bbox 916 2815 960 2872; x_wconf 72' lang='lat'><strong>20.</strong></span> <span class='ocrx_word' id='word_1_252' title='bbox 972 2814 1059 2872; x_wconf 82' lang='lat' dir='ltr'><strong>Rom.</strong></span> <span class='ocrx_word' id='word_1_253' title='bbox 1073 2830 1140 2885; x_wconf 76' lang='lat' dir='ltr'><strong>rur,</strong></span> <span class='ocrx_word' id='word_1_254' title='bbox 1152 2814 1196 2871; x_wconf 77' lang='grc'><strong>31.</strong></span> 
     </span>
    </p>
   </div>
   <div class='ocr_carea' id='block_1_7' title="bbox 750 3008 1099 3092">
    <p class='ocr_par' dir='ltr' id='par_1_10' title="bbox 750 3008 1099 3092">
     <span class='ocr_line' id='line_1_25' title="bbox 750 3008 1099 3092; baseline -0.014 -1"><span class='ocrx_word' id='word_1_255' title='bbox 750 3012 921 3092; x_wconf 80' lang='lat' dir='ltr'><strong>Psalmus</strong></span> <span class='ocrx_word' id='word_1_256' title='bbox 946 3008 1099 3089; x_wconf 73' lang='lat' dir='ltr'><strong>XIrVI.</strong></span> 
     </span>
    </p>
   </div>
   <div class='ocr_carea' id='block_1_8' title="bbox 151 3256 1694 3974">
    <p class='ocr_par' dir='ltr' id='par_1_11' title="bbox 151 3256 1691 3552">
     <span class='ocr_line' id='line_1_26' title="bbox 196 3256 1691 3348; baseline -0.001 -22"><span class='ocrx_word' id='word_1_257' title='bbox 196 3281 231 3326; x_wconf 88' lang='lat' dir='ltr'><strong>v.</strong></span> <span class='ocrx_word' id='word_1_258' title='bbox 250 3263 283 3328; x_wconf 82' lang='lat'><strong>5.</strong></span> <span class='ocrx_word' id='word_1_259' title='bbox 307 3259 493 3341; x_wconf 77' lang='grc' dir='ltr'><strong>Ἐξελίξατο</strong></span> <span class='ocrx_word' id='word_1_260' title='bbox 513 3260 590 3348; x_wconf 77' lang='grc' dir='ltr'><strong>ἡμῖν</strong></span> <span class='ocrx_word' id='word_1_261' title='bbox 607 3261 667 3346; x_wconf 72' lang='grc' dir='ltr'><strong>τὴν</strong></span> <span class='ocrx_word' id='word_1_262' title='bbox 689 3256 903 3346; x_wconf 73' lang='grc' dir='ltr'><strong>κληρονομίαν</strong></span> <span class='ocrx_word' id='word_1_263' title='bbox 990 3275 1023 3324; x_wconf 79' lang='grc' dir='ltr'><strong>ν.</strong></span> <span class='ocrx_word' id='word_1_264' title='bbox 1046 3261 1077 3324; x_wconf 88' lang='lat'><strong>5.</strong></span> <span class='ocrx_word' id='word_1_265' title='bbox 1100 3261 1212 3344; x_wconf 77' lang='grc' dir='ltr'><strong>Είερίί</strong></span> <span class='ocrx_word' id='word_1_266' title='bbox 1234 3258 1326 3325; x_wconf 78' lang='lat' dir='ltr'><strong>rwbis</strong></span> <span class='ocrx_word' id='word_1_267' title='bbox 1346 3257 1563 3325; x_wconf 68' lang='lat' dir='ltr'><strong>moditatem</strong></span> <span class='ocrx_word' id='word_1_268' title='bbox 1587 3275 1691 3340; x_wconf 73' lang='lat' dir='ltr'><strong>mcum,</strong></span> 
     </span>
     <span class='ocr_line' id='line_1_27' title="bbox 151 3363 1600 3453; baseline -0.001 -24"><span class='ocrx_word' id='word_1_269' title='bbox 151 3364 265 3447; x_wconf 77' lang='grc' dir='ltr'><strong>αὐτοῦ,</strong></span> <span class='ocrx_word' id='word_1_270' title='bbox 279 3367 341 3452; x_wconf 72' lang='grc' dir='ltr'><strong>τὴν</strong></span> <span class='ocrx_word' id='word_1_271' title='bbox 354 3365 515 3453; x_wconf 79' lang='grc' dir='ltr'><strong>καλλονὴν</strong></span> <span class='ocrx_word' id='word_1_272' title='bbox 530 3364 656 3447; x_wconf 80' lang='grc' dir='ltr'><strong>Ἰακὼῦ,</strong></span> <span class='ocrx_word' id='word_1_273' title='bbox 667 3365 709 3452; x_wconf 75' lang='grc' dir='ltr'><strong>ἦν</strong></span> <span class='ocrx_word' id='word_1_274' title='bbox 723 3364 903 3452; x_wconf 68' lang='grc' dir='ltr'><strong>ἠγάπησεν.</strong></span> <span class='ocrx_word' id='word_1_275' title='bbox 940 3363 1222 3446; x_wconf 57' lang='lat' dir='ltr'><strong>pronominum</strong></span> <span class='ocrx_word' id='word_1_276' title='bbox 1236 3363 1343 3444; x_wconf 72' lang='lat' dir='ltr'><strong>Jacob,</strong></span> <span class='ocrx_word' id='word_1_277' title='bbox 1362 3381 1461 3446; x_wconf 78' lang='lat' dir='ltr'><strong>quom</strong></span> <span class='ocrx_word' id='word_1_278' title='bbox 1474 3363 1600 3430; x_wconf 65' lang='lat' dir='ltr'><strong>uinxit.</strong></span> 
     </span>
     <span class='ocr_line' id='line_1_28' title="bbox 161 3473 572 3552; baseline -0.007 -15"><span class='ocrx_word' id='word_1_279' title='bbox 161 3473 231 3538; x_wconf 76' lang='lat' dir='ltr'><strong>Vot.</strong></span> <span class='ocrx_word' id='word_1_280' title='bbox 251 3473 326 3552; x_wconf 79' lang='lat'><strong>653,</strong></span> <span class='ocrx_word' id='word_1_281' title='bbox 345 3473 374 3536; x_wconf 92' lang='lat'><strong>1.</strong></span> <span class='ocrx_word' id='word_1_282' title='bbox 569 3497 572 3502; x_wconf 93' lang='lat'>·</span> 
     </span>
    </p>

    <p class='ocr_par' dir='ltr' id='par_1_12' title="bbox 153 3570 1689 3748">
     <span class='ocr_line' id='line_1_29' title="bbox 199 3570 1689 3663; baseline -0.003 -22"><span class='ocrx_word' id='word_1_283' title='bbox 199 3571 267 3641; x_wconf 87' lang='grc' dir='ltr'><strong>Ἣν</strong></span> <span class='ocrx_word' id='word_1_284' title='bbox 278 3575 447 3661; x_wconf 71' lang='grc' dir='ltr'><strong>ἠγάπησεν</strong></span> <span class='ocrx_word' id='word_1_285' title='bbox 458 3573 619 3663; x_wconf 79' lang='grc' dir='ltr'><strong>καλλονὴν</strong></span> <span class='ocrx_word' id='word_1_286' title='bbox 627 3570 906 3661; x_wconf 75' lang='grc' dir='ltr'><strong>Ἰακὸῦ,ήγνῦοίς</strong></span> <span class='ocrx_word' id='word_1_287' title='bbox 998 3571 1101 3648; x_wconf 71' lang='lat' dir='ltr'><strong>Quam</strong></span> <span class='ocrx_word' id='word_1_288' title='bbox 1134 3570 1253 3638; x_wconf 67' lang='lat' dir='ltr'><strong>dilexit</strong></span> <span class='ocrx_word' id='word_1_289' title='bbox 1273 3571 1553 3654; x_wconf 66' lang='lat' dir='ltr'><strong>pulchritudinem</strong></span> <span class='ocrx_word' id='word_1_290' title='bbox 1583 3570 1689 3652; x_wconf 68' lang='lat' dir='ltr'><strong>Jacob,</strong></span> 
     </span>
     <span class='ocr_line' id='line_1_30' title="bbox 153 3675 1252 3748; baseline -0.004 -4"><span class='ocrx_word' id='word_1_291' title='bbox 153 3677 223 3745; x_wconf 81' lang='grc' dir='ltr'><strong>ίστι</strong></span> <span class='ocrx_word' id='word_1_292' title='bbox 238 3689 295 3745; x_wconf 86' lang='grc' dir='ltr'><strong>τοῦ</strong></span> <span class='ocrx_word' id='word_1_293' title='bbox 310 3679 404 3748; x_wconf 88' lang='grc' dir='ltr'><strong>Θεοῦ.</strong></span> <span class='ocrx_word' id='word_1_294' title='bbox 950 3675 1099 3744; x_wconf 82' lang='lat' dir='ltr'><strong>seientia</strong></span> <span class='ocrx_word' id='word_1_295' title='bbox 1113 3677 1176 3740; x_wconf 82' lang='lat' dir='ltr'><strong>Dei</strong></span> <span class='ocrx_word' id='word_1_296' title='bbox 1192 3680 1252 3740; x_wconf 83' lang='lat' dir='ltr'><strong>est.</strong></span> 
     </span>
    </p>

    <p class='ocr_par' dir='ltr' id='par_1_13' title="bbox 155 3778 1694 3974">
     <span class='ocr_line' id='line_1_31' title="bbox 199 3778 1694 3871; baseline -0.003 -21"><span class='ocrx_word' id='word_1_297' title='bbox 199 3805 234 3851; x_wconf 89' lang='lat' dir='ltr'><strong>v.</strong></span> <span class='ocrx_word' id='word_1_298' title='bbox 252 3786 282 3866; x_wconf 85' lang='grc'><strong>7,</strong></span> <span class='ocrx_word' id='word_1_299' title='bbox 299 3786 330 3850; x_wconf 89' lang='grc'><strong>8.</strong></span> <span class='ocrx_word' id='word_1_300' title='bbox 345 3783 482 3850; x_wconf 82' lang='grc' dir='ltr'><strong>Ψάλατε</strong></span> <span class='ocrx_word' id='word_1_301' title='bbox 499 3791 545 3870; x_wconf 82' lang='grc' dir='ltr'><strong>τῷ</strong></span> <span class='ocrx_word' id='word_1_302' title='bbox 560 3782 631 3871; x_wconf 86' lang='grc' dir='ltr'><strong>Θεῷ</strong></span> <span class='ocrx_word' id='word_1_303' title='bbox 645 3779 745 3869; x_wconf 76' lang='grc' dir='ltr'><strong>ἡμῶν,</strong></span> <span class='ocrx_word' id='word_1_304' title='bbox 770 3781 905 3868; x_wconf 79' lang='grc' dir='ltr'><strong>ψάλατε.</strong></span> <span class='ocrx_word' id='word_1_305' title='bbox 996 3795 1028 3841; x_wconf 86' lang='grc' dir='ltr'><strong>ν.</strong></span> <span class='ocrx_word' id='word_1_306' title='bbox 1045 3780 1076 3859; x_wconf 82' lang='grc'><strong>’1,</strong></span> <span class='ocrx_word' id='word_1_307' title='bbox 1097 3781 1128 3843; x_wconf 90' lang='lat'><strong>8.</strong></span> <span class='ocrx_word' id='word_1_308' title='bbox 1150 3779 1292 3845; x_wconf 79' lang='grc' dir='ltr'><strong>Ρεαίίίίε</strong></span> <span class='ocrx_word' id='word_1_309' title='bbox 1313 3783 1379 3844; x_wconf 77' lang='lat' dir='ltr'><strong>Deo</strong></span> <span class='ocrx_word' id='word_1_310' title='bbox 1397 3783 1515 3861; x_wconf 77' lang='lat' dir='ltr'><strong>nostro,</strong></span> <span class='ocrx_word' id='word_1_311' title='bbox 1534 3778 1694 3862; x_wconf 60' lang='lat' dir='ltr'><strong>psaltim</strong></span> 
     </span>
     <span class='ocr_line' id='line_1_32' title="bbox 155 3882 1673 3974; baseline -0.003 -21"><span class='ocrx_word' id='word_1_312' title='bbox 155 3883 298 3953; x_wconf 83' lang='grc' dir='ltr'><strong>Ψάλατε</strong></span> <span class='ocrx_word' id='word_1_313' title='bbox 312 3896 357 3973; x_wconf 82' lang='grc' dir='ltr'><strong>τῷ</strong></span> <span class='ocrx_word' id='word_1_314' title='bbox 384 3887 508 3974; x_wconf 78' lang='grc' dir='ltr'><strong>βασιλεῦ</strong></span> <span class='ocrx_word' id='word_1_315' title='bbox 523 3885 685 3974; x_wconf 67' lang='grc' dir='ltr'><strong>ἡμῶν...</strong></span> <span class='ocrx_word' id='word_1_316' title='bbox 709 3885 834 3972; x_wconf 81' lang='grc' dir='ltr'><strong>ψάλατε</strong></span> <span class='ocrx_word' id='word_1_317' title='bbox 856 3907 908 3952; x_wconf 87' lang='grc' dir='ltr'><strong>συ-</strong></span> <span class='ocrx_word' id='word_1_318' title='bbox 944 3882 1083 3966; x_wconf 72' lang='lat' dir='ltr'><strong>psallite</strong></span> <span class='ocrx_word' id='word_1_319' title='bbox 1096 3883 1168 3967; x_wconf 73' lang='grc' dir='ltr'><strong>νομί</strong></span> <span class='ocrx_word' id='word_1_320' title='bbox 1181 3887 1323 3948; x_wconf 76' lang='lat' dir='ltr'><strong>nostro..</strong></span> <span class='ocrx_word' id='word_1_321' title='bbox 1334 3884 1486 3967; x_wconf 74' lang='lat' dir='ltr'><strong>,psallite</strong></span> <span class='ocrx_word' id='word_1_322' title='bbox 1499 3886 1673 3967; x_wconf 69' lang='lat' dir='ltr'><strong>sapienter.</strong></span> 
     </span>
    </p>
   </div>
   <div class='ocr_carea' id='block_1_9' title="bbox 25 3999 267 4068">
    <p class='ocr_par' dir='ltr' id='par_1_14' title="bbox 25 3999 267 4068">
     <span class='ocr_line' id='line_1_33' title="bbox 25 3999 267 4068; baseline -0.008 -11"><span class='ocrx_word' id='word_1_323' title='bbox 25 4029 31 4040; x_wconf 90' lang='lat'><strong>·</strong></span> <span class='ocrx_word' id='word_1_324' title='bbox 156 3999 267 4068; x_wconf 83' lang='grc' dir='ltr'><strong>νετῶς.</strong></span> 
     </span>
    </p>
   </div>
   <div class='ocr_carea' id='block_1_10' title="bbox 158 4091 1701 4496">
    <p class='ocr_par' dir='ltr' id='par_1_15' title="bbox 158 4091 1701 4496">
     <span class='ocr_line' id='line_1_34' title="bbox 204 4091 1698 4181; baseline -0.003 -21"><span class='ocrx_word' id='word_1_325' title='bbox 204 4093 244 4160; x_wconf 91' lang='grc' dir='ltr'>Ὁ</span> <span class='ocrx_word' id='word_1_326' title='bbox 271 4096 329 4181; x_wconf 72' lang='grc' dir='ltr'><strong>μὲν</strong></span> <span class='ocrx_word' id='word_1_327' title='bbox 354 4093 473 4174; x_wconf 85' lang='grc' dir='ltr'><strong>δίκαιος</strong></span> <span class='ocrx_word' id='word_1_328' title='bbox 499 4095 626 4181; x_wconf 83' lang='grc' dir='ltr'><strong>εὓλογεῑ</strong></span> <span class='ocrx_word' id='word_1_329' title='bbox 648 4098 703 4161; x_wconf 87' lang='grc' dir='ltr'><strong>τὸν</strong></span> <span class='ocrx_word' id='word_1_330' title='bbox 728 4091 846 4180; x_wconf 81' lang='grc' dir='ltr'><strong>Κύριον</strong></span> <span class='ocrx_word' id='word_1_331' title='bbox 875 4091 910 4162; x_wconf 80' lang='grc' dir='ltr'><strong>ὸν</strong></span> <span class='ocrx_word' id='word_1_332' title='bbox 996 4093 1119 4157; x_wconf 80' lang='lat' dir='ltr'><strong>Justus</strong></span> <span class='ocrx_word' id='word_1_333' title='bbox 1130 4093 1268 4176; x_wconf 89' lang='lat' dir='ltr'><strong>quidem</strong></span> <span class='ocrx_word' id='word_1_334' title='bbox 1284 4094 1376 4158; x_wconf 90' lang='lat' dir='ltr'><strong>omni</strong></span> <span class='ocrx_word' id='word_1_335' title='bbox 1393 4097 1542 4176; x_wconf 81' lang='lat' dir='ltr'><strong>tempore</strong></span> <span class='ocrx_word' id='word_1_336' title='bbox 1554 4093 1698 4157; x_wconf 91' lang='lat' dir='ltr'><strong>Domino</strong></span> 
     </span>
     <span class='ocr_line' id='line_1_35' title="bbox 160 4196 1699 4286; baseline -0.001 -24"><span class='ocrx_word' id='word_1_337' title='bbox 160 4199 258 4266; x_wconf 81' lang='grc' dir='ltr'><strong>παντί</strong></span> <span class='ocrx_word' id='word_1_338' title='bbox 272 4207 391 4285; x_wconf 79' lang='grc' dir='ltr'><strong>καιρῷ·</strong></span> <span class='ocrx_word' id='word_1_339' title='bbox 407 4199 424 4264; x_wconf 89' lang='grc' dir='ltr'><strong>ὸ</strong></span> <span class='ocrx_word' id='word_1_340' title='bbox 439 4201 475 4266; x_wconf 83' lang='grc' dir='ltr'><strong>δὲ</strong></span> <span class='ocrx_word' id='word_1_341' title='bbox 486 4198 672 4286; x_wconf 78' lang='grc' dir='ltr'><strong>ἁμαρτωλὸς</strong></span> <span class='ocrx_word' id='word_1_342' title='bbox 683 4201 720 4264; x_wconf 83' lang='grc' dir='ltr'><strong>τὸ</strong></span> <span class='ocrx_word' id='word_1_343' title='bbox 734 4208 909 4284; x_wconf 85' lang='grc' dir='ltr'><strong>τηνικαῦτα</strong></span> <span class='ocrx_word' id='word_1_344' title='bbox 953 4196 1140 4278; x_wconf 81' lang='lat' dir='ltr'><strong>benedicit3</strong></span> <span class='ocrx_word' id='word_1_345' title='bbox 1178 4202 1334 4280; x_wconf 81' lang='lat' dir='ltr'><strong>peccator</strong></span> <span class='ocrx_word' id='word_1_346' title='bbox 1371 4215 1451 4262; x_wconf 87' lang='lat' dir='ltr'><strong>vero</strong></span> <span class='ocrx_word' id='word_1_347' title='bbox 1488 4196 1699 4262; x_wconf 87' lang='lat' dir='ltr'><strong>solummodo</strong></span> 
     </span>
     <span class='ocr_line' id='line_1_36' title="bbox 159 4300 1701 4391; baseline -0.002 -24"><span class='ocrx_word' id='word_1_348' title='bbox 159 4300 448 4390; x_wconf 71' lang='grc' dir='ltr'><strong>ἐξομολογούμενος</strong></span> <span class='ocrx_word' id='word_1_349' title='bbox 463 4304 589 4390; x_wconf 82' lang='grc' dir='ltr'><strong>εὐλογεῖ</strong></span> <span class='ocrx_word' id='word_1_350' title='bbox 600 4307 655 4372; x_wconf 91' lang='grc' dir='ltr'><strong>τὸν</strong></span> <span class='ocrx_word' id='word_1_351' title='bbox 666 4303 758 4388; x_wconf 82' lang='grc' dir='ltr'><strong>Θεὸν,</strong></span> <span class='ocrx_word' id='word_1_352' title='bbox 770 4301 909 4391; x_wconf 80' lang='grc' dir='ltr'><strong>ὁπηνίκα</strong></span> <span class='ocrx_word' id='word_1_353' title='bbox 951 4301 1061 4364; x_wconf 89' lang='lat' dir='ltr'><strong>Deum</strong></span> <span class='ocrx_word' id='word_1_354' title='bbox 1076 4300 1258 4390; x_wconf 78' lang='lat' dir='ltr'><strong>confitetur</strong></span> <span class='ocrx_word' id='word_1_355' title='bbox 1274 4305 1309 4365; x_wconf 84' lang='lat' dir='ltr'><strong>et</strong></span> <span class='ocrx_word' id='word_1_356' title='bbox 1324 4301 1450 4383; x_wconf 82' lang='lat' dir='ltr'><strong>laudat,</strong></span> <span class='ocrx_word' id='word_1_357' title='bbox 1466 4301 1601 4384; x_wconf 89' lang='lat' dir='ltr'><strong>quando</strong></span> <span class='ocrx_word' id='word_1_358' title='bbox 1617 4300 1701 4382; x_wconf 89' lang='lat' dir='ltr'><strong>quid</strong></span> 
     </span>
     <span class='ocr_line' id='line_1_37' title="bbox 158 4403 1390 4496; baseline -0.001 -25"><span class='ocrx_word' id='word_1_359' title='bbox 158 4403 199 4472; x_wconf 81' lang='grc' dir='ltr'><strong>ἂν</strong></span> <span class='ocrx_word' id='word_1_360' title='bbox 214 4405 334 4493; x_wconf 78' lang='grc' dir='ltr'><strong>ἀγαθὸν</strong></span> <span class='ocrx_word' id='word_1_361' title='bbox 348 4429 379 4473; x_wconf 87' lang='grc' dir='ltr'><strong>τι</strong></span> <span class='ocrx_word' id='word_1_362' title='bbox 393 4409 479 4495; x_wconf 81' lang='grc' dir='ltr'><strong>αὐτῷ</strong></span> <span class='ocrx_word' id='word_1_363' title='bbox 493 4409 533 4475; x_wconf 80' lang='grc' dir='ltr'><strong>ἐκ</strong></span> <span class='ocrx_word' id='word_1_364' title='bbox 547 4407 631 4477; x_wconf 87' lang='grc' dir='ltr'><strong>Θεοῦ</strong></span> <span class='ocrx_word' id='word_1_365' title='bbox 646 4408 818 4496; x_wconf 84' lang='grc' dir='ltr'><strong>πρόκειται.</strong></span> <span class='ocrx_word' id='word_1_366' title='bbox 951 4405 1032 4470; x_wconf 88' lang='lat' dir='ltr'><strong>boni</strong></span> <span class='ocrx_word' id='word_1_367' title='bbox 1046 4424 1068 4470; x_wconf 94' lang='lat' dir='ltr'><strong>a</strong></span> <span class='ocrx_word' id='word_1_368' title='bbox 1083 4407 1152 4470; x_wconf 91' lang='lat' dir='ltr'><strong>Deo</strong></span> <span class='ocrx_word' id='word_1_369' title='bbox 1167 4406 1232 4488; x_wconf 89' lang='lat' dir='ltr'><strong>ipsi</strong></span> <span class='ocrx_word' id='word_1_370' title='bbox 1248 4405 1390 4487; x_wconf 83' lang='lat' dir='ltr'><strong>adjacet.</strong></span> 
     </span>
    </p>
   </div>
   <div class='ocr_carea' id='block_1_11' title="bbox 194 4585 617 4659">
    <p class='ocr_par' dir='ltr' id='par_1_16' title="bbox 194 4585 617 4659">
     <span class='ocr_line' id='line_1_38' title="bbox 194 4585 617 4659; baseline -0.007 -15"><span class='ocrx_word' id='word_1_371' title='bbox 194 4586 244 4644; x_wconf 81' lang='lat' dir='ltr'><strong>Pa.</strong></span> <span class='ocrx_word' id='word_1_372' title='bbox 257 4603 341 4648; x_wconf 76' lang='lat' dir='ltr'><strong>mr.</strong></span> <span class='ocrx_word' id='word_1_373' title='bbox 354 4605 382 4645; x_wconf 87' lang='grc' dir='ltr'><strong>ν.</strong></span> <span class='ocrx_word' id='word_1_374' title='bbox 395 4587 421 4658; x_wconf 79' lang='grc'><strong>5,</strong></span> <span class='ocrx_word' id='word_1_375' title='bbox 434 4587 460 4659; x_wconf 77' lang='grc' dir='ltr'><strong>ί,</strong></span> <span class='ocrx_word' id='word_1_376' title='bbox 471 4587 497 4643; x_wconf 87' lang='grc'><strong>8.</strong></span> <span class='ocrx_word' id='word_1_377' title='bbox 510 4585 578 4644; x_wconf 76' lang='lat' dir='ltr'><strong>Vnt.</strong></span> <span class='ocrx_word' id='word_1_378' title='bbox 591 4585 617 4642; x_wconf 79' lang='grc' dir='ltr'><strong>ὸ.</strong></span> 
     </span>
    </p>
   </div>
   <div class='ocr_carea' id='block_1_12' title="bbox 0 0 2033 6084">
    <p class='ocr_par' dir='ltr' id='par_1_17' title="bbox 0 0 2033 6084">
     <span class='ocr_line' id='line_1_39' title="bbox 0 0 2033 6084; baseline 0 0"><span class='ocrx_word' id='word_1_379' title='bbox 0 0 2033 6084; x_wconf 95' lang='lat' dir='ltr'><strong> </strong></span> 
     </span>
    </p>
   </div>
  </div>
 </body>
</html>
