4008 6094
301 335 345 398 ³0
965 337 1174 404 ORIGENES

298 475 391 554 λαιὰς
412 475 484 542 ἔθου
499 475 554 554 τόις
575 475 695 562 ἡμέρας
720 497 789 562 μου,
809 478 863 542 καὶ
877 471 1046 552 ὑπόστασίς
1089 474 1321 542 mauritius
1339 478 1482 558 posuisti
1500 478 1569 544 tur
1584 495 1677 558 mos,
1708 483 1741 544 εἰ
1761 478 1831 544 ενό-

300 599 359 665 μου
374 578 448 646 ιῖισεί
462 578 551 645 οὐθὲν
573 579 703 646 ἰνώπιόν
720 601 794 645 σου·
815 580 898 666 πλὴν
913 583 953 645 τόι
968 579 1043 666 σιίμ·
1088 582 1212 646 sumtu
1243 597 1313 646 νιοα
1348 585 1501 664 ἰοιιηαοηι
1524 582 1666 648 nitidum
1691 587 1766 646 anic
1792 587 1830 647 tc.

299 703 404 750 παντα
419 681 599 769 ματαιότης,
614 693 676 761 πᾶς
693 684 853 768 ἄνθρωπος
868 684 941 764 ζῶν.
1100 685 1318 750 uminum
1338 687 1491 752 autema
1512 689 1641 754 sanitas
1662 687 1765 752 mmsis
1781 685 1834 750 Ιιο-

1090 805 1140 852 νιο
1154 806 1274 854 cacans.

343 890 520 957 Παλαιπαί
536 889 675 977 sitisti
691 889 747 977 βίιρ
763 890 888 978 ἡμέραι,
905 891 974 958 ἀντὶ
989 900 1044 957 τοῦ
1133 892 1374 958 Mensurabiles
1400 893 1436 956 in
1467 895 1538 956 vite
1568 893 1651 975 dies,
1677 893 1834 957 videlicet

300 993 445 1082 βραχεῖαι
454 997 509 1061 καί
520 994 686 1081 ἰλόιχισταί
697 997 783 1079 εἰσιν,
796 997 833 1060 οῦ
844 995 980 1082 πτηχεσι
992 1017 1045 1082 με·
1089 996 1207 1060 breves
1220 1002 1254 1060 et
1266 997 1384 1075 exigui
1395 1001 1484 1077 sunt,
1493 1015 1535 1060 ne
1548 997 1591 1060 ad
1605 1002 1750 1078 quatuor
1761 997 1835 1078 qui-

298 1099 473 1185 τρουμεναι.
489 1097 554 1164 Καί
568 1098 590 1184 ἡ
606 1096 775 1177 ὑπόστασίς
791 1121 849 1185 μου
861 1099 935 1164 drusi
951 1099 1041 1165 οὐθὲν
1091 1101 1168 1164 dem
1198 1100 1324 1178 digitos
1354 1102 1551 1164 mensurati.
1581 1103 1627 1168 st
1653 1101 1835 1167 ediusus

299 1202 429 1270 ἰνώπιόν
443 1225 510 1288 σου,
534 1203 602 1268 εἶτα
623 1203 705 1288 ἑξης,
722 1201 763 1280 ὡς
786 1204 825 1269 ἂν
840 1203 1044 1290 διηγούμενος
1089 1219 1159 1268 ntea
1181 1208 1345 1286 tamquam
1365 1203 1507 1268 nibilum
1528 1209 1603 1270 anic
1624 1208 1664 1286 tt,
1681 1223 1721 1268 ac
1735 1220 1834 1286 porro

299 1309 335 1370 τό
350 1305 524 1393 εἰρημένον,
540 1305 695 1392 ἰπιλίγει·
717 1307 808 1393 Πλην
822 1308 863 1373 τὰ
877 1307 1045 1393 σύμπαντα
1090 1307 1187 1390 quasi
1200 1324 1361 1372 enarrans
1372 1308 1435 1372 hoc
1446 1309 1597 1390 verbum,
1611 1309 1741 1374 subdit:
1754 1309 1834 1372 Uni-

300 1409 809 1495 ματαιότης,π6ςόνθρωποςζῦν.
826 1410 938 1476 Πάντα
952 1413 993 1478 τό
1008 1411 1043 1477 ἐν
1089 1428 1188 1474 versa
1201 1411 1330 1476 οοιιίἰιιε
1352 1411 1454 1476 musis
1475 1411 1563 1476 Ιιοιιιο
1577 1413 1697 1478 cinam
1714 1413 1834 1477 Omnia

300 1512 471 1598 ἀνθρώποις
494 1512 613 1599 μάταιά
628 1515 711 1580 ἐστιν
726 1516 803 1598 πρὸς
818 1517 871 1580 τόν
887 1514 1044 1601 μέλλοντα
1090 1515 1126 1577 λιι
1138 1513 1333 1578 hominibus
1348 1532 1436 1578 vana
1450 1520 1540 1596 sunt,
1558 1521 1712 1598 respectu
1727 1517 1770 1579 sd
1784 1517 1834 1580 fu-

299 1618 408 1700 αἰῦνα,
422 1619 477 1681 καί
501 1619 578 1701 πρός
602 1620 642 1682 τὰ
656 1617 732 1703 ἡμῖν
755 1617 956 1706 ὑποκείμενα,
979 1629 1043 1698 τοῖς
1088 1622 1204 1683 turum
1219 1635 1340 1698 aevnm,
1353 1622 1387 1681 et
1397 1636 1437 1682 ea
1453 1636 1529 1701 quae
1546 1619 1644 1685 nobis
1664 1636 1835 1684 reservan-

299 1719 391 1801 ἀξίως
403 1718 576 1806 βεόιωκόαι.
1087 1728 1155 1801 tur,
1169 1723 1198 1786 si
1214 1721 1318 1800 digne
1333 1723 1529 1788 vixerimus.

341 1845 373 1890 v.
399 1828 428 1889 i.
451 1823 566 1890 Mtvror
586 1845 624 1910 γε
646 1824 682 1890 ἐν
704 1823 799 1890 εἰκόνι
824 1823 1043 1911 διαπορεύεται
1130 1844 1162 1889 ν.
1178 1825 1209 1888 7.
1234 1826 1452 1892 uerutum
1473 1827 1511 1890 ιἰι
1531 1827 1831 1910 ιἰιιαρίιιεμενίνοιι·

299 1927 470 2014 ἄνθρωπος,
481 1928 566 2014 πλὴν
577 1929 681 2015 μάτην
695 1929 913 2014 ταράσσονται.
926 1930 1042 2015 θησαυ-
1086 1927 1240 2010 mium,
1250 1927 1306 1994 sed
1315 1928 1491 2012 etfrtistta
1501 1930 1738 1996 εῦιιίνιόῦιιίνε.
1753 1930 1831 1996 ris·

297 2031 386 2118 ρίζει,
400 2035 455 2099 καί
470 2033 508 2098 οὐ
522 2032 668 2118 γινώσκει
681 2030 741 2097 τίνι
754 2032 877 2112 συνάξει
892 2033 982 2099 αὐτά.
1086 2035 1241 2113 sanum,
1267 2037 1299 2098 εἰ
1317 2035 1420 2099 meost
1440 2035 1495 2100 cti
1515 2035 1714 2118 increpabit
1727 2052 1773 2100 αα.

340 2135 410 2212 Πας
431 2136 591 2220 ἄνθρωπος
606 2136 669 2216 ζων
691 2134 725 2200 ἰν
744 2134 840 2201 εἰκόνι
862 2136 1041 2222 διαπορεόε-
1131 2138 1361 2203 omnishomo
1383 2139 1501 2203 vivens
1524 2140 1561 2202 in
1584 2141 1734 2218 imagine
1756 2156 1829 2221 per·

297 2259 359 2323 ται,
382 2242 453 2326 ητοι
474 2250 530 2304 τοῦ
552 2238 634 2306 Θεοῦ
656 2247 760 2325 τηρῶν
781 2242 817 2305 τό
839 2240 911 2306 κατ’
924 2240 1041 2326 εἰκόνα,
1086 2244 1218 2322 transit,
1244 2242 1279 2306 id
1306 2249 1358 2308 est
1383 2245 1420 2307 in
1450 2260 1489 2306 eo
1515 2243 1605 2324 quod
1634 2243 1696 2306 Dei
1722 2249 1834 2308 servat

295 2345 351 2409 καί
364 2345 400 2407 τό
414 2342 603 2427 προκόπτειν
622 2344 668 2421 εἰς
686 2343 878 2430 τελειότητα,
901 2345 1039 2431 σόμμορ-
1087 2343 1283 2426 imaginem,
1296 2351 1330 2410 et
1340 2347 1429 2428 quod
1440 2346 1644 2428 proceditad
1657 2347 1832 2429 perfectio-

297 2469 355 2532 ρος
366 2447 528 2533 γινόμενος
543 2455 599 2532 της
615 2446 734 2526 εἰκόνος
748 2457 803 2513 τοῦ
818 2448 911 2517 Θεοῦ.
923 2443 969 2514 Ἠ
985 2449 1040 2514 ᾶλ-
1086 2463 1175 2526 nem,
1190 2449 1370 2514 conformis
1385 2451 1493 2514 iectus
1518 2450 1662 2548 imagini
1679 2452 1751 2515 Dei.
1770 2454 1833 2516 Vel

299 2550 371 2634 λως,
386 2552 467 2629 τινός
489 2550 581 2636 ζωοῦ,
596 2554 689 2629 ἰππος
704 2551 934 2640 intepescunt
958 2553 1038 2621 όλλο
1087 2551 1122 2614 in
1136 2552 1204 2615 alio
1221 2570 1332 2633 sensu,
1348 2555 1534 2633 imaginem
1553 2553 1701 2618 referens
1723 2555 1828 2618 alicu-

299 2675 329 2718 τι
348 2653 464 2740 ἄλογος
485 2658 569 2720 κατόι
584 2658 619 2720 τό
636 2655 714 2740 ἦθος
735 2656 903 2742 γενόμενος.
920 2657 1043 2726 -Καὶ
1082 2653 1140 2735 jus
1167 2658 1335 2739 animalis,
1357 2658 1465 2721 iactus
1492 2663 1543 2721 est
1564 2675 1672 2738 equus
1693 2656 1828 2722 feminis

299 2757 483 2844 φαινόμενος
505 2757 623 2844 κόσμος
644 2759 737 2826 εἰκών
762 2760 829 2826 turs
850 2771 906 2826 τοῦ
928 2773 1041 2848 νοητοῦ
1086 2758 1304 2840 inhians,eut
1318 2761 1411 2825 aliud
1433 2762 1669 2843 quodcumque
1691 2763 1831 2826 brutum

295 2862 351 2927 καί
362 2861 516 2946 ἀοράτου·
531 2862 566 2928 ἐν
577 2871 620 2950 τῷ
636 2862 779 2949 μέλλοντι
791 2866 853 2951 γόιρ
863 2864 886 2951 ἡ
898 2863 1039 2950 ἀλήθεια.
1085 2881 1128 2927 ex
1150 2865 1402 2928 consuetudine.
1420 2899 1458 2910 —
1475 2866 1519 2928 Et
1529 2865 1676 2929 mundus
1692 2867 1755 2929 iste
1771 2867 1831 2947 qui

296 2963 511 3046 Αὐτεξουσίως
533 2968 587 3032 οἰιν
610 2966 826 3052 διαπορεύεται
840 2970 857 3034 ό
881 2969 1041 3056 ἅνθρωπος
1085 2971 1290 3051 conspicitur
1306 2971 1419 3050 imago
1430 2970 1570 3034 alterius
1586 2975 1645 3050 est,
1662 2972 1721 3052 qui
1734 2972 1830 3034 intel-

297 3070 333 3135 ἰν
351 3071 451 3155 τούτῳ
465 3077 509 3157 τῷ
520 3070 638 3156 κόσμῳ,
654 3071 688 3148 ός
703 3071 783 3150 ἐςτιν
796 3071 900 3139 εἰκών.
912 3113 953 3124 -
965 3072 1040 3140 'Err-
1085 3074 1207 3152 ligitur
1225 3077 1260 3137 et
1277 3091 1345 3137 non
1363 3075 1522 3138 cernitur.
1547 3076 1586 3136 ln
1608 3073 1722 3139 futuro
1740 3076 1830 3139 enim

295 3173 366 3260 άγει
388 3173 423 3240 δέ
448 3176 595 3260 καὶπερὶ
620 3183 682 3240 τῶν
703 3178 787 3242 κατόι
808 3175 900 3263 μέρος
922 3177 1040 3264 ἀνθρώ·
1085 3194 1157 3243 oevo
1189 3178 1316 3241 veritas
1342 3181 1402 3240 est.
1426 3177 1536 3241 Liberi
1567 3177 1676 3255 igitur
1697 3178 1829 3242 arbitrii

294 3299 371 3364 πων,
394 3279 436 3358 ὡς
452 3280 554 3366 μάτην
569 3279 821 3366 ταραττομένων·
845 3280 1037 3368 Θησαυρίζει
1084 3298 1218 3363 compos
1234 3280 1416 3362 pertransit
1438 3279 1538 3343 homo
1561 3279 1596 3341 in
1613 3279 1675 3343 hoc
1691 3278 1826 3358 mundo,

294 3383 362 3449 κτλ
379 3383 479 3449 Τοῦτο
491 3381 619 3448 λεκτέον
632 3385 710 3467 πρὸς
725 3383 860 3461 ἄπαιδας
870 3383 1038 3463 πλουσίους
1085 3388 1145 3471 qui
1161 3387 1276 3463 imago
1299 3388 1359 3448 est.
1373 3419 1411 3428 —
1425 3385 1512 3448 Tum
1535 3384 1649 3464 pergit
1671 3383 1772 3447 etiam
1788 3382 1828 3446 de

295 3486 569 3571 πλεονεκτοῦντας,
578 3487 699 3574 μηδένα
709 3498 770 3556 τῶν
777 3498 910 3576 πτωχῶν
918 3490 1041 3556 ἐλεοῦν·
1086 3491 1234 3570 singulis
1249 3490 1391 3568 loquens
1406 3487 1610 3568 hominibus,
1627 3489 1685 3569 qui
1704 3487 1829 3552 frustra

255 3579 259 3586 ’
293 3611 359 3668 τας.
377 3629 418 3640 -
434 3590 643 3676 Θησαυρίζων
665 3592 727 3678 γάρ
748 3613 794 3670 τις
816 3594 868 3659 ἔτί
890 3602 947 3678 της
968 3603 1039 3680 γης,
1084 3593 1337 3658 conturbantur.
1367 3589 1580 3656 rtescsuuct
1601 3597 1662 3656 etc.
1687 3594 1757 3655 Hoc
1780 3591 1828 3656 di-

294 3695 431 3760 obsedit
454 3692 500 3772 τίς
516 3695 579 3774 ἕξει
593 3699 646 3762 τόν
668 3698 746 3782 ὑπὲρ
768 3699 806 3763 οὔ
827 3709 975 3766 τοσοῦτον
989 3701 1040 3766 tc·
1085 3697 1229 3763 cendum
1246 3696 1289 3760 ad
1303 3696 1425 3760 divites
1448 3689 1631 3759 liberorum
1652 3695 1759 3774 orbos,
1781 3694 1830 3758 di-

292 3798 432 3865 ποῦδασε
447 3799 591 3884 πλοῦτον,
603 3812 657 3867 τοῦ
673 3802 708 3866 δὲ
722 3803 757 3868 ἰν
768 3803 910 3888 οὐρανοῖς
921 3802 1038 3890 θησαυ-
1085 3803 1185 3866 vitias
1200 3804 1376 3880 augentes,
1393 3799 1476 3879 quin
1493 3816 1548 3863 eos
1563 3815 1751 3881 pauperum
1766 3797 1828 3860 mi-

336 4013 483 4075 Ruruuus
498 4009 535 4074 ic
549 4029 578 4076 c.
596 4013 626 4093 5,
643 4015 672 4075 6.
689 4012 733 4075 Et
754 4011 863 4077 addit:
888 4013 967 4079 Ειοε
988 4032 1038 4078 ce·
1129 4012 1276 4073 linimus
1297 4006 1335 4070 ιἰι
1355 4024 1385 4071 ο.
1409 4007 1440 4070 7.
1463 4004 1528 4070 Sed
1549 4009 1584 4069 et
1605 4003 1698 4068 aliud
1719 4023 1827 4070 sacra·

294 4098 696 4180 tcrcsposuistidicsmecs.
709 4102 747 4163 In
759 4117 871 4180 greco
881 4102 1040 4167 scribitur
1085 4103 1239 4163 mentum
1254 4096 1338 4160 mihi
1355 4094 1489 4160 videtur
1500 4095 1671 4158 continere
1683 4093 1745 4156 iste
1757 4111 1830 4157 ver·

292 4180 475 4267 παλαιστάς,
511 4187 601 4268 quod
634 4189 807 4267 significat
845 4207 1038 4256 mensuram
1085 4188 1224 4265 siculus,
1239 4185 1328 4266 quod
1343 4183 1446 4263 hujus
1461 4183 1598 4265 quidem
1622 4180 1740 4246 mundi
1759 4183 1830 4246 vita

294 4280 439 4356 quatuor
453 4276 654 4355 digitorum:
678 4279 794 4343 volens
818 4296 900 4358 ergo
923 4279 1040 4345 docere
1086 4282 1120 4342 et
1134 4274 1343 4340 conversatio
1355 4273 1560 4350 imaginarie
1575 4269 1730 4352 quaedam
1742 4272 1787 4336 sit
1798 4276 1831 4335 et

293 4379 354 4426 nos
369 4365 428 4445 qni
444 4363 515 4444 jam
532 4367 567 4428 in
590 4365 653 4428 hcc
675 4367 746 4430 vita
768 4367 888 4432 breves
911 4372 945 4432 et
967 4387 1040 4451 per·
1086 4367 1209 4444 imago,
1226 4360 1827 4441 inturaautemnonsitimaginarie,

292 4469 417 4534 paucos
429 4452 584 4517 ducimus
595 4454 677 4534 dies,
693 4455 780 4520 dixit
791 4457 882 4520 hunc
893 4459 1040 4522 versicu-
1087 4453 1145 4518 sed
1160 4469 1272 4515 vere...
1288 4449 1350 4512 ΒΒ.
1367 4451 1441 4512 696.

298 4541 370 4604 lum
387 4546 449 4604 etc.
465 4543 527 4604 BB.
544 4542 617 4622 694,
635 4544 709 4606 695.

327 4807 355 4848 v.
369 4791 394 4846 i.
407 4790 474 4847 Vnt
487 4789 513 4860 5,
526 4790 568 4860 10,
582 4790 623 4860 13,
637 4790 679 4846 14
692 4789 728 4846 In
740 4789 807 4848 vet.
821 4792 856 4847 10
867 4797 898 4848 et
911 4791 945 4849 13
959 4793 1042 4850 locus
1085 4809 1159 4864 geue
1171 4789 1356 4864 perspicuum
1362 4787 1462 4846 Rufini
1472 4787 1686 4862 testimoninm
1696 4795 1831 4864 superest

292 4874 463 4932 inscribitur
479 4879 587 4946 Διόόμοο
608 4883 655 4932 καί
675 4879 836 4946 Ὠριγόνουςς
857 4896 892 4935 αα
913 4879 1041 4954 Didymo
1085 4884 1119 4933 ut
1131 4877 1167 4934 de
1179 4893 1260 4933 more
1277 4891 1330 4932 suo
1348 4874 1499 4949 Didymus,
1516 4877 1591 4933 alter
1608 4875 1831 4950 Adamantinus

292 4963 431 5038 pleraque
442 4961 539 5018 Maius
550 4962 632 5019 dedit
643 4963 675 5019 in
687 4962 763 5020 Bibl.
780 4964 815 5022 N.
834 4966 925 5022 PP.t
940 4984 993 5038 vri,
1012 4985 1040 5041 p.
1087 4962 1245 5035 Origensm
1261 4960 1443 5034 expilaverit.
1458 4994 1491 5006 -
1503 4961 1626 5034 vulgati
1645 4979 1709 5022 ixx
1725 4962 1758 5019 in
1774 4961 1832 5020 ν.7

211 5075 215 5084 ’
293 5049 355 5108 219.
368 5047 426 5107 sid
437 5053 544 5122 prester
557 5049 728 5124 Barbarum,
746 5049 887 5110 habemus
905 5069 958 5126 pro
976 5052 1040 5110 Ori·
1085 5049 1196 5108 habent
1208 5051 1373 5116 ταράσσεται
