4020 6098
306 440 371 503 244
971 440 1181 502 ORIGENES

293 563 473 668 γεγένηται·
490 581 590 661 Ούτύς
605 583 717 650 ἐστινὸ
732 580 803 660 Υἱός
818 603 878 667 μου
890 580 907 645 ὁ
920 579 1046 666 ἀγαπη-
1091 583 1253 661 guloruur
1269 583 1358 647 facta
1373 589 1424 648 est
1438 601 1458 647 a
1471 586 1643 650 salvatore
1660 587 1695 649 in
1711 585 1774 651 hoc
1790 591 1839 653 te.

299 685 363 768 τός,
1090 687 1265 750 stlmcnlo:
1307 689 1399 754 «liic
1422 693 1473 753 est
1495 689 1602 754 Filius
1628 709 1725 755 meus
1755 692 1837 757 dile-

1090 793 1207 850 ctus.»

337 916 369 961 v.
392 898 444 961 23.
468 894 563 980 Παρύι
585 893 703 980 Κυρίου
726 891 852 979 ἐγίνετο
875 893 967 978 αὐτη,
990 893 1046 957 καί
1132 910 1164 954 v.
1180 893 1233 956 23.
1255 891 1284 957 Α
1306 895 1443 960 Domino
1455 897 1589 978 factam
1610 903 1659 963 est
1679 899 1780 980 istud,
1806 905 1838 966 αί

294 999 362 1064 ἐστι
375 998 547 1084 θαυμαστὴ
563 1000 597 1064 ἐν
612 997 784 1084 ὀφθαλμοῖς
798 997 897 1084 ἡμῶν.
1089 1000 1137 1061 eat
1151 995 1300 1062 mirabile
1313 998 1351 1062 io
1364 1000 1467 1066 coalia
1480 1002 1612 1066 trosti-is.

339 1100 409 1168 Ούκ
423 1103 463 1187 ην
478 1101 670 1186 ἀνθρώπινον
684 1105 721 1168 τύ
743 1101 921 1188 γενόμενον,
937 1100 1044 1185 φησὶν,
1133 1101 1317 1165 Hominum
1333 1120 1400 1167 non
1416 1109 1489 1169 erat
1508 1107 1698 1188 consilium,
1714 1109 1838 1190 lnquit,

293 1206 355 1270 ούκ
375 1205 416 1290 ην
439 1203 593 1290 ἀγγέλων,
609 1207 668 1270 οὐκ
687 1204 906 1291 ἀρχαγγέλου,
929 1205 965 1268 τὸ
984 1224 1045 1268 τοι·
1089 1204 1179 1286 quod
1200 1203 1328 1270 factum
1351 1212 1411 1288 est,
1434 1227 1501 1273 non
1524 1219 1597 1275 erat
1619 1214 1833 1294 angelorum,

296 1307 396 1392 αύτην
422 1307 519 1393 πηξαι
541 1309 666 1394 γωνίαν.
691 1309 746 1386 Τίς
764 1309 831 1374 ἐστι
852 1307 1043 1398 θαυμαστηγ
1088 1325 1199 1389 neque
1214 1310 1508 1395 archangelorum,
1522 1316 1626 1379 talem
1645 1318 1834 1398 compegis-

296 1410 618 1498 ἠγωνία,ἡσύνοδος
633 1423 694 1478 τῶν
709 1414 764 1478 δύο
779 1410 1043 1498 ἐθνῶν,ἡείςτην
1088 1429 1124 1475 se
1162 1416 1340 1492 angulum.
1379 1418 1465 1493 Quid
1493 1423 1667 1500 stuporem
1697 1423 1834 1483 movet?

294 1515 1043 1603 εύσέύειαν.Διὰτίείπεν,ἐνθφθαλμοῑςὴμῶνςού
1089 1518 1248 1596 Augulus
1278 1521 1424 1602 scilicet,
1461 1523 1654 1603 conjunctio
1684 1524 1830 1589 duarum

292 1624 355 1709 γὰρ
373 1621 469 1688 πᾶσίν
491 1621 557 1686 ἐστι
579 1623 615 1686 τὸ
637 1621 750 1707 θαῦμα
771 1621 963 1705 κατάδηλον.
987 1620 1043 1697 Τίς
1088 1625 1245 1700 gentium
1258 1625 1293 1686 in
1306 1643 1413 1690 unum
1426 1628 1487 1691 Dei
1499 1629 1640 1691 cultum.
1654 1631 1721 1692 Cur
1736 1630 1831 1694 dixit:

292 1729 353 1813 γὰρ
369 1728 428 1791 ούκ
450 1729 488 1792 ἐν
504 1725 691 1811 ἐκπλαγείη,
708 1726 760 1791 ὅτε
772 1725 848 1791 ἔνθα
858 1724 1040 1811 ἐσταυρώθη
1087 1728 1131 1789 Io
1144 1727 1247 1791 omlis
1260 1729 1403 1794 αοοθύοθ
1418 1731 1581 1796 Omnibus
1596 1733 1688 1795 enirn
1699 1749 1767 1796 non
1783 1737 1835 1797 est

294 1829 471 1917 ύΧριστθς,
484 1831 553 1895 ἐκεῖ
565 1839 784 1915 προσκυνεῖται
799 1830 1042 1914 ύΧριστθς,καὶ
1087 1834 1280 1910 portentum
1316 1833 1544 1915 perspicuum.
1568 1838 1730 1911 Quisnam
1764 1853 1831 1899 nou

293 1945 401 2001 πᾶσαν
416 1936 474 2021 την
490 1931 678 2020 οίκουμίνην
690 1933 890 2019 παρέδραμεν
905 1934 922 1998 ὁ
937 1933 1041 2020 λόγος,
1086 1937 1269 2016 expaverit,
1277 1937 1367 2018 quod
1379 1937 1438 2002 ubi
1446 1941 1539 2002 cruci
1547 1939 1670 2004 affixus
1678 1944 1729 2004 est
1742 1940 1835 2005 Chri·

293 2038 457 2104 συνάπτων
480 2049 519 2126 τῇ
542 2037 677 2124 ἀληθείᾳ
692 2039 854 2122 θπαντας;
869 2038 961 2104 Ἔστι
984 2040 1041 2124 μέν
1085 2040 1168 2117 stus,
1183 2038 1335 2103 Christus
1348 2040 1472 2105 ibidem
1488 2042 1657 2123 adoretur,
1670 2043 1760 2126 quod
1771 2061 1832 2128 per

292 2145 348 2209 σύν
362 2143 492 2218 καὶτοῖς
504 2143 646 2208 ὀπυσουν
662 2142 841 2222 ἐξετάζουσι
856 2142 1039 2229 θαυμαστὴ,
1085 2143 1284 2208 uuiversum
1313 2145 1428 2209 orbem
1453 2148 1602 2211 Verbum
1632 2150 1831 2228 cucurrerit,

292 2246 401 2333 πολλῷ
416 2247 451 2311 δὲ
467 2244 688 2331 θικριύέστερον
699 2255 764 2324 τοῖς
779 2246 966 2311 πιστεύουσι.
983 2247 1041 2314 Δια
1086 2263 1202 2310 omnes
1218 2248 1252 2311 in
1268 2251 1411 2314 veritate
1422 2254 1668 2317 reconcilians?
1682 2257 1745 2318 Res
1761 2255 1835 2334 qui-

291 2360 383 2416 τοῦτο
402 2352 507 2435 φησίν,
530 2351 564 2415 ἐν
587 2349 759 2436 ὀφθαλμοῖς
789 2350 888 2435 ἡμῶν.
913 2349 1039 2434 Ταύτης
1085 2349 1161 2413 dem
1177 2352 1341 2432 miranda,
1353 2355 1455 2418 etiam
1468 2355 1521 2418 his
1533 2357 1593 2437 qui
1605 2355 1833 2438 perfunctorie

293 2453 329 2519 δέ
353 2463 410 2539 της
429 2454 558 2542 χάριτος
580 2457 720 2541 χορηγὸς
738 2456 756 2520 ὁ
778 2454 869 2538 Θεὸς,
891 2453 983 2541 ἡμεῖς
1005 2455 1040 2520 δέ
1084 2455 1274 2537 observant,
1289 2459 1347 2522 sed
1371 2461 1478 2523 multo
1497 2461 1609 2540 magis
1631 2460 1832 2540 dilig-entius

292 2561 352 2645 την
368 2557 504 2645 ἄρρητον
519 2558 751 2645 φιλανθρωπίαν
767 2559 994 2647 θαυμάζωμεν.
1084 2558 1309 2624 credentibus.
1332 2564 1511 2645 Propterea
1529 2567 1580 2628 cit
1600 2566 1638 2629 τίι
1660 2566 1763 2630 οοκίκν
1777 2584 1831 2630 αα

354 2689 356 2694 v
645 2669 649 2678 '
1018 2659 1022 2670 '
1083 2663 1175 2727 stria
1192 2664 1302 2746 Hujus
1317 2671 1431 2730 autem
1448 2670 1569 2748 gratim
1584 2669 1728 2748 largitor
1739 2671 1829 2734 Deus

1085 2771 1151 2848 est3
1163 2786 1224 2833 nos
1230 2787 1310 2833 vero
1322 2771 1530 2836 indicibilem
1543 2771 1617 2853 eius
1633 2774 1831 2838 inhomines

1084 2888 1233 2936 amorem
1248 2873 1534 2956 obstupescamus.

339 3001 371 3046 v.
387 2983 440 3046 24.
456 2979 546 3065 Αύτη
561 2977 583 3064 ἡ
599 2978 704 3066 ἡμέρα
719 2977 759 3064 ἢν
779 2975 927 3063 ἐποίησεν
941 2977 960 3044 θ
975 2975 1041 3042 Κύ-
1127 2993 1159 3038 v.
1171 2977 1224 3040 24.
1236 2979 1313 3043 Hoc
1323 2983 1371 3044 est
1379 2978 1448 3044 dics
1458 2973 1647 3064 quemfecit
1656 2981 1829 3060 Dominus,

296 3105 370 3168 ριος,
394 3083 661 3170 ἀγαλλιασύμεθα
682 3085 736 3148 καί
762 3082 982 3169 εὐφρανθῶμτν
1005 3082 1039 3147 ἐν
1085 3082 1263 3147 castremus
1277 3087 1309 3149 tt
1323 3083 1467 3148 letemur
1481 3085 1518 3150 ia
1531 3101 1578 3150 ea.

292 3189 382 3273 αὐτῇ.

336 3291 543 3376 Εὐφροσύνην
565 3291 700 3364 ἐνταῦθα
722 3289 807 3378 λέγοι
823 3292 882 3377 τὴν
904 3311 1040 3376 πνευμα·
1129 3290 1382 3355 Exultatlonem
1406 3292 1453 3357 ibi
1470 3295 1520 3357 ait
1538 3296 1661 3363 mentis
1676 3297 1835 3378 spiritua·

293 3397 385 3481 τικην
407 3405 465 3480 τῆς
488 3393 636 3474 διανοίας.
663 3395 904 3482 Εὐφρανθῶμεν,
934 3397 1039 3480 φησίν,
1085 3394 1162 3456 lem.
1170 3395 1373 3476 acclamas,
1388 3397 1511 3479 inquit,
1523 3403 1697 3462 tantorum
1709 3400 1837 3481 quipo-

292 3499 339 3564 ὅτι
353 3499 510 3566 τοσούτων
533 3500 727 3586 ἐπετύχομεν
746 3509 808 3564 τῶν
823 3497 967 3583 ἀγαθῶν·
982 3519 1040 3561 κα-
1084 3498 1139 3560 titi
1151 3516 1270 3562 sumus
1282 3499 1446 3563 bonorum
1457 3526 1463 3565 :
1476 3503 1707 3566 reconciliatio
1717 3505 1780 3567 Dei
1792 3501 1834 3565 ad

292 3604 438 3690 ταλλαγη
454 3602 538 3671 Θεοῦ
553 3605 631 3688 πρὸς
646 3603 731 3689 ἡμᾶς
750 3601 893 3688 ἐγένετο·
909 3602 1040 3685 οὐρανὸς
1086 3619 1145 3664 uos
1161 3605 1324 3684 pervenit,
1340 3607 1463 3668 coelum
1480 3606 1568 3670 iacta
1584 3613 1635 3670 est
1649 3613 1751 3688 terra,
1767 3612 1833 3671 ter-

293 3707 466 3796 ἀπεδείχθη
483 3707 504 3794 ἡ
520 3716 574 3794 γη,
590 3707 620 3774 οἱ
642 3717 699 3792 τῆς
713 3717 773 3794 γῆς
790 3706 908 3786 ἀνάξιοι
924 3707 1040 3792 ἄνθρυ-
1085 3707 1158 3768 reni
1174 3706 1327 3771 homines
1347 3709 1482 3788 indigni
1498 3727 1644 3789 regnare
1664 3727 1771 3790 regno
1786 3709 1836 3774 di-

288 3833 342 3877 ποι
358 3822 415 3898 της
432 3811 592 3899 βασιλείας
607 3811 769 3898 ἐφάνησαν
784 3811 872 3892 αξιοι.
1086 3810 1147 3888 gni
1163 3811 1228 3873 visi
1244 3815 1334 3874 suut.

333 3937 364 3980 v.
378 3919 488 3981 25-27.
504 3913 546 3982 Ὠ
562 3913 670 3999 Κύριε,
688 3925 789 3980 σῶσον
798 3914 856 4002 δηί
872 3913 914 3983 Ὤ
930 3913 1038 4000 Κύριε,
1129 3932 1159 3976 v.
1176 3915 1228 3994 25,
1248 3915 1301 3996 26,
1324 3917 1377 3981 27.
1404 3917 1429 3981 O
1445 3917 1590 3998 Domine,
1616 3917 1710 3984 salto
1738 3919 1836 3985 ύοαοι

326 4127 354 4166 ν.
366 4109 410 4164 23.
423 4109 491 4166 Vat
503 4109 529 4174 4,
539 4109 582 4163 12.
595 4107 631 4163 [ο
640 4124 698 4179 quo
708 4110 869 4182 posteriore
879 4109 979 4166 codice
987 4127 1039 4166 no·
1118 4125 1146 4163 v.
1154 4107 1249 4174 ,25-27.
1262 4108 1329 4165 Vat
1341 4109 1368 4180 l,
1381 4111 1416 4170 12
1428 4108 1465 4164 oi.
1482 4110 1521 4166 Is
1535 4109 1643 4171 Jerem.
1662 4111 1782 4184 passim.
1794 4111 1835 4167 A·

231 4207 241 4228 ·
289 4197 342 4256 lim
354 4193 475 4254 diffiteri
492 4194 614 4250 inscribi
631 4195 881 4268 chrysostomum,
894 4214 928 4252 ac
940 4197 968 4252 si
978 4215 1040 4253 ma·
1084 4211 1242 4268 nonymum
1250 4195 1460 4266 origenismum
1466 4197 1555 4256 toties
1561 4197 1721 4268 laudatum,
1727 4197 1837 4254 huore-

287 4283 387 4352 lucris,
400 4288 496 4338 toturn
508 4281 614 4353 grandi
628 4283 740 4338 nomini
753 4283 888 4342 concedo.
898 4283 978 4340 Cedo
989 4301 1040 4339 au·
1082 4298 1188 4338 vocare
1200 4280 1289 4338 lubet·
1300 4281 1555 4344 “Pulchreautem
1564 4285 1612 4355 ρυί
1620 4286 1776 4351 aetianos
1786 4285 1836 4356 ρυί

290 4376 351 4426 tem
363 4369 445 4440 mihi,
458 4369 548 4428 etiam
560 4368 763 4442 chrysostomi
780 4387 844 4426 esse
857 4369 982 4426 similam
994 4375 1039 4425 ᾰκ-
1083 4366 1181 4422 veniet.
1204 4365 1324 4442 Semper
1345 4369 1424 4430 euim
1444 4367 1527 4426 veiiit
1543 4375 1576 4426 et
1594 4387 1661 4430 cum
1681 4370 1834 4430 hominum

292 4474 386 4524 φρασιν
405 4474 423 4511 a
441 4453 585 4512 Maurinis
597 4453 707 4510 editam
724 4455 756 4512 in
767 4474 795 4512 v.
808 4457 851 4527 24,
870 4455 918 4512 cui
928 4457 1040 4529 pariter
1083 4471 1191 4524 genera
1201 4459 1336 4511 versatur
1348 4455 1417 4526 (etsi
1428 4471 1488 4511 non
1501 4472 1554 4528 par
1564 4458 1701 4529 carnem),
1714 4453 1834 4513 minima

289 4543 357 4598 Vat.
368 4542 403 4597 12
409 4541 538 4616 praelixit
547 4539 749 4614 chrysostomi
763 4541 951 4616 epigraphen.
961 4543 1040 4599 Hinc
1082 4545 1188 4610 motus,
1200 4540 1319 4596 minime
1332 4542 1477 4598 transiens
1490 4541 1564 4615 (ipse
1577 4542 1656 4601 enim
1664 4541 1833 4598 immutabi-

289 4635 319 4685 et
331 4628 400 4684 inda
413 4645 446 4684 os
458 4628 546 4698 idem,
558 4643 648 4683 aurea
661 4633 691 4683 et
700 4627 825 4699 grandia
836 4629 966 4700 loquens.
979 4629 1040 4686 He-
1083 4626 1120 4682 lis
1142 4633 1173 4683 et
1192 4627 1386 4701 invariabilis)
1405 4634 1468 4686 tam
1485 4629 1591 4686 σινοίατο
1611 4646 1700 4700 quam
1721 4635 1833 4686 terram

287 4716 377 4788 xapla
396 4715 486 4785 etism
504 4732 540 4770 ex
558 4713 682 4772 ambone
699 4713 778 4770 idem
794 4715 917 4771 recitare
929 4734 989 4781 uon
1002 4717 1039 4774 ti·
1082 4713 1186 4788 implet
1199 4715 1299 4772 divina
1310 4715 1483 4787 prasentia:
1501 4731 1556 4769 uos
1568 4731 1639 4770 vero
1657 4714 1755 4770 animo
1780 4720 1833 4771 aut

286 4802 372 4864 inuit.
984 4821 987 4826 ·
1083 4799 1191 4857 affectu
1202 4801 1251 4857 vel
1268 4800 1326 4872 ipsi
1343 4800 1610 4873 appropinquamus
1628 4800 1726 4857 veleb
1740 4817 1774 4856 eo
1787 4817 1832 4856 re·

319 4889 396 4947 ν.24.
404 4889 511 4946 vasa
518 4887 606 4960 Apud
612 4887 905 4960 Gorderiumsimilia,
913 4887 965 4944 sed
973 4903 1039 4961 pro·
1083 4886 1221 4943 cedimus.
1229 4925 1244 4956 ,,
1262 4886 1361 4941 Etiam
1373 4885 1510 4941 audiatur
1522 4885 1598 4940 alter
1611 4902 1775 4958 anonymus
1784 4901 1834 4943 vo·

286 4975 394 5032 lixiora
406 4975 574 5030 tribuuntur
589 4974 705 5031 cuidam
724 4972 886 5044 Theodoro,
905 4975 955 5046 qui
968 4991 1038 5030 sana
1083 4981 1147 5029 tus:
1168 4973 1293 5028 “Altera
1311 4977 1358 5028 est
1374 4988 1480 5044 corpus
1497 4971 1631 5041 Domini;
1650 4970 1835 5042 quemadmo-

284 5078 343 5118 που
356 5067 402 5116 est
410 5061 644 5133 Mopsuestanus,
654 5077 673 5116 a
684 5060 830 5134 spirituali
841 5061 960 5138 exegesi
969 5061 1039 5118 alia·
1083 5058 1153 5114 dum
1165 5057 1244 5113 euim
1253 5058 1346 5114 altars
1360 5073 1460 5112 omnes
1469 5057 1585 5114 hostias
1597 5055 1836 5112 holocaustorum

289 5146 436 5209 pissimus.
1083 5151 1114 5208 ot
1126 5143 1265 5202 adularis
1283 5149 1314 5200 et
1330 5161 1384 5217 pro
1402 5143 1531 5216 peccatis
1549 5142 1737 5221 suscipiebat,
1750 5142 1792 5204 sic
1804 5159 1834 5200 e·
