4008 6094
298 449 340 510 22
977 451 1186 516 ORIGENES

297 587 314 650 ὁ
337 583 494 670 πορνεύων
517 589 560 664 εἰς
583 589 618 650 τὸ
640 586 717 651 ἴδιον
740 595 832 673 σῶμα
862 586 1043 671 ἁμαρτάνει.
1089 592 1262 674 proprium
1286 607 1407 673 corpus
1422 597 1551 672 peccat.
1571 627 1608 636 -
1627 591 1719 654 Idem
1733 591 1838 654 coha-

298 727 337 738 -
355 690 464 774 Τούτῳ
485 689 706 774 παραπληοιύν
729 690 795 755 ἐστι
815 693 850 756 τὸ
865 690 899 755 ἐν
914 700 958 777 τῷ
973 690 1045 756 ’iot
1092 695 1143 754 ret
1165 710 1242 755 cuni
1268 695 1309 756 iis
1332 712 1407 775 qum
1423 696 1459 757 in
1483 695 1548 758 Job
1570 694 1610 758 de
1633 694 1776 758 dracone
1793 695 1838 758 le·

295 793 465 880 λεγόμενον
487 796 627 878 περὶτοῦ
647 794 840 878 δράκοντος·
855 793 938 860 Ἰδοὺ
954 794 1043 882 6ηὴ
1088 799 1229 876 guntur,
1255 799 1445 861 «virtutem
1469 815 1569 861 suam
1598 815 1670 862 esse
1693 799 1728 862 in
1751 798 1838 860 reni·

295 897 385 982 ἰσχὺς
408 899 503 963 αὐτοῦ
526 899 559 964 ἐν
579 897 680 984 ὀσφύϊ,
703 898 777 984 ἡδὲ
800 899 927 986 δύναμις
948 902 1044 966 αὐτοῦ
1089 896 1163 978 bus,
1186 903 1221 962 et
1246 898 1478 964 fortitudinem
1509 900 1583 980 ejus
1612 901 1646 963 in
1676 900 1837 964 umbilico

296 997 346 1064 ἐπ’
361 1000 504 1086 ύμρύλου
519 1001 664 1087 γαστρός.
678 999 719 1067 Ἦ
730 1004 791 1088 γὰρ
807 1004 895 1089 ἰσχὺς
908 1014 963 1070 τοῦ
975 1003 1042 1069 δια-
1088 1004 1252 1067 ventris.»
1265 1005 1382 1067 Virtus
1394 1005 1490 1067 enim
1502 1004 1635 1068 Diaboli
1651 1004 1837 1084 prasertim

296 1103 390 1170 ύόλου
405 1105 567 1191 ἐξαιρέτως
583 1109 653 1192 περὶ
667 1109 725 1192 τὴν
742 1108 840 1193 ὀσφὺν
855 1118 910 1173 τού
926 1107 1044 1192 ἀνθρύ-
1087 1105 1179 1168 circa
1200 1124 1297 1170 renes
1318 1107 1465 1171 hominis
1490 1114 1551 1187 est,
1574 1107 1633 1170 ubi
1659 1107 1837 1170 fornicatio

295 1229 357 1274 που
379 1209 471 1292 ἐστὶν,
496 1211 574 1274 ὅπου
597 1212 633 1274 τὸ
651 1210 811 1295 πορνεύειν
832 1211 915 1276 ἐστὶν
937 1212 992 1276 καὶ
1007 1211 1044 1276 ἀ-
1087 1207 1217 1271 insidet
1238 1214 1273 1272 et
1294 1211 1442 1274 lascivia.
1468 1213 1516 1273 Ac
1537 1211 1631 1274 oolla
1654 1211 1729 1291 jam
1749 1211 1838 1276 mci-

297 1312 479 1398 σελγοιύνειν.
507 1312 572 1378 Καὶ
599 1312 704 1379 οὐκέτι
732 1314 815 1379 ἐστὶν
840 1315 921 1391 ῑασις
945 1315 979 1380 ἐν
1004 1324 1044 1400 τῇ
1088 1315 1138 1375 tas
1159 1313 1197 1376 ic
1219 1329 1314 1377 carm
1327 1330 1407 1378 ntea.
1427 1313 1517 1378 Illud
1532 1315 1658 1384 iterum
1673 1314 1749 1393 diei,
1765 1331 1839 1395 pro-

296 1416 390 1501 σαρκί
405 1439 473 1504 μου.
499 1416 651 1504 Προκοπη
674 1419 725 1483 ἐπὶ
746 1420 799 1483 τὸν
821 1418 962 1484 θάνατον
985 1427 1042 1503 της
1087 1416 1217 1494 gressio
1244 1417 1365 1480 estad
1391 1422 1538 1481 mortem
1566 1419 1678 1481 carnis
1705 1423 1739 1482 et
1764 1417 1839 1498 ejus

296 1523 412 1604 σαρκὸς
435 1523 489 1585 καὶ
510 1520 561 1585 ἐπὶ
576 1524 629 1587 τὸν
644 1522 772 1608 ὀλεθρον
794 1523 902 1608 αύτης,
926 1525 962 1587 τὸ
977 1524 1042 1611 ἤδη
1088 1519 1276 1582 interitum·
1349 1587 1357 1595 .

295 1626 440 1710 δεύτερον
455 1625 611 1711 λέγεσθαι.
1132 1640 1163 1685 ν.
1187 1625 1216 1685 9.
1239 1622 1388 1706 Afflictus
1404 1641 1489 1704 sum,
1507 1627 1539 1688 ct
1552 1623 1746 1688 humilimas
1765 1639 1840 1688 snm

338 1751 370 1795 v.
394 1733 424 1796 9.
448 1730 647 1815 Ἐκακύθην,
670 1731 725 1794 καὶ
748 1729 960 1815 ἔταπεινύνθην
983 1731 1042 1806 ἕως
1086 1726 1197 1804 εἰπεῖν,
1223 1726 1387 1810 micham
1408 1743 1430 1791 a
1448 1728 1573 1809 semida
1594 1727 1703 1794 corais
1723 1727 1797 1792 mei.

295 1833 437 1918 σφόδρα·
460 1833 605 1921 ύρυύμην
620 1834 684 1899 ἀπὸ
699 1844 874 1919 στεναγμοῦ
890 1841 948 1918 της
963 1855 1041 1918 καρ-
1131 1830 1192 1893 Dei
1215 1829 1414 1894 festivitates
1442 1830 1626 1895 hortantur
1647 1831 1689 1894 ad
1715 1848 1837 1912 panem

302 1936 370 2015 δύας
385 1960 453 2025 μου.
1086 1931 1266 1996 afflctionis
1288 1932 1651 2014 comedendum31icet
1672 1933 1748 1998 festi
1765 1934 1838 1998 dies

340 2041 382 2108 Αἱ
397 2041 502 2126 ἑορταὶ
516 2051 571 2107 τοῦ
587 2040 669 2108 Θεοῦ
690 2042 785 2126 ἄρτον
804 2039 975 2118 κακώσεως
990 2038 1043 2106 λέ.
1087 2037 1314 2116 nominentur,
1336 2037 1467 2101 animus
1485 2042 1602 2102 tamen
1625 2044 1757 2104 nostras
1774 2039 1837 2102 hu-

293 2167 383 2232 γουσι
398 2145 462 2210 δεῖν
477 2143 734 2228 ἐσθίειν·καύπερ
745 2145 850 2230 ἑορταὶ
864 2144 1040 2231 λεγόμεναι,
1087 2140 1212 2202 miliari
1231 2139 1364 2219 jubent.
1390 2144 1558 2205 «Decima
1579 2144 1671 2206 enim
1698 2143 1752 2206 die
1780 2161 1835 2206 ex·

294 2249 385 2312 αῡταὶ
397 2258 591 2314 ταπεινοῦσιν
601 2250 657 2325 τὰς
669 2249 773 2334 ψυχὰς
787 2247 887 2334 ἡμῶν,
900 2249 948 2335 Τη
966 2260 1042 2334 γοῦν
1089 2244 1289 2324 piationum,
1312 2244 1546 2326 humiliabitis,
1563 2247 1686 2328 inquit,
1704 2248 1835 2311 animas

296 2351 414 2434 δεκάτη
440 2359 502 2414 τῶν
529 2350 686 2437 ἱλασμῶν,
713 2351 929 2436 τατοεινύνσετε,
954 2354 1041 2438 φησὶ,
1087 2351 1258 2410 vestras.»
1294 2349 1459 2424 Quoniam
1488 2368 1571 2429 ergo
1604 2351 1664 2431 qui
1693 2368 1833 2414 suorum

237 2496 241 2510 .
295 2457 352 2532 τὰς
367 2455 472 2540 ψυχὰς
487 2455 581 2540 ὑμῶν,
604 2454 694 2520 Ἐπεὶ
709 2457 796 2521 οὖνὸ
818 2466 976 2542 μετανοῶν
993 2458 1043 2543 ἐφ’
1090 2453 1232 2533 poenitet
1258 2457 1483 2534 peccatorum,
1510 2460 1616 2517 semet
1647 2454 1773 2533 affligit
1800 2459 1835 2517 et

295 2559 341 2636 οἷς
355 2559 505 2644 ἥμαρτεν,
529 2557 639 2623 ἑαυτὸν
657 2561 821 2625 κακοῖκαῑ
837 2569 985 2643 ταπεινοῖ,
1001 2560 1042 2637 ὡς
1087 2556 1257 2636 humiliat,
1286 2557 1376 2620 sicut
1407 2557 1464 2620 ille
1493 2557 1705 2639 publicanus,
1732 2558 1834 2622 confi-

295 2663 414 2740 ἐκεῖνος
429 2664 447 2728 ὁ
461 2662 608 2746 τελώνης,
628 2663 646 2727 ὁ
659 2661 788 2748 θαρρῶν
803 2663 855 2728 ἐπὶ
870 2672 914 2748 τῷ
930 2662 1041 2729 ἑαυτὸν
1087 2660 1170 2723 dens
1190 2661 1226 2723 in
1242 2678 1281 2724 εο
1297 2661 1386 2742 quod
1401 2660 1472 2742 ipse
1488 2679 1523 2725 se
1538 2661 1660 2725 afflixit
1674 2667 1709 2725 et
1723 2663 1833 2728 humi-

296 2765 517 2832 nemausiensi
528 2767 582 2830 κοιλ
597 2764 868 2850 τεταπεινωκέναε,
885 2775 1043 2852 μετανοῶν
1087 2763 1195 2844 liavit,
1217 2766 1392 2845 poenitens
1416 2766 1473 2829 ille
1501 2766 1565 2829 ait:
1588 2765 1736 2849 Afflictcs
1761 2785 1834 2833 sum

296 2891 418 2956 φησιν·
444 2869 633 2954 Ἐκακύθην
661 2871 716 2935 καὶ
745 2869 955 2956 ἐταπεινύθην
985 2872 1043 2948 ἕως
1087 2873 1120 2934 ct
1140 2867 1334 2935 aemonius
1354 2887 1428 2934 acm
1448 2871 1550 2936 nimis
1572 2875 1633 2934 etc.

298 2975 420 3060 σφόδρα
434 2975 503 3041 κτλ.

336 3100 368 3144 ν.
388 3081 438 3143 11.
454 3075 495 3144 ‘ll
510 3078 625 3163 καρδία
641 3101 700 3166 μου
721 3077 897 3165 ἐταράχθη,
913 3077 1042 3165 ἐγκατέ-
1133 3095 1164 3140 ν.
1190 3079 1240 3141 ll.
1267 3079 1327 3143 Gor
1347 3096 1452 3143 mum
1473 3077 1691 3144 emaciatam
1706 3085 1763 3160 est,
1784 3080 1835 3145 de·

295 3180 367 3247 λιπέ
391 3204 429 3268 με
444 3182 466 3268 ἡ
483 3183 571 3268 ἰσχύς
587 3203 656 3268 μου,
678 3185 733 3248 καὶ
755 3185 791 3248 τὸ
813 3193 879 3268 φῶς
901 3193 963 3249 τῶν
985 3185 1040 3268 dp-
1088 3181 1224 3264 reliquit
1244 3201 1293 3246 ccc
1314 3184 1421 3247 ciricis
1442 3200 1522 3262 neec,
1548 3187 1581 3247 et
1601 3184 1711 3270 tormen
1735 3185 1836 3250 cotelo-

301 3285 435 3372 θαλρῶν
451 3307 509 3372 μου
523 3289 583 3351 οὐκ
597 3288 662 3352 ἔστι
679 3287 745 3372 μετ’
754 3287 841 3372 ἐμοῦ.
1088 3302 1162 3348 mem
1183 3302 1324 3350 moram
1345 3305 1407 3350 oon
1429 3291 1479 3351 est
1498 3304 1627 3352 omnim.

340 3388 457 3475 Ἥρην,
474 3392 560 3475 φησὶ,
578 3391 654 3456 ποτε
670 3393 796 3477 ἰσχυρὸς
812 3393 867 3455 καὶ
882 3389 1040 3456 πολιτευύ-
1132 3393 1243 3468 Eram,
1268 3391 1389 3470 iuquit,
1412 3391 1582 3472 quondam
1607 3390 1701 3454 fortis
1724 3395 1759 3454 et
1775 3391 1834 3454 bo·

299 3513 390 3578 μενος
413 3494 528 3577 καλῶς,
553 3497 681 3578 ὕστερον
697 3495 732 3558 δὲ
747 3493 908 3575 πέπτωκα,
925 3513 1043 3578 ταραχ·
1089 3499 1193 3560 nestae
1214 3495 1494 3573 conversationis3
1518 3492 1577 3556 sed
1599 3497 1766 3574 postremo
1781 3511 1833 3556 ce-

294 3597 406 3682 ύείοης
423 3619 482 3683 μου
498 3607 555 3682 της
573 3596 721 3680 διανοίας,
738 3599 792 3663 καὶ
807 3597 1042 3681 καταλιπούσης
1090 3600 1167 3678 cidi,
1183 3599 1383 3662 conturbata
1397 3605 1510 3662 menie
1525 3615 1611 3677 mea,
1626 3615 1665 3660 ac
1681 3598 1765 3660 mibi
1780 3597 1835 3660 de-

297 3723 335 3786 ρε
350 3710 407 3787 της
423 3703 548 3789 ἰσχύος·
572 3704 626 3767 καὶ
648 3705 683 3766 τὸ
706 3711 771 3788 ρῶς
794 3701 830 3766 δὲ
845 3709 906 3765 τῶν
928 3701 1043 3786 ύρθοιλ·
1090 3703 1379 3781 ficientevirtute3
1396 3704 1498 3766 immo
1514 3703 1628 3765 lumen
1648 3703 1834 3782 oculorum,

296 3815 361 3892 ρῶν
373 3827 442 3891 μου,
454 3808 531 3891 ὅπερ
543 3807 639 3893 εἶχον,
657 3807 737 3892 μετὰ
747 3808 782 3870 τὸ
797 3803 916 3891 γνῶναί
929 3825 969 3892 με
985 3807 1043 3890 τὴν
1089 3809 1179 3890 quod
1201 3807 1376 3888 habebam,
1398 3813 1576 3889 postquam
1599 3807 1833 3886 cognovissem

339 4015 573 4079 Rusiuusiao.
590 4018 620 4077 9.
637 4014 893 4078 Festivitatibus
908 4015 1042 4078 Domini
1133 4017 1281 4079 Ruriuus
1303 4016 1340 4079 io
1364 4032 1394 4079 o.
1420 4016 1469 4077 ll.
1498 4012 1592 4089 Quod
1618 4013 1647 4076 si
1674 4030 1750 4076 mea
1778 4029 1833 4077 me

298 4121 419 4184 panem
446 4119 507 4166 nos
534 4102 726 4166 afflictionis
749 4103 846 4167 edere
865 4102 1042 4183 jubemur;
1089 4101 1835 4181 fortitudodeseruit,sinedubiofuialiquan·

297 4198 331 4255 et
354 4193 389 4254 in
413 4193 494 4272 ipsis
518 4191 759 4256 festivitatibus
774 4192 908 4270 dicitur,
925 4197 964 4254 ut
980 4191 1042 4254 hu·
1089 4193 1130 4257 do
1153 4193 1262 4271 fortis,
1285 4197 1319 4254 et
1340 4192 1550 4254 conversatio
1565 4207 1640 4251 mea
1655 4189 1721 4252 luit
1737 4190 1835 4271 bona,

299 4282 409 4343 miliet
419 4279 519 4342 homo
530 4281 679 4342 animam
691 4297 803 4360 suam3
820 4285 942 4344 etcum
954 4279 1044 4344 festi·
1089 4286 1205 4364 postea
1220 4297 1300 4344 vero
1315 4280 1444 4357 cecidit,
1461 4279 1540 4360 quio
1554 4277 1695 4342 dtinuit
1707 4278 1835 4361 ntcsor·

298 4370 385 4431 vitas
414 4369 664 4449 propitiationis
697 4368 868 4448 indicitur,
902 4368 1042 4432 dicitur:
1090 4369 1192 4435 titudo
1213 4385 1293 4446 ηεεο,
1319 4371 1352 4431 et
1373 4368 1480 4432 lamec
1506 4366 1669 4432 aculonem
1694 4383 1835 4432 nmmum

300 4479 318 4516 ς
331 4457 517 4520 Humiliate
539 4457 669 4520 animus
688 4462 857 4521 vestras.»
876 4458 1039 4532 Quoniam
1088 4475 1152 4524 πονο
1173 4460 1223 4522 est
1243 4473 1372 4520 mcum.
1397 4457 1488 4518 llaec
1510 4473 1575 4518 vox
1592 4456 1686 4518 illius
1700 4455 1836 4520 videtur

300 4561 383 4623 ergo
403 4547 461 4626 qui
485 4546 651 4627 poenitens
666 4561 726 4624 pro
741 4545 872 4610 delictis
894 4547 967 4609 suis
981 4546 1044 4608 sei·
1089 4563 1172 4624 esse,
1196 4545 1255 4626 qui
1277 4549 1353 4625 post
1368 4545 1660 4623 illuminationem,
1676 4549 1752 4624 post
1767 4548 1833 4607 tra-

297 4651 397 4715 psum
420 4634 544 4712 affligit
565 4637 600 4697 et
621 4633 791 4713 humiliat,
813 4635 903 4697 sicut
925 4638 959 4696 et
984 4633 1042 4697 ille
1089 4637 1250 4700 ditionem
1274 4633 1443 4712 doctrinm,
1458 4637 1533 4714 post
1547 4633 1757 4712 agnitionem
1779 4649 1839 4694 ves

295 4721 508 4803 publicanus,
536 4722 577 4786 de
605 4739 672 4802 quo
699 4723 857 4804 superius
883 4721 1042 4801 diximus,
1090 4724 1211 4804 ritatis,
1235 4722 1271 4785 in
1294 4721 1440 4786 tenebris
1463 4721 1628 4786 decidit...
1652 4725 1759 4801 Super
1780 4719 1834 4782 his

296 4814 473 4892 propterea
502 4815 536 4872 et
562 4815 806 4891 consequenter
832 4810 915 4874 dicit
940 4812 976 4874 iu
1003 4826 1043 4873 eo
1090 4829 1173 4891 ergo
1195 4815 1441 4891 consequenter
1462 4810 1553 4891 dicit,
1583 4811 1643 4892 qui
1669 4809 1833 4872 exomolo-

297 4898 387 4979 quod
409 4917 445 4963 se
467 4916 510 4962 ex
532 4897 630 4962 corde
652 4900 814 4979 poenitere
837 4899 1043 4980 cognoscit,
1088 4903 1197 4980 gesin,
1211 4899 1244 4962 id
1256 4905 1308 4963 est
1318 4898 1563 4964 confessionem
1578 4899 1669 4963 facit.
1682 4898 1744 4959 ΒΒ.
1758 4896 1832 4978 685,

299 4987 382 5050 dicit
402 4986 542 5071 afflictus
563 4991 619 5053 etc.
642 4989 703 5050 BB.
728 4988 801 5051 685.
1092 4991 1165 5054 686.

331 5181 358 5220 v.
371 5164 396 5220 9.
410 5163 477 5220 Vat.
491 5165 532 5234 10,
547 5164 589 5235 11,
602 5164 644 5220 14.
657 5163 701 5219 cf.
714 5163 808 5224 Levis
824 5178 914 5233 xxm,
929 5162 974 5220 32.
1124 5181 1151 5221 v.
1166 5163 1208 5218 11.
1221 5162 1288 5222 Vae.
1302 5163 1327 5218 5.
1340 5162 1360 5220 l.
1374 5163 1432 5234 leg.
1444 5165 1571 5233 napea,
1583 5164 1613 5218 ὶπ
1626 5168 1728 5218 nomem
1740 5167 1796 5219 ete.
