3966 6108
291 477 354 542 468
963 482 1172 549 ORIGENES

287 643 337 686 σι·
359 622 424 688 Καί
446 625 507 709 γὰρ
524 623 541 688 δ
557 623 693 709 Χριστός
709 625 769 712 οὐχ
784 625 888 711 ἐαυτῷ
908 627 1032 711 ἤρεσεν,
1080 624 1246 688 «Etenim
1261 623 1414 688 Christus
1437 621 1586 686 nonsibi
1605 623 1744 704 placuit,
1767 620 1827 684 sed

287 723 372 789 ἀλλόι
399 725 485 791 καθα
506 724 701 814 γέγραπται·
723 727 762 794 Οἱ
782 729 950 814 ὀνειδισμοὶ
972 735 1034 794 τῶν
1079 731 1168 794 sicut
1178 729 1342 811 scriptum
1351 733 1416 792 est:
1431 727 1615 809 opprobria
1626 726 1828 808 exprobran-

286 829 495 908 ὀνειδιζόντων
511 851 548 894 σε
563 830 718 897 ἐπέπεσον
733 831 857 918 ἐπ’ὲμέ.
1079 835 1166 897 tium
1182 833 1245 897 tibi
1261 832 1456 896 ceciderunt
1470 848 1573 913 snper
1588 847 1684 894 me.»

330 955 362 999 v.
378 937 432 1000 29.
449 934 746 1021 Ἐξαλειφθήτωσαν
768 938 807 1002 ἐκ
829 935 936 1024 βίθλου
959 933 1036 1016 {dtu-
1123 955 1155 1001 v.
1171 938 1223 1002 29.
1239 937 1418 1000 Delectatur
1437 933 1475 1000 de
1489 934 1572 998 libro
1592 935 1778 1012 nitentium,
1796 936 1828 998 et

286 1059 358 1122 των,
373 1041 429 1104 καὶ
445 1041 524 1125 μετὰ
539 1038 668 1106 δικαίων
684 1042 727 1127 μή
743 1039 967 1126 γραρήτωσαν.
1078 1041 1263 1122 conjectis
1277 1057 1341 1104 ιωιι
1353 1039 1550 1106 scribantur.

329 1142 459 1230 Ἐπειδὴ
475 1145 511 1208 δὲ
526 1141 631 1230 βίόλος
654 1144 779 1223 ζώντων
803 1145 934 1229 εἴρηται,
950 1144 1035 1209 ἐπισ-
1124 1146 1288 1220 Quoniam
1305 1161 1384 1207 vero
1399 1144 1485 1207 liber
1505 1143 1695 1206 viventium
1709 1143 1829 1205 asseri·

285 1256 380 1333 τησαι
396 1246 571 1333 ἀναγκαῖον
588 1245 709 1333 μήποτε
725 1248 803 1315 εἰσιν
819 1250 901 1325 τινὲς
916 1246 945 1312 cl
958 1268 1035 1333 γρα-
1079 1253 1145 1327 tur,
1168 1249 1255 1311 scire
1278 1251 1409 1328 oportet
1429 1263 1542 1310 annon
1566 1247 1722 1311 nonnulli
1747 1247 1827 1310 scri·

287 1350 415 1437 φόμενοι
431 1353 498 1438 μὲν,
516 1352 576 1416 οὐκ
590 1351 635 1429 τίς
646 1352 732 1438 ζωήν
748 1351 793 1434 δὲ,
809 1352 881 1417 ἀλλ’
893 1353 937 1430 είς
951 1351 1037 1416 ἀπιθ-
1081 1352 1206 1416 bantur
1228 1350 1375 1432 quidem,
1395 1350 1453 1414 sed
1476 1368 1545 1414 non
1565 1351 1608 1414 ad
1630 1351 1748 1430 vitam,
1767 1351 1829 1413 im·

286 1455 385 1536 λειαν,
401 1457 481 1522 ὥστε
496 1455 551 1520 δύο
567 1457 652 1533 τινας
666 1457 878 1542 καταγραφὰς
888 1456 1035 1537 νοεῖσθαι,
1081 1472 1136 1518 mo
1152 1455 1194 1519 ad
1210 1455 1397 1535 interitum,
1413 1457 1462 1518 ita
1477 1458 1516 1517 ut
1538 1454 1663 1535 duplex
1685 1453 1829 1516 conscri-

287 1568 348 1625 των
365 1561 421 1646 μὲν
436 1561 480 1637 εἰς
495 1560 591 1646 ζωήν,
607 1568 670 1626 τῶν
686 1559 721 1624 δὲ
736 1543 965 1641 εἰς’ἀπιθλειαν,
981 1563 1036 1625 καί
1081 1562 1152 1643 ptio
1175 1561 1396 1640 discernatur,
1420 1577 1490 1623 una
1512 1559 1554 1623 ad
1576 1559 1694 1638 vitam,
1720 1558 1828 1621 altera

288 1663 367 1728 είναι
381 1663 534 1740 πολλάκις
555 1666 611 1728 καί
627 1662 806 1750 μεταόολήν
827 1672 885 1748 της
899 1670 1033 1752 γραφῆς,
1079 1665 1121 1728 nd
1133 1669 1285 1744 mortem,
1298 1669 1332 1726 et
1345 1664 1522 1746 scriptume
1533 1662 1752 1726 commutatio
1769 1679 1828 1725 sre-

287 1768 347 1833 αδν
361 1776 469 1854 γραφη
485 1770 526 1834 ro
541 1770 675 1853 πονηρὰ,
687 1768 837 1835 δύνασθαι
851 1768 1034 1855 ὲξαλειφθη-
1078 1785 1262 1852 penumcro
1277 1767 1351 1830 fiat:
1368 1770 1402 1831 et
1413 1768 1568 1848 quamvis
1584 1767 1747 1846 inscripta
1758 1765 1829 1830 sint

288 1893 339 1938 ναι
365 1872 417 1937 διόι
438 1882 500 1938 των
523 1873 661 1959 ἀγαθῶν,
685 1876 798 1940 καὶτὸ
821 1874 965 1960 ἔμπαλιν.
989 1875 1034 1942 Τό
1079 1873 1179 1952 mala,
1194 1872 1325 1953 possint
1341 1869 1468 1935 aboleri
1481 1889 1541 1952 per
1555 1869 1644 1934 bona
1666 1886 1777 1950 opem,
1793 1875 1829 1932 et

288 1975 361 2064 γάρ·
376 1976 563 2063 Ἐξάλειψον
582 1977 665 2064 κάμὲ
684 1979 747 2043 ἀπό
769 1987 827 2064 της
844 1977 951 2066 βίβλου
966 2001 1034 2062 σου,
1079 1978 1153 2040 vice
1167 1993 1274 2040 versa.
1291 1977 1362 2039 Hoc
1378 1977 1486 2039 enim:
1512 1975 1624 2038 «Dele
1646 1973 1749 2037 etiam
1768 1989 1825 2036 me

287 2081 329 2159 ὡς
343 2081 406 2168 ήδη
423 2089 480 2167 της
495 2083 529 2148 ἐν
545 2080 639 2168 βίόλιμ
655 2092 711 2147 τοῦ
727 2081 810 2150 ecco
825 2093 1035 2169 καταγραφῆς
1080 2098 1121 2144 ex
1135 2081 1222 2144 libro
1232 2085 1327 2160 tu0‚»
1341 2080 1390 2141 ait
1405 2081 1544 2162 Moyses,
1557 2096 1597 2141 ac
1607 2078 1636 2142 si
1645 2076 1718 2157 jam
1729 2079 1764 2141 in
1779 2077 1827 2141 al·

285 2182 467 2269 ἠξιωμένος,
482 2182 568 2270 λέγει
579 2183 596 2248 ὁ
608 2184 757 2270 Μωυσής·
770 2189 825 2251 καί
836 2196 890 2252 νῦν
905 2184 923 2250 ό
938 2186 1035 2252 Δανὶδ
1078 2186 1160 2250 bum
1177 2183 1237 2247 Dei
1260 2184 1364 2246 inseri
1380 2183 1508 2261 dignus
1523 2180 1644 2263 fuerit3
1668 2182 1826 2263 idemque

287 2289 358 2371 περὶ
367 2285 536 2370 Ἰουδαίων,
550 2297 611 2354 τῶν
621 2290 699 2355 ποτὲ
713 2287 907 2376 γραφέντων,
916 2292 972 2356 καί
982 2295 1036 2356 ῦσ-
1080 2306 1171 2354 nune
1193 2287 1301 2352 David
1320 2287 1360 2350 de
1383 2287 1521 2367 Judaeis,
1537 2287 1619 2350 olim
1642 2287 1825 2367 inscriptis,

286 2410 376 2475 τερον
390 2390 1036 2483 ἐξαλειρθέντων·ἐξαλειφθήτωοανέιιβί-
1080 2395 1139 2459 scd
1162 2393 1306 2457 ulterius
1328 2392 1465 2456 deletis:
1489 2393 1666 2456 Dolantur
1686 2391 1724 2455 dr
1745 2389 1828 2454 liora

287 2492 364 2559 όλου
384 2502 446 2560 των
469 2493 603 2574 ζώντων.
628 2495 824 2585 Φοδηθῦμεν
842 2500 896 2567 adv
915 2503 974 2585 τήν
994 2499 1037 2586 βί-
1079 2499 1264 2564 τίοιαίίιαα.
1289 2495 1521 2561 Formidemus
1554 2513 1637 2575 ergo
1667 2496 1757 2560 hunc
1787 2497 1828 2558 li-

287 2597 361 2665 όλον
376 2597 510 2684 ἐκείνην.
1082 2607 1194 2669 brnm.

882 2800 1049 2880 Pramus
1075 2797 1230 2879 LXIX.

330 3049 361 3093 v.
379 3031 410 3110 5,
427 3030 457 3094 6.
472 3029 759 3114 Ἀγαλλιάοθωσαν
780 3033 836 3097 καὶ
859 3029 1034 3118 εὐρρανθή-
1120 3054 1152 3098 ν.
1168 3038 1234 3098 5-6.
1250 3033 1406 3100 Εααίίοαιί
1420 3035 1451 3098 et
1465 3029 1829 3098 montaneorum

286 3127 391 3196 τωσαν
406 3131 457 3196 ἐπὶ
478 3135 529 3197 σοί
543 3131 659 3212 πάντες
673 3133 702 3199 οἱ
725 3133 894 3219 ζητοῦντές
917 3156 963 3220 σε,
979 3139 1034 3201 καί
1076 3140 1135 3221 qai
1148 3143 1296 3220 quarunt
1310 3142 1350 3217 te,
1369 3142 1400 3203 ct
1413 3137 1523 3202 dicunt
1542 3151 1683 3216 semper:
1699 3133 1828 3215 Μαραθ-

287 3233 466 3320 λεγέτωοαν
477 3233 655 3317 διαπαντός·
667 3235 901 3325 Μεγαλυνθήτω
913 3241 930 3306 ὁ
942 3241 1032 3326 Θεὸς,
1066 3245 1191 3328 ficetur
1204 3245 1303 3324 Deos,
1328 3243 1387 3325 qui
1408 3240 1552 3326 diliana!
1565 3239 1710 3305 salutare
1725 3243 1829 3303 tuam.

286 3337 316 3401 οἱ
338 3339 522 3424 ἀγαπῶντες
548 3344 585 3407 τό
608 3341 761 3428 σωτήριόν
789 3365 857 3410 σου.
884 3344 969 3433 Ἐγὼ
998 3347 1034 3412 δὲ
1078 3349 1146 3430 Epo
1166 3365 1240 3413 cero
1264 3363 1381 3431 εροιιιω
1407 3349 1439 3411 et
1462 3361 1591 3428 pauper
1615 3361 1698 3423 rum,
1725 3344 1826 3421 Dm,

286 3446 412 3529 πτωχός
433 3447 488 3510 καί
507 3444 642 3531 πένης,ό
665 3446 755 3531 Θεὸς,
780 3447 939 3534 βοήθησον
963 3469 1034 3536 μοι·
1078 3450 1196 3532 adjuvo
1210 3447 1419 3531 ataddjutor
1433 3451 1565 3514 ηιαιωσί
1574 3447 1829 3512 liberorumne

288 3545 403 3632 βοηθός
419 3570 478 3635 μου
490 3551 544 3615 καί
560 3549 676 3636 βόστης
692 3574 752 3638 μου
767 3553 797 3616 εί
807 3555 856 3637 σὺ,
867 3551 976 3639 Κύριε,
990 3555 1033 3640 μή
1079 3570 1113 3619 es
1129 3559 1175 3632 ta,
1194 3553 1339 3632 Domine,
1357 3569 1398 3616 oc
1410 3551 1557 3616 moreris.

289 3648 448 3736 χρονίσης.
470 3655 568 3720 Vatia.
585 3657 659 3736 666,
674 3656 705 3720 2.
1121 3655 1331 3721 Confitentur
1346 3658 1437 3720 enim
1456 3655 1552 3736 justi,
1575 3653 1711 3737 quando
1726 3655 1763 3719 in
1778 3654 1830 3718 eis

331 3751 614 3840 Ἐξομολογοῦνται
628 3757 690 3842 γὰρ
703 3756 731 3821 οἱ
746 3756 870 3840 δίκαιοι,
882 3769 938 3823 τοῦ
950 3758 1034 3827 Θεοῦ
1077 3765 1111 3824 et
1125 3778 1253 3842 percos
1269 3761 1359 3825 Deus
1374 3761 1417 3824 ab
1431 3761 1524 3824 omni
1540 3761 1635 3824 hoste
1651 3759 1829 3823 victoriam

287 3855 472 3941 νικήσαντος
487 3859 521 3925 ἐν
544 3860 651 3939 αὐτοῖς
677 3863 732 3926 καί
754 3862 794 3927 δι’
806 3862 908 3928 αὐτῶν
930 3864 1035 3928 πάντα
1076 3867 1166 3929 tulit.
1182 3866 1232 3928 Ea
1248 3881 1326 3928 vero
1341 3867 1501 3947 postulat,
1517 3883 1557 3930 ac
1573 3865 1602 3928 si
1613 3863 1717 3945 justis
1732 3862 1829 3926 labor

286 3959 446 4048 πολέμιον.
470 3962 609 4031 Αίτεῖδὲ
632 3975 741 4050 ταῦτα,
767 3966 809 4044 ὡς
828 3967 923 4034 πόνον
945 3968 1035 4054 ἐχόν-
1076 3973 1164 4032 esset
1179 3968 1214 4030 in
1231 3968 1410 4048 quaerendo
1425 3969 1617 4033 Dominum.
1642 3969 1707 4032 Sed
1728 3967 1828 4030 anxi·

286 4084 347 4130 των
362 4076 417 4130 τοῦ
432 4065 571 4152 ζητήσαι
585 4071 638 4134 τόν
658 4066 793 4153 Κύρων·
816 4070 899 4157 πλήν
921 4083 1034 4157 τυχοῦ-
1076 4073 1122 4135 lio
1138 4071 1199 4134 Dei
1218 4069 1410 4153 ¹fruentibus
1430 4073 1538 4136 oritur
1559 4073 1689 4152 laetitia,
1705 4077 1744 4136 ut
1766 4073 1828 4152 qni

286 4157 548 4255 structionem
572 4169 728 4258 βοηθείας,
751 4171 938 4258 ἀγαλλίασις
953 4173 1033 4260 γίνε-
1078 4179 1218 4240 exorant
1240 4173 1315 4239 fieri
1330 4176 1365 4238 in
1381 4177 1430 4240 eis
1452 4177 1727 4256 magnitudinem
1741 4177 1829 4240 divi·

287 4291 350 4354 ται,
368 4282 433 4351 τοῖς
448 4273 630 4361 εὐχομένοις
648 4285 706 4362 της
728 4277 823 4342 αὐτοῦ
839 4275 979 4362 νοήσεως
1001 4279 1034 4345 ἐν
1078 4298 1129 4344 nae
1144 4279 1308 4358 scientiae3
1325 4278 1480 4363 factoque
1502 4283 1623 4346 solutis
1639 4281 1713 4364 ejus
1728 4301 1829 4366 expe-

287 4375 393 4454 αίιτοίς
406 4375 546 4463 γίνεσθαι
562 4377 709 4466 μέγεθος·
724 4382 780 4445 καί
799 4391 909 4466 πεῖραν
924 4381 1035 4448 λαδόν-
1078 4385 1232 4462 nimenta,
1242 4383 1385 4466 hymnos
1397 4386 1529 4450 Christo
1543 4388 1655 4467 litant,
1667 4389 1727 4471 qni
1738 4388 1828 4451 salu-

284 4501 337 4558 τες
352 4489 409 4566 της
433 4483 530 4546 αὐτοῦ
553 4481 719 4570 σωτηρίας,
744 4484 917 4572 ὑμνήσουσι
939 4487 1035 4572 Χρισ-
1078 4495 1150 4552 tare
1166 4489 1227 4552 Dei
1238 4493 1298 4569 est,
1315 4493 1431 4571 utpote
1445 4493 1566 4556 salutis
1581 4496 1709 4574 auctor,
1723 4510 1825 4575 quem

285 4587 349 4666 τόν,
371 4587 407 4649 τό
430 4581 584 4671 σωτήριον
599 4597 655 4652 τοῦ
678 4587 773 4672 Θεοῦ,
792 4587 834 4668 ὡς
848 4585 955 4656 ἀἴτιον
977 4600 1034 4676 της
1081 4591 1235 4656 «videbit
1249 4595 1359 4658 omnis
1374 4611 1488 4658 caro.»
1507 4597 1570 4660 Pro
1586 4613 1654 4679 qno
1670 4601 1828 4678 precatur

285 4686 452 4774 σωτηρίας,
468 4690 544 4774 ὅπερ
567 4690 679 4775 όψεται
702 4701 792 4758 πᾶσα
806 4693 904 4779 σάρξ·
927 4693 978 4781 ἐφ’
990 4697 1036 4774 οίς
1079 4715 1121 4760 ne
1137 4696 1291 4760 tardetur
1312 4698 1414 4778 salus,
1434 4717 1476 4762 ne
1495 4717 1661 4779 magnum
1676 4702 1828 4783 patiatur

285 4795 366 4860 αίτεί
380 4796 423 4881 μή
440 4793 583 4881 χρονίσαι
598 4800 657 4884 τήν
673 4798 839 4884 σωτηρίαν,
856 4802 907 4866 ίνα
923 4803 966 4888 μή
984 4823 1035 4889 με-
1081 4801 1332 4883 detrimentum,
1348 4803 1406 4866 sed
1428 4806 1556 4869 auxilio
1576 4807 1647 4889 Dei,
1663 4812 1827 4890 tanquam

285 4898 389 4985 γάλην
417 4898 630 4987 ἀπενέγκηται
654 4901 785 4988 βλόόην,
809 4901 850 4981 ὡς
874 4904 972 4989 δπλιμ,
995 4915 1034 4992 τη
1081 4913 1187 4987 sente,
1203 4914 1412 4989 protegatur.

286 5015 341 5070 τοῦ
357 5005 440 5072 Θεοῦ
456 5004 585 5091 βοηθείᾳ
601 5006 803 5096 σκεπόμενος.

320 5213 368 5268 Pa.
383 5229 465 5280 nxrx,
479 5232 505 5268 ν.
520 5215 545 5284 5,
558 5215 583 5268 6.
599 5213 692 5270 Vatic.
704 5215 727 5282 7,
739 5217 780 5271 10.
794 5216 864 5273 Luc.
878 5235 922 5279 ιιι,
938 5221 962 5273 6.
