3966 6108
848 471 1055 558 Ευεινιιιυε
1662 474 1727 541 ιον

174 611 418 698 ἐπισυναγαγεῖν
432 610 474 676 τά
487 607 586 674 τέκνα
600 629 668 692 σου,
680 610 736 674 καί
747 609 806 676 οὐκ
816 609 926 697 έθελή-
969 615 1020 677 lui
1036 628 1248 693 congregare
1265 613 1354 679 filios
1376 616 1464 696 ίυοσ,
1488 620 1523 680 et
1536 618 1721 684 noluisti.»

103 707 108 714 ⁸
172 737 262 783 σατι.
279 715 324 782 Τὸ
344 716 408 803 γάρ
422 714 557 791 ποσάκις
579 709 718 799 ἐθέλησα
729 713 837 800 δμοιον
854 737 926 801 τυγ-
970 720 1043 781 Vox
1063 719 1154 781 enim
1169 718 1293 798 quoties
1307 718 1406 799 volui,
1434 718 1584 800 eJ'usdem
1600 703 1721 788 sensus

173 821 284 909 χάνειν
298 829 343 906 τῷ
366 819 536 897 πλεονάκις
552 819 706 904 ἐρρύσατο
730 819 854 902 αὐτούς,
870 819 926 883 καί
970 825 1022 884 est
1035 839 1076 884 εο
1091 820 1186 885 illud:
1203 822 1291 904 Soepo
1313 820 1467 887 ίιόοαεοθί
1484 841 1545 904 σου,
1568 830 1602 888 οὐ
1616 826 1722 891 illud:

172 925 224 991 τό·
244 923 314 992 Οὐκ
332 921 516 1009 ἐθελήσετε,
533 921 755 1008 παραπλήσιον
767 922 925 1010 τῶἘτα-
969 923 1026 989 sed
1038 924 1202 1006 noluistis,
1218 927 1372 990 vicinum
1395 933 1447 992 est
1460 930 1589 996 verbis:
1611 936 1644 996 ec
1657 934 1718 998 Ιιιι-

174 1027 373 1112 πεινύθησαν
388 1027 457 1104 ταῖς
473 1024 616 1112 ἀνομίαις
630 1025 744 1092 αὐτῶν.
969 1025 1095 1094 επίῐόῦόί
1108 1035 1187 1095 svnt
1200 1030 1238 1095 ίπ
1251 1031 1483 1114 iniquitatibus
1497 1034 1580 1098 εαὶε.

216 1154 249 1198 v.
266 1134 320 1197 48.
336 1131 521 1218 Εὐλογητὸς
536 1129 653 1214 Κύριος
665 1131 682 1196 ό
693 1129 776 1208 Θεὸς
791 1129 923 1216 Ἰσραὴλ
1013 1134 1106 1198 ν.4θ.
1119 1134 1312 1202 Benedictus
1322 1137 1479 1202 Dominus
1494 1129 1583 1202 Βοιοε
1594 1140 1715 1222 Israel,

174 1237 239 1303 άπὸ
254 1246 311 1302 τοῦ
326 1237 439 1313 αίῶνος
450 1237 506 1300 καί
528 1233 588 1312 ἕως
602 1244 658 1299 τοῦ
674 1234 794 1312 αἰῶνος.
813 1232 879 1299 Καί
894 1233 925 1299 έ-
967 1237 1115 1305 πεποιιίο
1129 1240 1278 1320 usquein
1292 1241 1453 1306 scandum.
1464 1243 1511 1307 Et
1523 1241 1723 1312 ποιεοποιο

172 1349 223 1430 ρεῐ
235 1349 297 1418 πάς
313 1338 440 1416 ὁλαός·
456 1337 591 1419 Γένοιτο,
607 1336 747 1423 γένοιτοί
961 1343 1123 1424 popum:
1138 1345 1226 1423 fiat,
1241 1345 1321 1426 fiat.

217 1443 366 1510 Διδάσκει
389 1444 424 1508 δέ
446 1443 552 1509 πάντα
572 1445 627 1509 τὸν
649 1443 737 1528 λαὸν,
759 1453 852 1510 τοῦτο
875 1443 925 1531 βε·
1011 1445 1116 1509 Dooet
1146 1451 1261 1510 autem
1294 1464 1429 1530 omnem
1460 1453 1634 1534 populum,
1667 1455 1723 1519 fir·

172 1547 281 1615 όαιοῦν
296 1550 332 1614 τὸ
354 1548 469 1634 δόγμα,
493 1545 534 1625 ῶς
554 1546 594 1612 ὸν
616 1545 773 1634 εὐσέύοιεν
796 1548 924 1613 ἀείκαὶ
967 1565 1062 1610 mum
1079 1547 1142 1612 hoo
1158 1548 1283 1629 dogma
1298 1555 1425 1632 tenere,
1449 1557 1489 1617 ut
1504 1555 1613 1638 Deum
1635 1576 1723 1622 sem-

27 1725 41 1746 ·
172 1651 312 1718 πάντοτε
330 1654 384 1718 τὸν
399 1650 492 1733 Θεὸν,
508 1651 712 1736 εὐλογοῦντες
730 1651 837 1738 έρόῐς
851 1673 923 1717 παι-
966 1669 1027 1732 per
1041 1656 1076 1714 et
1089 1654 1228 1717 omnino
1243 1659 1333 1717 recte
1346 1656 1468 1735 colant,
1480 1657 1719 1727 benedicentes

171 1757 255 1822 δεύει
275 1759 330 1823 καί
346 1747 490 1843 μοιστίςει
511 1757 566 1820 καί
581 1755 722 1838 κολάζει,
737 1759 793 1822 καί
814 1755 866 1842 ἐφ’
877 1758 922 1834 οίς
966 1756 1093 1820 eumin
1106 1757 1230 1837 quibus
1242 1759 1344 1822 rebus
1360 1761 1499 1842 corripit
1511 1765 1546 1850 οὐ
1561 1765 1719 1846 castigat,

171 1881 207 1926 τε
233 1860 319 1927 ἐλεεῖ
342 1861 398 1926 καὶ
421 1857 516 1938 σῶζει
541 1860 596 1923 καί
623 1859 920 1945 φιλανθρωπεύεται.
966 1864 1000 1923 et
1014 1859 1139 1942 quibus
1155 1861 1336 1925 miseretur
1347 1867 1382 1925 et
1391 1863 1503 1928 salvos
1519 1864 1601 1929 facit
1616 1871 1651 1930 οὐ
1662 1868 1720 1932 ho·

174 1963 245 2032 Ἀεί
259 1965 321 2051 γὸιρ
336 1965 391 2029 καί
402 1963 539 2029 πάντοτε
550 1965 604 2028 καὶ
620 1963 671 2028 ἐπί
681 1972 776 2030 πᾶσιν
791 1964 854 2029 άπὸ
864 1974 921 2030 τοῦ
965 1965 1074 2027 mines
1090 1969 1191 2027 amat:
1207 1982 1341 2046 semper
1355 1967 1493 2031 enimet
1506 1969 1544 2032 in
1559 1972 1717 2038 omnibus

169 2071 284 2148 αἰῶνος
297 2071 353 2134 καὶ
375 2068 435 2147 έως
448 2078 504 2133 τοῦ
527 2069 639 2146 αἰῶνος
661 2067 834 2154 εὐλογητὸς
858 2067 924 2134 Κύ-
966 2073 1000 2132 et
1013 2085 1073 2149 per
1089 2069 1251 2148 συνεῖπε
1272 2067 1397 2134 saeoulo
1421 2075 1455 2134 et
1477 2089 1586 2154 usque
1605 2075 1640 2139 in
1656 2095 1719 2141 ειυ-
1783 2079 1786 2085 ’

172 2195 237 2261 ριος
252 2174 270 2238 ὸ
285 2172 366 2251 Θεὸς
379 2172 479 2259 ἡμῶν.
494 2171 560 2238 Καί
574 2172 642 2256 ἐρεῖ
651 2171 829 2251 πᾶςὸλαός
845 2193 853 2209 ·
869 2171 925 2238 Γέ-
967 2173 1094 2251 culum,
1108 2169 1289 2237 benedictus
1311 2173 1471 2238 Dominus
1492 2177 1582 2242 Deus
1601 2185 1719 2246 noster.

171 2298 268 2358 νοιτο,
289 2275 422 2362 γένοιτο.
441 2313 479 2324 -
495 2274 562 2341 Καὶ
583 2285 675 2341 τοῦτο
696 2275 794 2362 πέρας
814 2276 925 2361 τετάρ-
967 2279 1012 2342 Et
1026 2276 1130 2340 omnis
1144 2276 1288 2356 populus
1309 2276 1410 2343 dicet:
1430 2277 1541 2360 Amen,
1559 2300 1662 2348 amen.
1679 2321 1721 2332 —-

175 2403 234 2468 της
249 2379 356 2447 όίύλου
371 2379 515 2466 ψαλμῶν.
850 2407 853 2414 ·
968 2382 1012 2444 Et
1026 2380 1083 2444 hie
1098 2380 1178 2444 finis
1194 2385 1246 2445 est
1256 2384 1370 2462 quart-i
1386 2384 1466 2449 libri
1480 2388 1699 2468 psalmorum.

203 2623 232 2664 v.
249 2605 294 2662 έθ
310 2602 387 2661 Ibid.
405 2601 490 2659 Alias
514 2600 661 2658 Eusebius
679 2600 782 2658 nodulo
806 2602 923 2666 notavit
966 2599 1012 2654 uti
1021 2596 1101 2654 idem
1118 2597 1286 2672 exponitin
1302 2599 1454 2674 prooemiis
1471 2601 1509 2658 εὐ
1527 2605 1657 2678 psalmos
1669 2610 1723 2667 μοι,

167 2691 257 2750 θυσία
274 2690 457 2764 singulorum
473 2686 602 2762 quinque
620 2687 762 2748 librorum
779 2689 923 2762 psalterii,
967 2689 1011 2744 56.
1023 2687 1135 2745 Ρεετολ
1148 2701 1239 2746 xxm.

784 2844 970 3035 Ῥεοίικιιε
996 2900 1099 2982 CVI.

214 3211 248 3256 v.
268 3193 295 3256 1.
312 3185 573 3275 Ἐξομολογεῐσθε
588 3196 632 3274 τῷ
643 3185 761 3272 Κυρίῳ,
776 3186 823 3253 ότι
842 3208 922 3274 χρη·
965 3189 1066 3253 ἅπασι
1080 3189 1346 3276 καταπεμφθῆναι
1365 3202 1504 3280 σωτηρα,
1516 3198 1572 3264 καὶ
1584 3197 1719 3288 ἐκέκρα-

170 3294 254 3373 0165.
966 3288 1024 3369 ξαν
1039 3294 1117 3375 πρὸς
1133 3289 1250 3376 Κύριον
1262 3294 1357 3376 ούτοι,
1370 3295 1403 3362 ἐν
1415 3307 1458 3383 τῷ
1469 3298 1635 3369 θλίόεσθαι
1645 3309 1719 3385 τούς

212 3397 413 3476 Ἀκολούθως
428 3399 481 3464 διὸ
500 3398 554 3462 τὸν
570 3396 650 3482 μετὸι
671 3403 781 3482 χεῖρας
797 3394 923 3481 ψαλμὸν
967 3393 1258 3482 ἐγκεχειρισμένους
1280 3397 1395 3478 αὐτοῖς.
1419 3399 1457 3468 ‘0
1486 3403 1521 3468 δὲ
1543 3406 1716 3494 φιλάνθρω-

169 3503 229 3589 την
246 3504 309 3568 τῶν
328 3503 425 3568 ἐθνῶν
440 3501 681 3588 ἐπισυναγωγὴν
703 3508 847 3581 ποιείτω,
868 3503 924 3567 καί
967 3517 1026 3575 πού
1048 3497 1115 3596 ffl-
1141 3500 1222 3564 1321
1248 3502 1289 3566 D·
1312 3503 1566 3590 κατοικητήριον,
1590 3511 1646 3574 καὶ
1665 3511 1717 3576 ἐπὶ

167 3606 337 3692 λυτροῦται
361 3607 416 3692 μὲν
439 3604 591 3690 πρότερον
617 3603 655 3668 ἐκ
676 3605 784 3689 χειρὸς
805 3602 921 3688 ἐχθροῦ
968 3601 1088 3679 τούτοις
1102 3600 1276 3685 ἐνέπλησεν
1292 3604 1397 3683 αὐτοῖς
1409 3606 1547 3693 ἀγαθῶν.
1560 3613 1716 3682 eamd.

168 3713 243 3788 τοὺς
264 3710 363 3776 πάλαι
389 3710 450 3775 ὑπὸ
472 3710 527 3774 τὸν
553 3705 671 3794 ἐχθρόν’
689 3707 745 3773 καὶ
770 3705 920 3793 πολέμιον
964 3702 1031 3772 Καὶ
1051 3701 1097 3783 τίς
1119 3706 1191 3772 ἂν...
1209 3743 1248 3754 -
1269 3706 1474 3795 Εὑρήσωμεν.
1497 3709 1572 3780 Ἐπί
1592 3716 1715 3795 τούτοις
1763 3791 1765 3796 ,

167 3809 425 3900 τῶνάνθρώπων,
441 3811 582 3878 τουτέστι
597 3813 650 3877 τόν
665 3809 811 3876 διάόολον
823 3829 922 3874 κατα-
964 3809 1162 3895 εὐχαριστεῖν
1176 3806 1262 3896 ἡμᾶς
1276 3813 1528 3896 παρακελεύεται
1539 3826 1583 3904 τῷ
1595 3817 1713 3906 Κυρίῳ,

171 3918 435 4005 δεδουλωμένους.
456 3916 660 4004 Ἐπισυνσίγει
681 3915 716 3980 δέ
741 3914 856 3992 αὐτούς
876 3915 919 3992 είς
962 3913 1132 3994 διεξιόντας
1146 3915 1187 3980 τόι
1202 3913 1277 4000 ἐλέη
1294 3916 1392 3981 αὐτοῦ
1406 3921 1462 3983 καί
1483 3921 1525 3985 τὸι
1546 3920 1715 4008 θαυμάσια

167 4026 227 4111 την
257 4025 354 4089 αὐτοῦ
382 4018 557 4107 ἐκκλησίαν
586 4023 626 4087 ἐκ
653 4019 771 4097 παντός
801 4017 917 4097 ἔθνους.
963 4015 1061 4082 αὐτοῦ
1075 4016 1255 4103 κηρύσσειν,
1270 4021 1329 4098 τὰς
1346 4020 1391 4097 είς
1404 4021 1526 4102 πάντας
1540 4029 1614 4105 τοὺς
1630 4028 1715 4106 υίοὺς

175 4130 279 4196 ymo,
297 4132 349 4192 16,
962 4129 1023 4188 τῶν
1038 4119 1209 4206 ἀνθρώπων
1230 4121 1421 4208 εὐεργεσίας,
1445 4126 1530 4206 ὅπως
1545 4129 1574 4193 σί
1596 4131 1712 4211 πάντες

211 4252 244 4297 η,
261 4233 291 4296 5,
307 4228 504 4354 ’Efflpafiw
526 4232 604 4314 πρὸς
618 4227 735 4313 Κύριον
750 4227 820 4292 κτλ,
835 4227 917 4295 Edd.
961 4226 1021 4310 την
1034 4224 1129 4310 χάριν
1150 4227 1210 4312 τὴν
1225 4226 1269 4304 είς
1291 4223 1376 4312 ἡμᾶς
1390 4228 1575 4317 γενομένην,
1598 4238 1653 4300 καὶ
1670 4239 1711 4302 τόι

164 4336 222 4402 col.
242 4337 324 4401 1321
346 4336 377 4402 0.
962 4327 1037 4414 ἐλέη
1053 4339 1108 4393 τοῦ
1124 4327 1208 4396 Θεοῦ
1223 4328 1384 4415 μαθόντες,
1397 4331 1573 4399 σπεύσωσιν
1587 4335 1639 4402 έπί
1651 4339 1710 4424 την

210 4435 251 4504 Οἱ
265 4446 327 4504 τῶν
349 4437 446 4505 ἐθνῶν
467 4444 663 4522 προεστῶτες
684 4444 741 4500 τοῦ
763 4433 846 4502 Θεοῦ
861 4434 917 4518 άγ-
960 4430 1066 4498 αὐτῶν
1078 4429 1238 4517 σωτηρίαν
1253 4433 1319 4499 edd.
1338 4437 1423 4499 1324
1442 4438 1473 4503 0.
1489 4436 1711 4528 δεδουλευομέ-
1740 4495 1743 4500 .

166 4541 266 4629 γελοι,
282 4543 334 4606 σία
345 4541 385 4628 δὴ
403 4538 547 4627 ποιμένες
562 4547 620 4623 τῆς
635 4535 831 4623 ἀνθρωπίνης
844 4535 918 4623 ἀγέ-
960 4557 1017 4619 νοι,
1030 4536 1065 4601 έν
1079 4535 1187 4601 σκότει
1201 4545 1259 4621 της
1274 4535 1430 4621 ἀγνωσίας
1442 4537 1525 4606 Θεοῦ
1538 4541 1711 4628 διάγοντες,

164 4645 235 4731 λης,
251 4642 343 4712 έόίων
353 4647 431 4730 πρὸς
445 4646 499 4709 τὸν
510 4643 591 4711 Θεὸν
602 4641 793 4719 ἱκετεύοντες
812 4642 917 4706 κοινὸν
961 4639 1106 4727 πτωχείᾳ
1126 4661 1161 4707 τε
1177 4641 1283 4727 ψυχῆς
1298 4643 1354 4706 καί
1367 4641 1485 4723 κλαίοις
1500 4646 1639 4733 σιδηροῖς
1654 4671 1711 4716 κα-

159 4867 162 4874 ’
199 4851 250 4910 Ρε.
273 4867 333 4922 οτι,
354 4868 382 4907 v.
406 4851 421 4906 1
444 4855 500 4906 εὐο.
518 4847 645 4906 Videtur
665 4845 774 4920 duplex
795 4844 918 4902 Eusebii
960 4846 1024 4918 bus,
1036 4849 1071 4902 υὸ
1083 4845 1119 4902 de
1131 4845 1246 4902 oaeteris
1258 4843 1473 4919 fonssibussuis,
1485 4854 1715 4922 praetermorem

164 4938 392 4996 commentarius
405 4936 494 4994 simul
506 4949 666 4991 ooourrere.
679 4933 766 4990 Prior
776 4933 917 5006 vulgatus
960 4933 1170 5004 Μευιύυοτυπι,
1177 4936 1348 4987 constanter
1357 4931 1434 4988 silet.
1442 4932 1519 4990 Sane
1528 4937 1714 4997 υοείτίοούό.

166 5045 186 5083 ε
198 5023 338 5082 Gorderio
349 5023 478 5080 simulet
489 5039 509 5077 ε
520 5019 759 5091 ΜουύεθεΙοοπὶο,
775 5021 826 5091 qui
838 5018 916 5077 abeo
960 5017 1337 5090 Vatia.11,16fereomnia
1346 5019 1500 5093 utriusque
1510 5021 1632 5080 editoris
1645 5043 1713 5085 con-

165 5113 239 5177 ὐυοε
250 5111 351 5182 tacito,
361 5109 468 5181 omnia,
477 5107 580 5183 paucis
589 5107 730 5181 exeeptis,
735 5107 855 5181 recepit,
864 5113 918 5165 αυτ
960 5105 1087 5176 firmana
1100 5104 1153 5160 κοῶ
1162 5119 1222 5160 non
1231 5104 1333 5177 paucis
1345 5121 1412 5162 oum
1420 5107 1615 5167 varietatibus
1625 5129 1715 5187 supra

165 5199 233 5257 aliis
245 5215 334 5271 quam
350 5197 462 5254 nostris
474 5212 545 5252 αειιε
564 5200 611 5253 ost
628 5193 787 5264 οοὸίοἱὸυσ,
800 5192 836 5251 de
854 5194 917 5266 qui·
961 5190 1075 5267 positis,
1088 5209 1123 5248 εο
1134 5197 1280 5265 praterea
1291 5190 1405 5248 addunt
1416 5195 1511 5254 multa
1523 5201 1684 5271 sequentia

247 5305 399 5350 επεεεστι
418 5304 462 5362 ιιι,
483 5287 530 5346 θθ.
