4020 6098
213 1955 218 1966 .
302 1893 395 1962 Θεοῦ.

307 399 372 464 216
982 359 1194 463 omousios

348 534 431 602 Οὐδὲ
455 537 518 622 γόιρ
548 535 635 621 είχον
661 535 756 620 ἄρτον
781 535 835 600 τόν
861 533 1052 619 στηρίζοντα
1141 541 1260 621 Neque
1276 540 1366 602 enim
1382 539 1553 602 habebant
1567 554 1689 619 panem
1701 536 1760 618 qui
1772 552 1852 600 oon·

303 640 436 726 καρδίαν
450 642 561 723 αὐτῶν,
586 640 713 704 οὐδὲτὸ
736 639 818 723 ὕδωρ
832 640 869 703 τό
893 638 965 722 ζῶν,
981 641 1052 723 περί
1098 641 1199 707 fortet
1218 660 1276 706 cor
1298 660 1425 722 eorum,
1449 646 1655 722 autequam
1670 641 1784 704 vivam
1808 639 1851 703 de

304 747 340 810 οῦ
355 745 500 832 λέγεται·
515 742 552 810 Ὁ
568 743 662 808 πίνων
678 743 717 806 ἐκ
730 751 786 807 τοῦ
801 743 923 824 ὕδατος,
937 742 973 805 οῦ
987 742 1050 827 ἐγὼ
1103 763 1171 828 qua
1186 747 1314 810 dictum
1331 753 1396 811 est:
1416 748 1505 823 «Qui
1521 746 1608 809 bibit
1619 763 1660 808 ex
1672 745 1736 808 hac
1747 761 1849 824 aqua,

237 902 240 908 .
303 849 394 936 δόισυ
410 851 505 936 αῦτη),
521 850 558 913 οῦ
575 849 618 934 μὴ
635 846 764 932 διψώσει
779 847 823 925 εἰς
837 846 891 911 τόν
907 848 1016 912 αἰῦνα.
1098 869 1200 934 quam
1217 868 1283 930 ego
1305 852 1391 916 dabo
1414 853 1476 932 illi,
1492 868 1560 914 non
1582 852 1675 914 sitiet
1697 850 1734 912 in
1749 853 1850 912 ater·

1099 972 1224 1018 num.»

347 1079 380 1124 v.
397 1059 427 1123 6.
444 1055 510 1123 Kal
524 1057 699 1144 ἐκέκραξαν
713 1060 791 1144 πρός
806 1056 934 1144 Κύριον,
957 1057 1051 1144 ἐντῷ
1142 1077 1174 1122 ν.
1192 1061 1222 1122 6.
1237 1061 1284 1123 Et
1296 1058 1516 1124 clamaverunt
1525 1056 1568 1122 ad
1581 1057 1757 1136 Dominio,
1776 1073 1850 1122 εααι

304 1159 608 1239 θλίδεσθαιαῦτοός.
1095 1161 1343 1227 tribularentur.

348 1266 438 1334 Καθδ
452 1269 510 1347 τόις
529 1269 608 1355 ὑπὲρ
622 1269 726 1335 αὐτῶν
748 1267 883 1347 ἱκετείας
899 1266 1052 1354 ἀνέφερον
1142 1266 1431 1341 Quemadmodum
1458 1283 1564 1348 super
1594 1281 1650 1329 eos
1679 1264 1852 1346 prophetae

307 1369 520 1457 οίπρορηται.
1098 1370 1290 1450 supplicum
1306 1374 1386 1433 vota
1400 1370 1566 1433 tulerunt.

347 1497 379 1560 v.
399 1479 428 1540 7.
444 1475 509 1541 Καί
531 1474 697 1562 ὡδήγησεν
712 1477 826 1552 αὐτοὺς
848 1476 892 1553 εἰς
915 1475 987 1542 δδόν
1002 1476 1051 1540 ab·
1140 1491 1171 1535 v.
1188 1473 1219 1536 7.
1234 1475 1280 1537 at
1292 1473 1424 1538 dedum
1437 1491 1489 1539 tos
1502 1475 1539 1537 iu
1557 1472 1645 1536 odam
1659 1476 1789 1552 rectam,
1810 1477 1851 1538 τοί

305 1579 401 1664 θεῖσιν,
417 1590 473 1645 τοῦ
487 1579 679 1665 πορευθῆναι
693 1580 737 1658 εἰς
752 1579 842 1644 πόλιν
860 1599 1052 1666 κατοικητη-
1095 1576 1185 1641 irent
1196 1577 1235 1642 in
1249 1577 1415 1644 civitatem
1428 1577 1650 1644 habitationis.

305 1683 383 1771 ρίου.

347 1789 444 1868 Πόλις
457 1785 701 1874 κατοικηιηρίου
717 1787 800 1854 ἐστίν
821 1784 843 1872 ἡ
866 1792 979 1873 γνῶσις
997 1796 1052 1852 τοῦ
1143 1785 1269 1848 Civitas
1285 1785 1505 1850 habitationis
1520 1789 1572 1850 est
1586 1784 1737 1864 cognitio
1751 1785 1824 1848 Dei.

347 2019 380 2063 ν.
406 2000 457 2064 10.
480 1994 688 2083 Καθημένους
710 1995 744 2060 ἐν
766 1994 872 2061 σκότει
896 1998 951 2061 καί
977 2003 1053 2082 σκιᾷ
1141 2011 1173 2056 ν.
1199 1995 1250 2057 10.
1278 1993 1427 2060 Sidentia
1452 1993 1490 2058 in
1515 1992 1654 2058 temate
1679 1999 1711 2058 et
1735 1992 1848 2058 umbra

225 2101 227 2106 ’
303 2102 457 2184 θανάτου,
471 2099 707 2187 πεπεδημένους
722 2099 756 2165 ἐν
778 2098 921 2186 πτυχείγι
935 2101 990 2164 καί
1005 2121 1050 2166 σι·
1098 2099 1223 2179 corta,
1239 2099 1427 2182 compeditos
1442 2100 1480 2163 io
1489 2095 1693 2164 deodatae
1703 2098 1850 2192 etserro.

305 2205 401 2292 δήριι.

347 2310 439 2378 Καθό
460 2317 526 2395 ρῦς
548 2307 664 2373 ἐστινδ
686 2306 819 2394 Κύριος,
842 2305 947 2393 ἐξάγει
968 2303 1054 2392 ἡμᾶς
1147 2305 1220 2379 Qua
1236 2305 1352 2368 lumen
1368 2311 1420 2369 est
1434 2307 1609 2386 Dominus,
1625 2323 1686 2370 nos
1702 2307 1792 2370 eruit
1807 2323 1849 2369 ex

303 2417 342 2482 ἐκ
357 2413 507 2491 σκότους·
521 2412 601 2479 καθὸ
624 2413 659 2478 δὲ
674 2412 752 2497 ζωὴ,
775 2411 815 2476 ἐκ
836 2419 927 2488 σκιάς
951 2410 1053 2476 θανά·
1098 2409 1257 2488 tenebris5
1275 2427 1343 2489 qua
1354 2415 1469 2472 autem
1482 2411 1564 2490 vita,
1577 2428 1618 2473 ex
1631 2410 1752 2474 umbra
1763 2425 1848 2472 mor·

304 2538 377 2586 του·
392 2519 447 2582 καί
468 2516 563 2582 πάλιν
578 2515 620 2595 ὡς
638 2517 778 2597 δυνατός,
801 2513 959 2599 διαρρηξει
980 2513 1050 2576 δεσ-
1097 2512 1153 2575 tis.
1169 2515 1312 2593 Insuper
1327 2515 1378 2577 uti
1394 2518 1523 2595 potens,
1543 2515 1683 2577 vincula
1705 2514 1848 2577 disrum-

306 2625 392 2712 μυός.
408 2661 449 2672 -
464 2620 630 2706 Κάθηνται
653 2621 709 2706 μὲν
723 2619 758 2685 ἐν
780 2619 885 2684 σκότει
900 2620 955 2682 καί
979 2625 1054 2703 σκιᾷ
1098 2619 1165 2697 pat.
1181 2615 1305 2708 Sedent
1320 2617 1457 2698 quidem
1469 2617 1505 2680 in
1521 2618 1671 2680 tenebris
1684 2620 1718 2680 et
1728 2617 1850 2681 umbra

305 2729 448 2796 θανάτου
464 2727 492 2792 ol
503 2724 616 2812 ἀγνοίᾳ
627 2725 800 2805 συζῶντες·
815 2721 1008 2808 πεπέδηνται
1019 2723 1055 2787 δὲ
1100 2721 1219 2784 mortis
1239 2723 1300 2802 qui
1322 2723 1445 2783 vivunt
1467 2721 1503 2783 in
1527 2721 1738 2800 ignorantia3
1761 2719 1849 2782 ferro

309 2832 426 2919 σιδήρῳ
442 2833 471 2898 οἱ
486 2831 519 2896 ὲν
533 2829 633 2914 κακία
648 2829 820 2914 διάγοντες.
1100 2829 1214 2887 autem
1242 2825 1424 2906 compediti
1451 2829 1542 2904 sunt,
1573 2825 1633 2904 qui
1660 2825 1696 2887 in
1722 2823 1854 2887 malitia
1991 2815 1992 2818 ’

1100 2933 1249 2991 manent.

349 3063 381 3108 v.
400 3043 450 3106 11.
465 3035 539 3105 Ὀτι
559 3035 796 3122 παρεπίκραναν
817 3037 859 3100 τὰ
880 3032 974 3120 λόγωι
993 3044 1050 3100 τοῦ
1145 3051 1176 3094 ν.
1195 3035 1245 3096 11.
1267 3031 1765 3113 θαιοοααοετδαεεννιαίείορυὶα
1776 3029 1849 3109 Dei,

306 3145 400 3228 Θεοῦ,
415 3144 471 3209 καὶ
492 3145 551 3228 την
575 3139 691 3228 βουλὴν
708 3149 765 3204 τοῦ
778 3136 925 3224 Ὑψίστου
945 3138 1052 3224 παρθι-
1100 3141 1132 3202 at
1145 3137 1317 3203 οοαοίίίανα
1336 3136 1504 3200 Atttssimi
1517 3137 1744 3200 irtitooeniot.

307 3249 410 3330 ξυναν.

351 3351 458 3436 Βουλη
474 3346 592 3434 Κυρίου
607 3346 734 3434 λέγεται
749 3347 838 3434 φύσις
854 3346 942 3432 ἁγία,
958 3344 980 3431 ἡ
996 3368 1057 3413 πα-
1146 3345 1332 3408 consilium
1350 3344 1486 3407 Domini
1501 3347 1855 3425 nuncupaturnatura
1991 3309 1992 3336 ἶ

308 3453 497 3541 ροξυνορένη
512 3454 563 3518 ἐπὶ
577 3462 643 3530 τοῖς
658 3452 900 3539 ἁμαρτάνουσιν.
1102 3453 1229 3529 saneta,
1248 3466 1322 3530 quae
1339 3449 1564 3512 exacerbatur
1578 3463 1683 3530 aupes
1705 3451 1855 3529 peccato·

1105 3569 1169 3616 res.

352 3684 384 3728 ν.
404 3665 454 3728 12.
471 3661 536 3728 Καί
550 3660 744 3746 ἐταπεινώθη
760 3661 794 3727 ἐν
817 3659 926 3738 κόποις
941 3659 963 3747 ἡ
978 3681 1057 3745 καρ
1145 3677 1177 3720 ν.
1195 3659 1246 3722 12.
1261 3659 1308 3744 Et
1329 3658 1541 3723 tamdictum
1566 3660 1614 3722 est
1634 3656 1672 3720 ιἰι
1694 3654 1856 3722 undeno

304 3766 357 3834 δία
379 3771 492 3852 αῦτῦν,
514 3766 704 3854 ησθένησαν,
727 3767 782 3830 καί
805 3767 864 3830 οὐκ
884 3765 957 3851 ovo
981 3763 1056 3853 βοη-
1100 3778 1154 3827 cor
1175 3778 1303 3861 ορατιονις
1326 3761 1488 3844 infirmati
1514 3767 1603 3841 suot,
1629 3759 1855 3844 metuitque·

307 3872 379 3942 θιῖιν.
1102 3865 1284 3946 adjiceret.

348 3974 388 4042 Οί
402 3977 436 4041 ἐν
449 3983 612 4060 κοσμικαῖς
627 3973 748 4056 κόποις,
763 3983 982 4038 ταπεινοῦνται
997 3975 1055 4058 τὴν
1147 3972 1210 4046 Qui
1226 3972 1262 4034 in
1279 3972 1499 4035 saecularibus
1523 3971 1613 4034 curis
1638 3973 1728 4048 sunt,
1744 3969 1854 4032 humi·

306 4079 456 4166 καρδίαν·
471 4078 667 4165 ησθήνησαν,
683 4077 725 4154 ὡς
741 4079 797 4142 καί
814 4079 850 4142 τό
865 4079 952 4160 παρὰ
967 4075 1052 4142 llat-
1101 4076 1230 4138 llantur
1245 4075 1354 4153 corde
1370 4081 1451 4140 suut
1463 4074 1599 4154 infirmi,
1614 4079 1653 4136 ut
1666 4073 1756 4155 apud
1768 4075 1854 4137 Pau·

306 4185 371 4268 λῳ·
386 4183 505 4248 Πολλοί
521 4182 672 4258 ἀσθενεῖς.
688 4180 771 4247 Καί·
786 4179 975 4266 Ἀντὲχεσθε
994 4189 1056 4247 τῶν
1100 4180 1191 4242 lum:
1217 4180 1344 4242 «Multi
1368 4179 1536 4243 debiles.»
1564 4181 1608 4242 Et
1625 4177 1726 4258 juxta
1748 4177 1851 4242 illud:

307 4287 457 4368 ἀσθενῶν,
487 4289 543 4351 καί
571 4289 625 4352 τόν
655 4285 848 4352 ἀσθενοῦντα
879 4295 919 4370 τῇ
954 4284 1056 4351 πίστει
1101 4281 1276 4346 Debilibus
1299 4284 1475 4363 occurrite,
1494 4288 1528 4346 et
1543 4282 1718 4346 infirmum
1734 4284 1771 4346 in
1786 4281 1853 4347 fide

308 4390 599 4479 προσλαμθόινεσθε.
1100 4387 1273 4467 suscipite.
1290 4407 1307 4446 ν

349 4518 381 4563 ν.
400 4499 450 4561 16.
465 4491 534 4561 Ὁτι
548 4493 730 4580 συνέτριψεν
744 4492 845 4572 πάλας
856 4493 983 4580 χαλκᾶς
998 4497 1055 4560 καί
1144 4510 1176 4554 ν.
1195 4493 1245 4555 16.
1266 4492 1348 4567 Quid
1362 4492 1515 4558 οῦκίνίυόί
1522 4495 1639 4572 porto
1652 4489 1799 4572 ferreae,
1818 4492 1849 4554 et

307 4599 446 4688 μοχλοὺς
461 4599 608 4684 σιδηροῦς
622 4597 821 4665 συνέθλασεν.
1099 4600 1200 4662 nectes
1214 4595 1347 4678 ferreos
1362 4595 1532 4679 constetit.

350 4705 499 4791 Δεσμοὺς,
515 4703 618 4781 πύλας
632 4704 769 4792 χαλκᾶς,
784 4707 856 4792 titos
870 4707 927 4785 τόις
941 4705 1056 4785 κακίας
1145 4702 1301 4780 Vincula,
1323 4706 1436 4782 portas
1456 4719 1560 4764 aereas
1583 4701 1654 4764 sive
1677 4699 1849 4780 nequitias

341 4931 369 4971 v.
383 4914 408 4968 6.
421 4913 488 4970 Vae.
502 4913 527 4968 5.
1136 4929 1164 4967 v.
1179 4911 1220 4963 11.
1234 4909 1300 4964 Vat.
1314 4907 1339 4961 5.

338 5017 366 5057 ν.
380 5001 406 5055 7.
419 5001 480 5056 Vat
492 5001 518 5055 5.
1134 5014 1162 5055 v.
1176 4997 1217 5050 12.
1231 4995 1299 5050 vat.
1311 4994 1338 5048 4.
1352 4993 1368 5049 1
1382 4991 1447 5049 Cor.
1461 5010 1503 5064 xl,
1513 4992 1557 5050 30.
1570 4991 1655 5085 Rom.
1669 5008 1731 5063 mv,
1744 4992 1770 5048 1.

340 5107 367 5146 ν.
382 5089 424 5144 10.
438 5089 505 5145 Vat.
518 5088 544 5158 5,
558 5089 600 5144 16.
1135 5102 1163 5142 ν.
1176 5083 1220 5139 16.
1233 5083 1301 5139 Vat.
1313 5081 1340 5134 5.
