3966 6108
285 447 348 509 508
962 453 1172 519 ORIGENES

285 583 450 673 Ἰορδάνης
472 587 614 676 ἐστράφη
639 590 683 669 εἰς
706 592 746 656 τόι
768 587 877 656 όπίσω.
901 591 952 658 Te
977 593 1036 678 όρη
1081 598 1310 660 conversetoosi
1324 599 1513 662 retrorsum.
1529 597 1654 661 Mettius
1670 596 1835 662 emittes-

285 686 477 776 ὲστιίρτησαν
492 691 567 758 ὡσεὶ
580 696 672 779 κριοὶ,
689 697 743 760 καὶ
759 694 788 760 oi
806 693 910 781 βουνοί
926 695 968 775 ὡς
983 697 1038 782 ἀρ·
1080 697 1415 780 nutricationis,
1434 702 1466 764 et
1483 698 1581 765 colito
1602 699 1688 766 rimo
1707 701 1787 784 αρπό
1801 717 1836 764 o-

269 789 340 860 νία·
351 792 517 878 προόάτων
534 796 605 862 κτλ.
622 796 705 865 Ἀπὸ
727 798 897 884 προσώπου
918 798 1037 885 Κυρίου
1080 801 1202 866 oium...
1218 801 1350 884 Asooie
1361 803 1495 868 Domini
1505 808 1657 868 commoto
1668 807 1717 868 coi
1732 807 1833 868 terra.

285 895 442 983 ἐσαλεύθη
457 898 480 983 ἡ
496 908 572 985 γη...
1076 963 1078 968 .
1320 913 1327 930 ·

328 1000 441 1066 'Booti
454 1024 493 1088 γε
508 1001 671 1091 σημαίνειν
686 1005 704 1071 ό
719 1005 813 1093 λόγος
829 1005 974 1094 μετέχειν
995 1027 1039 1074 τι·
1125 1010 1248 1073 Noture
1264 1009 1320 1074 hie
1335 1025 1446 1074 sermo
1461 1011 1559 1075 visus
1574 1015 1635 1092 est,
1651 1011 1837 1094 quemdem

250 1137 251 1142 ι
275 1106 338 1182 νὸς
353 1103 540 1193 αἰσθητικης
562 1110 617 1173 καί
632 1107 859 1196 ἀντιληπτικης
882 1121 938 1176 τοῦ
953 1109 1037 1178 Θεοῦ
1081 1113 1144 1176 Dei
1158 1113 1332 1194 virtutem,
1344 1115 1501 1178 sensibus
1517 1118 1551 1178 et
1565 1116 1741 1178 intellectu
1756 1131 1835 1196 per-

285 1205 447 1295 δυνάμιως
463 1219 569 1276 πᾶσαν
584 1213 642 1297 την
657 1212 767 1296 κτίσιν,
781 1213 822 1291 ὡς
837 1217 892 1280 καὶ
904 1215 986 1281 αῦτόι
996 1215 1039 1279 τά
1081 1215 1273 1298 oipientem,
1285 1217 1390 1282 fuisse
1401 1219 1494 1280 omni
1506 1222 1671 1283 ereaturae
1685 1220 1733 1282 ite
1743 1234 1837 1282 oom-

286 1311 477 1397 νομιζόμενα
499 1313 621 1400 ἀψυχα,
644 1316 702 1400 όρη
726 1318 781 1382 καὶ
803 1320 876 1396 τοὺς
898 1316 1038 1403 βουνοὺς,
1080 1321 1300 1400 munioetem,
1317 1326 1357 1383 ut
1372 1322 1660 1402 quaesineeuiure
1673 1325 1836 1404 reputen-

286 1418 330 1503 μὴ
355 1415 575 1502 ἀνεπαίσθητα
597 1418 761 1505 γεγονέναι
785 1430 843 1508 της
864 1419 1038 1500 ἐπιδόσεως
1081 1426 1149 1503 tur,
1165 1427 1296 1488 montes
1312 1429 1346 1488 et
1363 1425 1476 1504 eolles
1493 1443 1613 1490 sensus
1628 1443 1698 1490 nou
1716 1431 1834 1490 essent

283 1530 342 1585 τοῦ
364 1521 458 1604 Θεοῦ,
482 1531 540 1609 της
562 1521 596 1589 ὲν
619 1522 726 1602 αῦτοῖς
748 1523 930 1612 γενομένης,
953 1527 1038 1593 κατὰ
1082 1531 1247 1608 expertes,
1255 1528 1390 1608 quaudo
1398 1530 1489 1593 Deus
1501 1529 1654 1594 aseendit
1662 1531 1838 1612 etinipsis

283 1625 340 1689 τόν
354 1626 466 1709 καιρόν
482 1634 540 1710 τῆς
555 1624 764 1712 ἑξΑἰγόπτου
778 1625 916 1713 πορείας.
928 1627 969 1694 ‘H
981 1628 1038 1714 μὲν
1080 1628 1221 1692 incessit
1232 1631 1268 1694 in
1279 1637 1430 1713 tempore
1444 1635 1556 1698 exitus
1567 1634 1610 1698 eb
1622 1637 1779 1717 egypto.
1793 1635 1837 1698 Id

283 1729 351 1815 γόιρ
364 1727 524 1807 Μωῦσέως
535 1731 643 1816 γραφη
656 1730 797 1797 διδάσκει
807 1730 963 1817 λέγουσα·
974 1730 1039 1798 Κύ-
1081 1733 1207 1814 quippe
1215 1735 1340 1817 Moysis
1352 1737 1528 1817 Scriptura
1540 1741 1693 1818 testetur,
1705 1739 1836 1803 dicens:

284 1851 349 1915 ριος
363 1829 403 1895 ἒκ
418 1830 498 1898 Σινᾶ
521 1833 621 1918 ὤφθη,
637 1836 694 1899 καὶ
715 1833 872 1920 ἒπέφανεν
894 1835 928 1914 ἐξ
946 1836 1037 1920 όρους
1083 1837 1278 1902 «Dominus
1293 1855 1336 1902 ex
1351 1841 1432 1904 Sine
1442 1842 1538 1904 visus
1549 1845 1610 1920 est,
1624 1846 1658 1905 et
1673 1843 1837 1923 apperuit

249 1965 252 1974 ι
283 1931 414 2020 Χωρὴῦ,
430 1938 487 2000 καὶ
501 1936 633 2022 ἄγγελοι
648 1934 715 2024 μετ’
731 1939 837 2004 αυτοῦ.
849 1938 915 2006 Καὶ
926 1937 1036 2025 ἀνέθη,
1081 1959 1123 2004 ex
1139 1948 1254 2006 monte
1270 1945 1391 2024 Horeb,
1408 1950 1442 2008 et
1456 1947 1573 2024 angeli
1595 1964 1676 2010 eum
1697 1948 1766 2010 illo.
1792 1947 1842 2010 Et

285 2042 373 2126 φησὶ,
389 2040 528 2127 Μωυσῆς
543 2044 587 2121 εἰς
599 2045 635 2108 τό
652 2044 733 2130 όρρς,
750 2047 806 2110 καί
819 2045 885 2110 ίδιν
896 2047 937 2110 τὰ
950 2046 1036 2131 ίχνη,
1080 2045 1233 2110 escendit
1249 2049 1389 2130 Moyses,
1406 2049 1466 2126 uit,
1483 2050 1518 2112 in
1543 2053 1703 2128 montem,
1727 2054 1761 2112 et
1783 2051 1836 2114 vi-

284 2145 360 2212 ἔνθα
376 2146 553 2233 ἐστηνεσαν
569 2149 597 2214 οἱ
612 2149 707 2226 πόδες
722 2171 803 2229 σου,
814 2149 880 2216 Καὶ
895 2150 938 2228 ὡς
952 2151 1036 2230 όλοις
1080 2150 1131 2213 dit
1146 2152 1305 2230 vestigio,
1330 2151 1389 2215 ubi
1412 2155 1581 2216 steterunt
1602 2153 1703 2234 pedes
1733 2155 1796 2218 tui.
1814 2175 1836 2212 ν

284 2250 529 2336 τεσσαράκοντα
555 2254 639 2318 ἔτεσι
664 2263 720 2319 τοῦ
743 2254 824 2319 λαοῦ
845 2253 1037 2332 κυκλοῦντας
1079 2253 1837 2335 Aeproptereequodperquedregiutuanuos

284 2356 344 2440 τὴν
359 2356 488 2442 ἔρημον,
505 2365 601 2443 συνην
613 2357 719 2436 αὐτοῖς
729 2360 766 2422 τό
777 2357 866 2426 θεῖον
877 2357 1037 2426 ἐπιῦαῖνον
1079 2358 1225 2438 populus
1239 2357 1400 2420 circuivit
1410 2357 1639 2438 solitudinem,
1652 2358 1755 2440 probe
1771 2377 1834 2422 no·

284 2459 350 2535 τοῖς
365 2459 451 2544 όρισι
466 2462 521 2525 καὶ
534 2470 601 2538 τοῖς
617 2459 748 2547 βουνοῖς.
760 2459 799 2527 Ὁ
815 2463 851 2528 δὲ
866 2463 974 2547 παρὼν
985 2462 1037 2528 λδ
1079 2465 1116 2524 te
1142 2462 1211 2525 illis
1231 2460 1298 2524 hrit
1322 2463 1475 2526 escensio
1498 2462 1561 2526 Dei
1584 2464 1621 2527 in
1643 2467 1776 2527 montes
1800 2469 1839 2526 et

284 2583 341 2648 γος
356 2561 520 2649 προτίθησι
534 2574 573 2650 τη
588 2564 719 2652 ἱστορίᾳ,
735 2565 891 2634 διδάσκων
904 2568 953 2632 ότι
965 2566 1038 2654 χαί-
1079 2565 1192 2628 eolles.
1205 2564 1270 2629 Sed
1285 2583 1443 2648 praesens
1456 2582 1567 2630 sermo
1578 2566 1729 2631 historie
1740 2565 1838 2630 eddi-

285 2689 383 2754 ροντα
396 2670 506 2754 τόιόρη
519 2679 558 2755 τῇ
571 2671 615 2748 εἰς
627 2669 709 2736 αὐτά
719 2669 864 2737 ἐπιδόσει
874 2681 930 2737 τοῦ
940 2671 1036 2756 Θεοῦ,
1079 2669 1139 2748 dit,
1155 2684 1216 2734 nos
1240 2669 1382 2733 edocens
1405 2675 1537 2734 montes
1560 2669 1665 2735 fuisse
1688 2670 1724 2733 in
1747 2687 1839 2748 guu-

282 2781 379 2859 κριῦν
401 2772 503 2858 δίκην,
526 2772 677 2860 ἐσκίρτων
697 2777 753 2841 καί
775 2776 935 2861 ὠρχοῦντο
954 2776 1037 2842 διά
1079 2772 1144 2851 dio,
1161 2773 1231 2834 Deo
1249 2789 1353 2852 super
1375 2789 1435 2836 eos
1455 2773 1667 2853 aseendente,
1684 2773 1836 2838 arietum

178 2914 183 2923 ·
282 2875 442 2964 περδσλὴν
463 2887 578 2965 χαρᾶς.
602 2879 648 2945 Τό
670 2879 787 2944 δἀὐτὸ
810 2881 954 2966 ἔπασχον
980 2883 1036 2946 καὶ
1079 2875 1189 2940 θυείαν
1210 2877 1428 2957 exultaviese,
1460 2881 1495 2940 et
1520 2895 1590 2960 prae
1620 2879 1727 2942 nimie
1748 2879 1837 2942 laeti-

285 2980 314 3044 oi
329 2979 444 3066 βουνοί,
461 2982 502 3062 ὡς
517 2980 611 3068 ἀρνία
629 2993 825 3070 σκιρτῶντες,
837 2987 893 3049 καὶ
907 2984 1037 3071 δυνάμει
1079 2980 1129 3043 tie
1144 2979 1283 3043 choreas
1300 2981 1465 3060 exegisse.
1482 2980 1520 3045 ld
1535 2981 1625 3062 quod
1641 2984 1744 3045 etiem
1763 2985 1836 3046 ool-

286 3082 504 3172 φθεγγόμενοι,
519 3087 575 3150 οιαὶ
585 3085 689 3172 ἐκείνη
702 3097 790 3172 φωνη
802 3086 982 3170 λαλοῦντες,
996 3087 1035 3152 ιθ-
1079 3084 1128 3147 les
1144 3084 1235 3165 pessi
1258 3083 1395 3164 fuerint,
1412 3084 1639 3165 tripudiantes
1662 3102 1837 3166 agnorum

286 3189 335 3251 σεί
349 3187 423 3253 καθ’
433 3188 579 3255 ὑπόθεσίν
594 3211 639 3268 τις
654 3193 750 3276 ηρετο
765 3193 806 3256 τά
821 3193 879 3277 όρη
892 3193 948 3256 καί
962 3195 1036 3270 τοὺς
1079 3205 1182 3268 more,
1195 3205 1256 3268 pro
1267 3189 1399 3252 viribus
1413 3188 1554 3254 boantes
1567 3195 1601 3252 et
1612 3189 1676 3253 hae
1687 3206 1768 3254 voee
1781 3191 1831 3254 lo-

286 3288 416 3378 βουνοὺς
430 3294 489 3379 τὴν
504 3293 606 3359 αἰτίαν
627 3303 684 3379 ιης
702 3295 860 3382 τοσαύτης
884 3296 1036 3381 suppoct-
1079 3296 1232 3371 quentes,
1243 3308 1283 3354 eo
1297 3293 1338 3370 si,
1351 3291 1548 3374 hypothesis
1564 3295 1687 3374 gretie,
1704 3293 1836 3358 diceret

285 3418 342 3483 νης
365 3399 408 3484 μὴ
433 3397 628 3482 όιιιοκνεῐσοιι,
650 3402 692 3486 μὴ
718 3401 874 3486 μόνοντὰ
898 3402 957 3486 όμη
980 3402 1035 3466 καὶ
1079 3396 1755 3477 aliquis‚montibusetoollihusignotem
1763 3415 1835 3462 non

284 3505 358 3580 τοὺς
373 3501 513 3589 βουνοὺς,
538 3502 624 3569 ἀλλὰ
644 3507 700 3570 οιαὶ
715 3506 817 3592 αὐτὴν
838 3507 897 3592 την
920 3515 1036 3593 φυγοῦ-
1079 3501 1184 3565 fuisse
1203 3507 1319 3566 tentae
1334 3502 1462 3566 laetitiae
1485 3519 1633 3582 eausam,
1657 3519 1720 3566 nee
1742 3505 1835 3567 solos

283 3627 345 3672 σαν
367 3609 427 3694 τὴν
440 3607 621 3691 θάλασσαν,
643 3612 768 3678 καὶτὸν
791 3611 1035 3697 ἀναστραφέντα
1079 3605 1205 3670 dixerit
1219 3610 1351 3669 montes
1366 3608 1523 3686 meones,
1535 3607 1594 3670 sed
1610 3608 1721 3688 ipsum
1734 3623 1834 3670 mere

284 3709 383 3776 ὀπίσω
398 3711 562 3797 Ἰορδάνην
576 3715 684 3796 εἰπεῖν,
696 3717 743 3782 ότι
756 3715 795 3801 δὴ
809 3725 910 3783 ταῦτα
921 3716 1035 3784 irenop-
1079 3707 1835 3792 fugissemretroJordanemfluxisse,eadem

285 3815 373 3883 θασιν
389 3818 452 3883 ἀπὸ
474 3817 645 3902 προσώπου
667 3828 724 3885 τοῦ
738 3829 800 3885 τῶν
823 3820 904 3887 ὅλων
924 3819 1036 3886 essse
1079 3831 1201 3895 nempe
1216 3814 1362 3878 sensisse
1378 3815 1414 3877 in
1437 3818 1621 3895 conspeetu
1643 3816 1780 3878 Domini
1796 3832 1832 3878 o-

282 3942 348 3989 τρυ,
362 3961 403 3971 .-
416 3921 454 3988 Ὁ
464 3922 628 4010 Ἰορδάνης
640 3923 787 4010 τρέπεται
799 3925 838 3990 δι’
850 3925 907 4011 ἐμὲ
919 3924 1035 4010 δρόμον
1079 3917 1223 3979 mnium.
1239 3952 1277 3961 ·-
1291 3919 1431 3997 Propter
1442 3933 1497 3979 me
1507 3918 1530 3980 J
1531 3917 1667 3982 OrdaniS
1682 3921 1836 3983 mutavit

283 4027 338 4091 τὸν
353 4024 501 4094 οιιίοθιον,
518 4028 603 4115 Ἐγὼ
618 4027 681 4117 γάρ
696 4030 759 4115 ειμι
774 4029 792 4094 ὁ
807 4029 913 4107 καλῶς
928 4030 972 4108 οῖς
995 4031 1037 4096 τὰ
1080 4025 1170 4082 retro
1185 4038 1334 4084 cursum.
1351 4022 1529 4098 Egoenim
1543 4040 1629 4101 sum,
1643 4024 1751 4103 quiin
1762 4043 1834 4088 me-

283 4126 383 4194 δπίσω
392 4128 665 4217 ἐπιστρεφόμενος,
679 4129 855 4217 (Ἰορδάνης
866 4133 928 4218 γὰρ
940 4134 1037 4219 ἔσχω-
1080 4125 1147 4188 lius
1160 4131 1250 4189 retro
1262 4144 1380 4190 versus
1392 4144 1469 4190 eum
1482 4125 1574 4210 (nem
1587 4129 1608 4191 J
1610 4127 1771 4234 orden-em
1785 4130 1839 4193 in·

283 4335 408 4392 quorum
420 4324 485 4376 eret
495 4319 573 4377 hune
586 4321 732 4394 psalmum
749 4320 914 4393 decantare,
927 4339 962 4378 ee
977 4321 1037 4379 ior·
1079 4319 1143 4370 2⁰2⁹
1156 4317 1255 4384 ίῦθρί·
1267 4321 1316 4385 τῆς
1327 4321 1394 4386 ‘ihi'
1412 4319 1455 4370 ³²⁵1
1466 4320 1496 4370 ⁶¹
1509 4322 1555 4371 τοῦ
1569 4323 1689 4387 Νῆρος
1702 4321 1841 4390 Μθνὴθη

284 4412 365 4463 eme
376 4405 408 4463 in
420 4406 545 4463 solemni
556 4425 664 4481 pompa
673 4407 813 4481 paschali,
825 4407 903 4465 siout
910 4407 943 4464 in
953 4414 1037 4466 vem.
1079 4408 1134 4458 πάν
1145 4405 1177 4456 τό
1190 4410 1330 4471 στοιχεῖον,
1348 4405 1366 4472 ἡ
1379 4409 1424 4472 γη,
1442 4407 1508 4471 όπσρ
1527 4405 1654 4471 ’Διιόλας
1672 4409 1838 4478 ὀδυνήσατο,

285 4493 340 4550 stis
358 4493 595 4550 seer-ementeriis
613 4512 649 4550 ea
665 4493 732 4568 ipse
749 4494 797 4551 die
811 4494 945 4568 paschali
963 4496 1038 4552 eele-
1081 4494 1253 4560 φησίνοκατὰ
1263 4494 1295 4544 τὸ
1308 4493 1370 4558 παρ’
1383 4494 1494 4559 Ἠσαίᾳ·
1506 4493 1553 4557 Τίς
1565 4495 1625 4546 κτλ
1638 4495 1724 4547 uate
1737 4497 1839 4564 ότίχθη

283 4578 395 4636 bratus.
409 4611 443 4622 -
455 4581 501 4636 De
518 4580 628 4652 Aquila
644 4580 738 4637 Field.
751 4598 784 4652 ιτ,
802 4582 857 4637 268
872 4580 937 4639 fere
960 4581 1037 4653 silet,
1080 4579 1157 4643 ίθνος
1174 4581 1212 4642 τίς
1224 4580 1303 4647 άπαξ,
1321 4581 1385 4632 τότι
1402 4581 1455 4647 γάρ
1473 4579 1510 4643 ῦς
1527 4580 1636 4648 άληθῶς
1653 4581 1789 4650 ίιιλονηθη
1802 4583 1839 4635 τά

283 4665 355 4722 dum
371 4664 487 4722 oodioes
506 4665 603 4722 nostri
620 4665 770 4739 tn’plioem
787 4665 919 4740 prebent
934 4667 1038 4725 leetio-
1079 4669 1133 4719 τῦν
1146 4666 1228 4718 ieeur
1240 4664 1287 4717 ἀπ’
1297 4665 1567 4732 αἰάνοςστόάσματα,
1576 4669 1623 4718 καί
1634 4667 1697 4730 τοῦς
1707 4667 1837 4733 δαίμονας

283 4769 359 4822 nem,
372 4768 490 4825 nempe:
503 4755 640 4822 όδῦνησον,
652 4755 670 4822 ἡ
683 4759 728 4824 γη,
740 4757 775 4809 ut
785 4769 882 4826 supra,
895 4753 975 4825 quod
984 4753 1037 4810 eli-
1079 4753 1142 4816 τοῦς
1155 4754 1184 4804 όν
1196 4752 1299 4816 τοῦτοις
1312 4757 1404 4818 φυγεῖν
1419 4746 1572 4824 [όνίτελλση
1584 4752 1622 4816 ῦς
1637 4753 1669 4805 δν
1683 4753 1698 4805 ό
1712 4753 1740 4816 τε
1753 4753 1839 4807 όθνιῦν

283 4845 429 4913 quatenus
438 4838 553 4896 eooedit
562 4839 600 4895 ed
609 4837 760 4896 hebr-sios:
775 4838 970 4909 Contremr'ooe,
982 4843 1038 4895 ter-
1080 4839 1148 4902 λαός
1159 4839 1270 4906 γίνηται
1282 4843 1319 4905 τῷ
1329 4837 1388 4905 θεῷ
1400 4837 1461 4891 καθ’
1472 4839 1541 4906 όλης
1554 4843 1603 4906 της
1615 4843 1675 4907 γης.
1685 4839 1729 4892 ῦιό
1742 4839 1840 4893 Miss—

283 4943 333 4994 ra,
343 4931 407 4982 tum
419 4925 450 4982 in
463 4924 522 4982 elio
535 4925 648 4983 scholio
660 4925 756 4985 Vstio.
769 4926 800 4983 5:
817 4929 836 4997 η
854 4933 890 4997 γη
903 4927 1037 4995 ῦδυνὴσα
1080 4939 1125 4978 τοι
1141 4926 1214 4978 κατα
1230 4925 1278 4978 τόν
1296 4924 1428 4978 ’neom
1448 4923 1516 4978 ’Δπό
1540 4925 1683 4991 προσώπου
1704 4929 1752 4978 τοῦ
1770 4925 1840 4980 Θσσῦ

281 5030 323 5082 το,
336 5017 367 5068 et
378 5011 451 5068 elibi
462 5015 589 5083 ῦδῦνησε.
598 5011 684 5081 Quod
693 5012 812 5085 quidem
825 5011 970 5068 scholium
979 5011 1038 5068 Eu·
1081 5010 1190 5064 Ἰαιιόνῦ.
1202 5011 1234 5066 ‘0
1247 5011 1328 5076 αῦτός
1345 5013 1398 5080 γὰρ
1411 5011 1480 5076 Θεὸς
1497 5011 1513 5064 ό
1531 5011 1616 5065 πάλαι
1633 5012 1732 5078 δράσας
1745 5013 1840 5066 tntu

284 5099 366 5155 sebio
378 5099 547 5173 ascriptum,
560 5098 666 5157 saltem
678 5115 715 5157 ex
727 5104 814 5173 perte
822 5097 881 5155 huo
892 5096 1038 5156 eddnoere
1081 5099 1128 5152 ιιιιῑ
1139 5101 1183 5152 νῦν
1196 5100 1241 5152 ott
1252 5102 1301 5168 της
1318 5100 1437 5168 χάριτος,
1450 5103 1500 5167 της
1510 5097 1597 5155 πάλαι
1607 5101 1713 5166 onim
1725 5099 1787 5154 ιιτλ.
1805 5101 1840 5154 ut

288 5191 348 5242 est:
363 5190 377 5221 ‘¹
388 5187 557 5256 Συντμφαίνιι
569 5189 598 5243 ot
610 5187 647 5256 ῦς
659 5187 744 5244 παλαι
753 5188 802 5256 μίν
818 5188 938 5258 αίσῒησις
948 5187 1038 5256 μόρια
1083 5199 1173 5259 ευριπ
1184 5185 1252 5262 plus
1263 5183 1369 5244 minue.
