4036 6090
807 479 850 540 m·
874 479 1058 540 PSALMOS
1650 481 1706 542 ιιι
1819 467 1822 478 “

174 615 259 701 λέγει
276 618 483 702 Χριστιανοῖς,
507 629 550 704 τῷ
565 619 632 704 λαῷ
647 621 752 702 αιἰτου,
769 628 811 704 τῷ
834 618 867 698 ἐξ
890 620 919 684 ἑ·
963 623 1071 700 igitur
1083 625 1244 701 Salvator,
1259 627 1292 686 et
1303 625 1351 686 ait
1363 623 1573 703 Christianis,
1587 627 1711 706 populo

171 722 267 787 θνιυν·
283 721 472 809 Προσέχετε,
497 722 574 801 λαός
597 745 667 809 μου,
684 732 727 808 τῷ
743 723 808 810 έμῶ
823 724 917 810 νόμῳ,
961 742 1023 787 suo
1038 743 1080 787 ex
1095 726 1270 803 gentibus:
1286 726 1462 804 Attendite,
1475 728 1594 808 popule
1608 745 1707 806 ιιιιιιι,

171 834 215 910 τῷ
237 827 440 912 εὐαγγελικῷ,
464 830 534 911 περὶ
556 829 592 892 οιί
612 828 749 912 εἴρηται·
764 827 823 892 Ἐκ
838 827 918 892 Σιὼν
961 828 1060 910 troam
1074 846 1176 894 auom
1187 831 1430 909 evangelicam,
1442 830 1483 893 de
1495 848 1563 912 qua
1578 831 1706 895 dictum

171 930 367 1010 ἐξελεύσεται
389 931 493 1018 νόμος,
510 931 593 997 ἀλλὰ
614 934 657 1018 μὴ
675 929 917 1015 ὁτοῠΜιμοέιυς.
962 937 1025 995 est:
1052 934 1127 995 «Ex
1149 935 1227 996 Sion
1244 934 1350 997 exibit
1372 933 1459 1012 lex»,
1479 934 1537 996 sed
1557 949 1624 997 non
1641 936 1709 997 Lex

171 1033 284 1120 μηκέτι
299 1034 514 1119 οαέὸατίζετε,
532 1038 574 1121 μὴ
599 1035 692 1100 πάλιν
708 1035 814 1120 ἄζυμα
829 1034 919 1120 ποιη-
963 1037 1096 1119 Moysis.
1114 1039 1222 1100 Nolite
1239 1038 1379 1101 sabbata
1393 1038 1573 1117 celebrare,
1596 1055 1705 1118 neque

169 1159 257 1222 οητε,
281 1137 393 1224 μηκέτι
415 1140 561 1204 κατὰτὰ
584 1148 693 1223 πρῶτα
715 1141 769 1203 καί
792 1140 914 1204 παλαια
961 1157 1080 1222 azyma
1101 1140 1264 1204 conticere
1286 1142 1443 1222 amplius,
1459 1160 1569 1223 neque
1590 1159 1707 1206 secun·
1778 1127 1803 1142 ”

167 1241 346 1326 πορεύεσθε.
361 1243 455 1325 Ἰδοὺ,
478 1242 589 1328 γέγονε
613 1245 652 1307 τὰ
678 1242 782 1308 πάντα
809 1246 914 1326 καινὰ,
961 1243 1042 1306 dum
1058 1245 1170 1323 priora
1185 1250 1219 1307 et
1237 1249 1353 1307 vetera
1367 1245 1551 1308 ambulare.
1576 1247 1661 1310 Ecce
1677 1263 1710 1310 o-

168 1348 210 1412 rii
238 1347 358 1432 ἀρχαῖα
393 1347 564 1432 παρῆλθον.
592 1341 663 1412 Ὀτι
686 1346 721 1410 δέ
742 1346 820 1424 λαὸς
842 1346 919 1431 Χρι-
961 1347 1054 1410 mnia
1077 1363 1164 1410 nova
1186 1347 1274 1411 facta
1290 1352 1380 1428 sunt,
1403 1350 1545 1430 antiqua
1567 1353 1709 1414 transie-

169 1462 244 1517 στου
258 1453 298 1516 τὰ
313 1451 399 1536 ἔθνη,
415 1449 577 1537 Ζαχαρίας
593 1450 682 1536 φησί·
697 1450 919 1537 Καταφεύξον-
962 1455 1051 1515 runt.
1075 1453 1200 1515 Gentes
1222 1457 1336 1516 autem
1360 1470 1432 1516 esse
1456 1453 1580 1517 Christi
1605 1471 1710 1536 popu·

170 1578 221 1621 ται
235 1555 309 1640 ἔθνη
324 1555 429 1621 πολλὰ
443 1557 495 1621 ἐπὶ
509 1559 562 1620 τὸν
578 1555 703 1639 Κύριον,
719 1557 774 1620 καί
789 1557 914 1621 ἔσονται
962 1558 1033 1619 lum
1041 1557 1218 1620 Zacharias
1233 1557 1368 1620 asserit:
1390 1556 1620 1635 «confugient
1629 1575 1711 1637 gen·

171 1663 255 1746 αὐτῷ
271 1662 314 1738 είς
329 1659 416 1725 λαέν.
612 1711 615 1717 ,
961 1664 1013 1724 tes
1028 1663 1143 1724 multae
1159 1660 1201 1722 ad
1221 1661 1412 1739 Dominum,
1428 1665 1462 1723 et
1478 1666 1578 1724 erunt
1593 1650 1658 1741 ipsi
1675 1663 1710 1724 in

963 1765 1169 1845 populum.»

215 1890 246 1932 ν.
263 1871 293 1932 2.
317 1865 447 1947 Ἀνοίξω
473 1870 507 1933 έν
533 1867 728 1954 παραδολαῐς
755 1873 790 1934 τὸ
817 1870 918 1957 στόμα
1006 1887 1038 1930 ν.
1062 1869 1093 1932 2.
1117 1869 1271 1950 Apertam
1293 1871 1330 1933 io
1348 1867 1518 1949 parobolis
1539 1887 1575 1933 oa
1596 1885 1708 1946 meum,

172 1995 241 2059 μου,
258 1971 430 2059 φθέγξομαι
444 1971 655 2060 προδληματα
672 1973 727 2038 ἀπ’
739 1974 852 2060 ἀρχῆς·
963 1975 1078 2055 loquor
1086 1974 1321 2055 propositiones
1335 1973 1374 2038 oi
1388 1975 1493 2037 initio.

170 2111 173 2118 ·
215 2077 279 2142 Καί
305 2079 339 2142 έν
361 2083 404 2162 τῷ
430 2075 604 2163 εὐαγγελίῳ
626 2087 749 2162 πρῶτον
773 2079 835 2143 ἀπὸ
862 2089 917 2144 τοῦ
1006 2081 1118 2142 Etiam
1132 2081 1168 2144 in
1184 2081 1381 2159 Evangelio,
1395 2081 1515 2161 incipit
1525 2081 1711 2161 primuma

171 2181 266 2268 νόμου
282 2183 413 2268 ἄρχεται
427 2181 444 2246 ὁ
456 2180 571 2265 Κύριος
586 2181 699 2267 λέγων·
717 2181 875 2266 Μακάριοι
889 2182 917 2247 οί
963 2182 1042 2259 lege
1057 2183 1230 2262 Dominus,
1246 2183 1380 2246 dicens:
1402 2185 1526 2246 «Beati
1548 2201 1713 2264 pauperes

88 2323 94 2342 ι
170 2286 290 2371 πτωχοὶ
305 2293 348 2370 τῷ
364 2285 524 2371 πνεύματι,
541 2286 609 2349 εἶτα
631 2284 715 2370 λέγει
737 2288 793 2363 τὰς
817 2308 918 2370 παρα·
963 2286 1126 2366 spiritu,»
1150 2291 1265 2366 postea
1280 2287 1436 2351 edisserit
1458 2288 1644 2368 parabolas.
1670 2291 1714 2352 At

169 2386 275 2466 6ολάς,
299 2385 355 2451 Δεῖ
376 2387 411 2452 δὲ
437 2389 491 2451 καί
512 2385 598 2472 ἡμᾶς
621 2398 744 2472 πρῶτον
766 2398 810 2474 τῷ
833 2390 917 2476 νόμῳ
964 2407 1024 2454 nos
1041 2407 1175 2472 quoque
1191 2395 1323 2473 oportet
1334 2393 1481 2471 primum
1495 2393 1608 2469 legem
1623 2393 1713 2455 solli·

169 2491 323 2577 ἐπιμελῶς
336 2491 557 2577 ἐμμελετηοαι,
570 2493 624 2556 καί
640 2494 719 2578 μετὰ
729 2501 787 2576 την
803 2494 916 2579 κατέρ-
963 2493 1029 2555 cite
1045 2510 1210 2572 exercere,
1222 2511 1262 2557 ac
1276 2499 1352 2574 post
1367 2495 1635 2559 emendationem
1645 2512 1712 2558 mo

169 2597 263 2661 θυοιν
277 2606 337 2661 τῶν
359 2596 437 2662 ἐθιῖιν
460 2596 561 2662 ἐλθεῖν
584 2597 635 2661 ἐπὶ
654 2599 712 2683 την
734 2597 915 2685 θεολογίαν,
968 2614 1055 2674 rum,
1072 2599 1217 2660 transire
1232 2597 1274 2660 ad
1297 2615 1485 2661 sermonem
1501 2599 1542 2662 de
1561 2601 1640 2679 Deo,
1663 2601 1714 2662 ni·

168 2705 239 2787 ητοι
254 2703 294 2765 τα
308 2711 363 2765 που
386 2700 541 2786 στόματος
565 2700 711 2787 ρηματα·
727 2703 786 2767 οὐκ
809 2703 917 2789 αἰοθη-
964 2703 1088 2764 mirum
1101 2700 1143 2763 ad
1155 2702 1257 2765 verba
1274 2703 1351 2766 oris.
1368 2703 1467 2766 Haud
1479 2721 1558 2766 vero
1570 2722 1629 2786 per
1640 2721 1714 2768 sen·

168 2817 229 2884 τῶς
251 2806 286 2870 δὲ
309 2806 440 2889 πάρεστι
463 2805 607 2889 Χριστος,
633 2809 669 2870 τὸ
692 2807 778 2892 ρημα
799 2807 916 2891 λαλῶν,
964 2824 1023 2868 sus
1045 2806 1141 2868 adest
1163 2805 1326 2886 Christus,
1356 2809 1545 2872 successive
1568 2809 1711 2889 locutus,

169 2913 220 2975 ίνα
232 2909 393 2987 κλίναντες
409 2919 500 2974 τοῦτο
513 2913 548 2974 τὸ
563 2913 616 2987 οὓς
632 2910 848 2998 πληρὼοωμεν
860 2915 919 2998 την
965 2913 1004 2970 ut
1027 2909 1115 2972 hanc
1140 2925 1258 2972 aurem
1281 2911 1492 2990 inclinantes,
1516 2911 1713 2975 mandatum

170 3016 311 3101 ἐντολὴν,
328 3015 400 3080 ἀλλ’
411 3017 494 3081 ἔστιν
508 3016 586 3080 ἄλλο
602 3037 629 3080 τι
641 3013 761 3102 ἐνὴμῖν
772 3019 836 3098 οὖς,
849 3023 919 3103 περὶ
967 3013 1179 3093 impleamus,
1202 3013 1261 3076 sed
1285 3014 1380 3078 nobis
1403 3015 1471 3077 alia
1493 3014 1601 3077 indita
1623 3017 1717 3078 auris

170 3123 206 3184 οὔ
226 3119 314 3205 λέγει
335 3119 353 3184 ὁ
376 3118 506 3204 Σιοτηρ·
530 3116 567 3184 Ὁ
587 3121 670 3205 έχων
693 3121 759 3184 ιῖιτα
781 3121 918 3205 ἀκούειν,
965 3120 1026 3196 est,
1042 3117 1083 3180 de
1107 3134 1175 3197 qua
1198 3118 1350 3181 Salvator
1373 3117 1471 3182 dicit:
1498 3119 1591 3193 «Qui
1614 3119 1717 3182 habet

172 3224 332 3293 ἀκουέτυ.,
966 3237 1066 3284 aures
1082 3220 1252 3298 audiendi,
1269 3220 1395 3283 audiat.
1410 3241 1427 3280 ν

217 3326 390 3412 Παραὸολή
407 3327 473 3392 ἐστι
491 3327 585 3413 λόγος
606 3327 647 3406 ὡς
666 3329 920 3416 περιγενομένου
1008 3323 1170 3386 Parabola
1185 3339 1294 3386 sermo
1307 3327 1367 3403 est,
1383 3341 1450 3404 quo
1462 3325 1569 3387 veluti
1586 3325 1712 3388 lactum

171 3441 224 3496 τοῦ
240 3434 283 3517 μὴ
299 3430 469 3517 γενομένου
485 3433 570 3497 κατὰ
581 3435 616 3496 τὸ
630 3433 734 3517 ῥητὸν,
747 3433 919 3520 δυναμένου
965 3427 1110 3491 refertur
1122 3429 1211 3507 quod
1228 3443 1295 3490 non
1309 3429 1431 3506 evenit,
1440 3427 1541 3507 juxta
1557 3429 1716 3506 litteram,

170 3534 205 3597 δὲ
215 3533 370 3619 γενέσθαι,
386 3543 538 3617 τροπικῶς
554 3535 725 3620 δηλωτικὸς
747 3547 807 3602 τῶν
822 3560 921 3624 πραγ-
968 3552 1028 3614 per
1043 3533 1191 3611 figuram
1204 3551 1257 3597 res
1270 3533 1445 3597 declarans
1457 3551 1533 3614 quae
1546 3535 1716 3614 metapho-

171 3637 277 3724 μάτων
292 3638 330 3702 ἐκ
345 3637 551 3724 μεταληψειυς
573 3649 635 3704 τιῑιν
650 3641 683 3705 έν
699 3650 737 3726 τῇ
754 3640 919 3728 παραδολη
966 3639 1034 3702 rice
1051 3639 1087 3701 in
1099 3637 1259 3717 parabola
1271 3637 1527 3714 significantur3
1539 3639 1594 3700 vel
1606 3654 1716 3699 sermo

170 3740 364 3827 λεγομένων·
390 3743 411 3828 ἢ
439 3742 533 3827 λόγος
559 3743 725 3821 ἀπότινος
748 3746 785 3808 οὐ
812 3745 918 3829 κύριον
967 3745 1018 3805 est
1029 3743 1088 3822 qui
1097 3741 1200 3804 verba
1210 3741 1364 3821 quaedam
1375 3757 1442 3803 non
1454 3741 1590 3821 propria
1598 3741 1717 3802 miscet

171 3849 228 3932 μὲν
249 3847 391 3933 έμφορῶν
417 3855 460 3931 τῷ
484 3845 589 3931 κυρίῳ,
612 3849 664 3913 ἐπὶ
686 3847 721 3912 δὲ
744 3849 780 3912 τὸ
803 3848 920 3933 ἀληθές
966 3844 1121 3925 propriis,
1144 3842 1203 3906 sed
1233 3859 1308 3923 quae
1332 3844 1582 3921 intelligentem
1606 3861 1645 3907 ea
1667 3843 1710 3906 ad

170 3954 225 4017 καὶ
239 3950 344 4034 κύριον
359 3951 445 4034 ἅγιον
460 3953 512 4016 τὸν
527 3949 719 4037 cossiaeos-o
735 3950 816 4031 λέξις
838 3953 879 4016 δι’
890 3953 919 4018 ἑ.
965 3965 1084 4010 verum
1100 3951 1135 4009 et
1148 3947 1322 4028 proprium
1338 3964 1475 4011 sensum
1491 3948 1633 4027 ducant3
1657 3950 1712 4012 vel

170 4051 268 4136 τέρυν
291 4055 330 4117 τὰ
349 4052 463 4137 κυρίως
486 4053 665 4140 δηλούμενα
686 4054 752 4141 μετ’
763 4056 921 4142 ἐνεργείας
966 4050 1067 4112 etiam
1079 4049 1211 4113 dicendi
1225 4067 1335 4128 genus
1347 4052 1436 4132 quod
1447 4069 1508 4132 per
1519 4053 1711 4116 alienarer-

174 4157 419 4241 παριστάνουοα.
967 4153 1020 4233 ba,
1036 4153 1124 4217 facto
1139 4155 1347 4235 interposito,
1360 4157 1496 4236 propria
1511 4155 1693 4234 significat.

215 4283 247 4326 v.
262 4265 327 4327 3-6.
344 4257 429 4327 Ὅσα
444 4263 627 4349 ἠκούσαμεν
642 4267 696 4329 καὶ
712 4267 850 4350 ἔγνωμεν
866 4267 920 4331 αὖ.
1009 4278 1040 4320 V.
1054 4259 1119 4322 3-6.
1136 4261 1261 4334 &conto
1272 4258 1457 4322 audivimus
1467 4264 1498 4322 θί
1512 4260 1713 4340 6091606ίῇ666

173 4369 221 4448 τὰ,
242 4368 296 4431 καί
314 4365 344 4430 οἱ
363 4364 496 4450 πατέρες
514 4366 604 4454 ἡμῶν
622 4367 815 4453 διηγήσαντο
833 4366 920 4455 ἡμῖν·
971 4368 1002 4428 et
1017 4367 1133 4444 patros
1147 4362 1251 4426 nostri
1273 4367 1509 4426 amirario-nat
1521 4363 1619 4427 notis.
1644 4363 1717 4427 Noa

173 4472 232 4534 οὐκ
246 4468 363 4553 έκρίιὸη
381 4463 444 4534 ἀπὸ
467 4479 527 4535 τῶν
547 4470 664 4536 τέκνυν
687 4473 789 4538 αὐτῶν
811 4475 855 4550 είς
870 4493 921 4558 γε·
967 4471 1045 4533 aar
1058 4467 1215 4532 ororiitoio
1225 4466 1346 4548 ostiiis
1356 4483 1473 4544 ιοκιιιιι,
1489 4467 1526 4528 ia
1538 4467 1717 4547 qairrotio·

171 4576 246 4639 νεὰν
274 4572 393 4658 ἑτέραν,
422 4573 674 4660 ἀπαγγέλλοντες
705 4578 761 4652 τὰς
786 4575 919 4655 αἰνέσεις
965 4571 1319 4649 ιιεαίίινιιςιιαναιιιιίει
1334 4569 1446 4634 loidis
1461 4571 1713 4634 Dourioietcii-

172 4676 290 4762 Kopion
313 4680 367 4741 καὶ
389 4680 446 4756 τὰς
470 4678 653 4757 δυναστείας
679 4680 775 4744 αὐτοῦ
801 4681 856 4744 καί
878 4681 919 4745 τα
969 4679 1053 4741 titos
1067 4676 1138 4755 ejas
1153 4680 1184 4738 ot
1198 4673 1366 4738 mirabilia
1380 4673 1450 4753 ejitt
1472 4691 1541 4755 qao
1553 4673 1649 4755 ferit.
1673 4676 1717 4739 Et

205 4859 233 4898 v.
246 4841 271 4895 2.
284 4841 389 4910 vito,
403 4841 444 4910 12,
463 4841 505 4895 14.
524 4839 661 4896 Laurent.
680 4842 758 4898 Plut.
781 4861 808 4913 ν,
823 4843 864 4898 lia
884 4843 920 4900 of.
966 4817 1189 4911 interpretatum
1213 4839 1369 4900 προαιρεσις,
1391 4833 1560 4906 pelagiones,
1579 4839 1613 4890 nt
1630 4835 1713 4906 solet,
1844 4911 1849 4920 ⁵

169 4925 275 4982 Matth.
289 4945 316 4995 ν,
329 4925 363 4995 3ς
377 4943 444 4994 κιιι,
457 4927 500 4981 43.
511 4926 577 4982 Huc
587 4926 729 4984 accedunt
738 4928 919 4984 Athanasius
966 4922 1106 4979 doctrinas
1118 4919 1229 4976 favens.
1242 4918 1332 4974 uodo.
1345 4918 1453 4974 habere
1466 4919 1604 4976 videntur
1614 4920 1715 4993 inepte

170 5019 201 5067 et
213 5017 297 5068 vetus
315 5029 477 5085 anonymus
495 5011 574 5084 apud
592 5011 709 5068 Gorder.
730 5031 761 5084 11,
780 5015 841 5084 631,
859 5015 919 5084 633,
966 5015 1052 5080 ἠρέμα
1062 5010 1159 5062 λαλῶν.

170 5099 231 5153 oet„
253 5097 350 5153 Etiam
371 5116 399 5170 p.
422 5097 475 5152 635
493 5097 664 5153 Theodorus
688 5099 921 5170 Mopsuestsnus,
1000 5115 1027 5151 v.
1040 5095 1095 5150 36.
1114 5093 1251 5148 Laurent.
1270 5089 1349 5145 Plut.
1363 5109 1390 5161 ν,
1410 5091 1452 5146 14.
1471 5091 1590 5148 Deuter-
1610 5111 1659 5164 xn,
1674 5095 1716 5150 ll.

170 5185 248 5256 qnod
260 5185 421 5242 notandum
434 5189 486 5256 est,
500 5186 537 5241 ab
550 5185 677 5258 Origene
695 5187 806 5260 recepit
822 5195 922 5258 πνεῦμα
966 5183 1011 5240 Ab
1024 5178 1110 5238 initio
1123 5195 1175 5234 sua
1187 5177 1219 5233 in
1230 5176 1333 5251 primis
1345 5177 1457 5251 recepit
1469 5178 1620 5236 Eusebius.
