3966 6104
777 413 1060 478 murmur.
1629 419 1693 483 cm

186 551 235 622 Οὐ
261 553 356 643 μόνον
382 553 400 622 ό
426 553 527 644 μέγας
553 551 719 640 προφήτης
745 551 894 639 Metelle,
982 556 1055 618 Non
1074 550 1184 618 solum
1200 572 1347 634 magnus
1366 555 1531 640 propheta
1549 559 1691 644 Moyses,

143 658 227 724 ἀλλὰ
241 661 373 737 κοίτας
395 659 599 746 όμόγλυσσος
619 658 716 722 αὐτοῦ
731 665 788 742 τῆς
804 676 895 720 πνευ-
939 657 997 722 sed
1013 663 1047 722 et
1067 663 1159 722 totus
1175 659 1416 743 prophetarum
1432 651 1693 727 chorus'unani-

143 773 278 850 ματικης
293 772 400 849 φωνῆς
412 773 475 830 τῷν
490 770 660 848 προφητῶν
672 763 768 848 χορός
781 781 895 846 μαρτυ-
939 763 986 826 mi
1002 763 1123 845 linqua
1137 781 1215 828 cum
1238 765 1383 844 Spiritus
1399 784 1480 832 voce
1503 768 1566 832 hoo
1592 772 1694 832 testa-

144 869 199 952 ρεῑ·
213 868 250 934 οὐ
265 868 327 951 γὰρ
340 865 529 952 ἀπρονοητῳ
544 868 599 932 καὶ
615 873 788 950 συντυχικῇ
800 871 894 949 φορᾷ,
939 873 1011 929 tur:
1028 867 1119 929 haud
1131 867 1222 930 enim
1235 869 1309 930 sine
1324 870 1463 949 provido
1477 872 1616 934 numine
1633 875 1694 934 aut

142 973 227 1036 κατὰ
241 973 314 1048 τοὺς
329 972 366 1035 τό
382 971 510 1055 ἄπειρον
526 972 581 1034 καί
602 972 695 1036 κενόν
712 966 895 1054 είσηγουμέ-
940 989 1018 1034 cum
1034 971 1172 1034 fortuito
1185 989 1277 1052 casu,
1288 971 1390 1052 iuxta
1407 976 1534 1056 eosqui
1551 977 1692 1038 immen-

142 1095 224 1156 νυυς,
241 1075 346 1159 ὥσπερ
359 1073 392 1152 ἐξ
405 1075 516 1160 ἄμμον
532 1074 617 1137 κατὰ
628 1069 786 1156 σωτηρίαν
798 1090 896 1154 προσ·
939 1093 1016 1138 sum
1032 1080 1066 1138 et
1081 1093 1227 1138 vacuum
1243 1078 1467 1158 somniantur,
1488 1084 1580 1142 totus
1598 1079 1690 1142 orbis

142 1177 312 1264 γινομένων
323 1179 378 1242 καί
386 1177 631 1264 ἀπογινομένων,
640 1175 759 1260 ὑπέστη
772 1178 807 1239 τό
820 1183 893 1258 πᾶν,
940 1179 1093 1242 substitit
1103 1182 1201 1262 quasi
1215 1199 1256 1244 ex
1267 1200 1370 1246 arena
1377 1184 1420 1248 ad
1431 1185 1537 1246 vitam
1546 1184 1692 1250 adducta

143 1283 215 1348 ἀλλ’
226 1285 265 1348 ἐκ
279 1285 376 1366 τυρός
390 1283 445 1346 καί
457 1280 551 1367 ἀέρος
561 1282 616 1346 καὶ
627 1290 687 1366 γης
699 1282 754 1344 καί
766 1280 891 1361 ὓδατος,
941 1287 976 1346 et
997 1285 1146 1364 reducta,
1158 1284 1217 1348 sed
1233 1303 1275 1348 ex
1293 1287 1374 1366 igne
1391 1292 1426 1352 et
1439 1305 1527 1368 aere,
1544 1294 1693 1353 exterra

143 1388 204 1454 κᾶν
231 1388 274 1472 μὴ
309 1385 483 1472 βουλῷνται
505 1381 531 1469 ⁴)
554 1395 655 1450 ταῦτα
678 1391 820 1468 στοιχεῖα
841 1384 897 1448 καί
941 1391 976 1450 et
986 1404 1087 1468 aqua,
1096 1388 1228 1450 etiamsi
1241 1391 1350 1452 nolint
1362 1391 1433 1453 haeo
1445 1392 1611 1455 elementa
1620 1409 1693 1456 esse

142 1490 329 1575 πριυτόγονα
344 1499 400 1554 τοο
423 1492 540 1567 παντός
556 1489 635 1554 εἶναι
655 1490 736 1565 τινός
753 1486 895 1572 σώματα,
941 1494 976 1554 et
997 1491 1229 1573 primordialia
1251 1509 1391 1573 corpora
1415 1494 1566 1558 universi
1590 1493 1694 1574 huius

144 1595 229 1660 ἀλλὰ
251 1591 451 1682 συγκρίματα
465 1595 528 1679 ἠδη
552 1592 585 1671 ἐξ
606 1583 732 1678 όιτόμίων
754 1592 896 1676 ἢόγκιυν
942 1596 1071 1675 mundi,
1094 1595 1152 1660 sed
1163 1595 1236 1676 jam
1259 1597 1376 1660 eadem
1401 1615 1474 1662 esse
1497 1598 1695 1662 discrimina

144 1702 166 1785 ἢ
182 1700 307 1786 ἀμερῶν
321 1700 342 1784 η
358 1697 561 1782 ὁμοιομερῶν,
584 1695 752 1781 αὐτομάτῳ
768 1711 826 1759 τινι
842 1694 897 1758 καί
943 1717 984 1762 ex
1000 1701 1121 1764 atomis
1136 1701 1209 1764 sive
1226 1702 1332 1782 uocis,
1348 1702 1420 1765 sive
1438 1701 1633 1781 individuis,
1649 1702 1694 1766 si-

100 1837 106 1849 ι
145 1799 343 1887 ἀπροαιρέτῷ
369 1799 566 1886 συναχθέντα
593 1797 692 1885 φιλία.
720 1797 897 1883 Ἀπρονόη-
942 1821 983 1866 νο
999 1806 1148 1886 partium
1163 1805 1314 1868 similam
1331 1806 1552 1887 participibus
1567 1810 1694 1885 coacta,

146 1929 194 1984 σις
209 1901 237 1990 ²)
253 1907 315 1993 γὰρ
327 1914 389 1970 τῶν
401 1904 483 1969 όλοιν
497 1906 552 1970 καὶ
568 1901 749 1988 ἀδιοικησία
763 1901 897 1968 ἀκόλου-
942 1909 1089 1988 quadam
1101 1913 1288 1990 spontanea
1300 1914 1334 1972 ct
1345 1909 1575 1998 involuntaria
1587 1908 1696 1973 affini·

146 2011 199 2088 θος
221 2011 312 2086 οὗτος
327 2011 344 2073 ό
359 2009 463 2094 λόγος,
487 2009 534 2074 διό
556 2009 612 2074 καί
634 2004 820 2093 Δημοκρίτῳ
842 2007 898 2070 καί
942 2017 1022 2076 tate.
1039 2015 1198 2076 Omnium
1214 2014 1305 2076 enim
1321 2031 1434 2085 rerum
1447 2014 1600 2077 nullasit
1614 2030 1696 2094 prae-

146 2115 323 2199 Ἐπικούριμ
338 2112 438 2198 φίλος,
455 2111 526 2177 ἀλλ’
534 2113 595 2197 οὐχ
610 2109 694 2196 ἡμῖν.
710 2109 820 2195 Ἰσμεν
834 2111 897 2196 γὰρ
943 2117 1121 2196 ordinatio,
1138 2119 1233 2181 nulla
1252 2119 1461 2196 constitutio,
1485 2118 1641 2197 sequitur
1654 2133 1697 2180 ex

145 2221 181 2282 τό
196 2227 260 2282 πᾶν
283 2215 461 2294 ἀπταίστως
481 2215 565 2293 θείας
589 2215 704 2302 βουλης
728 2213 898 2299 κυόερνᾶσ-
944 2221 1007 2284 hac
1035 2220 1198 2300 doctrina,
1215 2239 1292 2301 quae
1316 2221 1506 2285 Democrito
1531 2222 1642 2303 placet
1663 2225 1698 2284 et

147 2323 199 2390 θαι
214 2321 408 2408 προστασίᾳ·
431 2322 453 2408 η
477 2325 538 2408 γὰρ
559 2320 756 2406 ἐργαζομένη
774 2319 857 2388 Θεοῦ
867 2314 896 2405 5)
943 2325 1101 2405 Epicure,
1124 2324 1183 2388 sed
1211 2324 1309 2387 nobis
1335 2326 1542 2388 nullatenus.
1565 2325 1696 2388 Scimus
1750 2407 1755 2420 Ι

146 2439 258 2516 παγαῖς
273 2431 313 2494 τόι
329 2430 432 2494 πάντα
455 2427 551 2513 σοφία
565 2427 620 2492 καί
644 2423 897 2511 σγηματίζουσα,
944 2430 1035 2493 enim
1050 2430 1123 2493 sine
1139 2446 1251 2492 errore
1267 2432 1377 2492 totum
1390 2430 1556 2494 mundum
1572 2429 1696 2508 guber·

145 2543 190 2619 τῷ
206 2535 262 2620 μὲν
276 2533 386 2618 θερμῷ
398 2537 434 2598 τὸ
447 2533 569 2618 ψυχρόν
584 2529 766 2614 θραύσασα,
779 2529 814 2594 τό
828 2528 898 2592 δἀὖ
944 2535 1017 2596 nari
1031 2533 1187 2614 praesidio
1199 2532 1323 2596 divinae
1335 2534 1532 2597 voluntatis.
1545 2535 1698 2615 Namque

147 2639 258 2724 ψυχρῷ
273 2637 309 2701 τό
323 2629 699 2722 θερμόνημερώσασαθ),
716 2634 772 2696 καὶ
786 2640 830 2717 τῷ
843 2632 899 2716 μὲν
944 2639 1117 2720 Sapientia
1140 2655 1215 2720 quae
1238 2655 1280 2702 ex
1306 2639 1368 2702 Dei
1389 2637 1558 2702 mandatis
1582 2639 1697 2702 omnia
1765 2640 1768 2648 ’

148 2741 235 2828 ξηρῷ
250 2739 377 2826 δήσασα
391 2743 428 2804 τό
443 2739 548 2828 ὑγρόν,
564 2738 690 2803 λύσασα
705 2736 740 2800 δὲ
755 2744 799 2821 τῷ
815 2735 899 2820 ὑγρῷ
943 2746 1103 2824 operatur
1113 2746 1220 2805 etsua
1231 2758 1375 2823 quaque
1386 2739 1495 2804 forma
1506 2747 1697 2824 ornetque

144 2848 182 2912 τό
196 2845 301 2930 ξηρόν,
313 2847 366 2908 τόν
378 2844 542 2928 ἄνθρωπον
554 2845 651 2920 οὕτως
665 2837 822 2926 ἐδείματο,
835 2841 894 2924 τὴν
944 2846 1109 2927 frigidum
1121 2846 1229 2910 calido
1242 2847 1355 2925 fregit,
1366 2850 1400 2909 et
1411 2846 1537 2926 frigido
1549 2847 1698 2912 calidum

146 2951 225 3034 πρός
239 2951 275 3014 τό
290 2957 353 3013 πᾶν
364 2949 397 3013 έν
413 2949 498 3032 αὐτῷ
515 2945 644 3034 μίμησιν
659 2948 714 3011 καί
729 2947 789 3030 τὴν
804 2945 837 3009 έν
852 2951 898 3030 τῷ
945 2952 1120 3045 emollivit,
1140 2969 1217 3033 quae
1232 2951 1320 3016 sicco
1336 2952 1515 3024 humidum
1532 2953 1698 3034 densauit,

146 3053 239 3118 παντί
249 3054 326 3136 πρός
339 3051 433 3116 αὐτόν
448 3050 664 3135 διαγράψασα,
681 3051 761 3114 ὥστε
777 3049 897 3134 κόσμον
945 3062 979 3119 et
995 3057 1135 3120 humido
1151 3057 1253 3120 solvit
1267 3055 1412 3136 aridum,
1435 3057 1552 3121 eadem
1569 3058 1617 3120 ita
1640 3057 1699 3121 ho·

147 3156 204 3241 μὲν
218 3156 296 3222 εἶναι
313 3157 422 3240 μικρὸν
434 3157 486 3218 τὸν
502 3147 716 3238 evaporavi),
733 3154 852 3237 ἔχοντα
863 3150 897 3214 ἐν
945 3163 1072 3225 minem
1089 3159 1279 3242 edificavit,
1296 3165 1336 3224 ut
1351 3162 1386 3224 in
1402 3178 1442 3224 eo
1457 3161 1562 3224 totius
1578 3161 1698 3225 mundi

147 3259 249 3345 ἑαυτῷ
271 3260 431 3324 πάντατὰ
454 3257 533 3344 μέρη
558 3267 613 3322 τοο
636 3258 722 3338 όλου,
740 3257 839 3342 μέγαν
862 3256 897 3320 δὲ
945 3267 1171 3328 imitationem
1183 3283 1260 3327 cum
1275 3265 1531 3328 mundiadeum
1544 3272 1698 3345 respectu

147 3368 201 3430 τόν
216 3365 338 3450 κόσμον
362 3364 535 3448 ἄνθρωπον.
552 3362 707 3446 Καθάπερ
730 3362 785 3427 οὖν
801 3360 840 3445 δὴ
864 3359 899 3426 ἐν
945 3369 1159 3449 describeret,
1173 3368 1262 3432 unde
1275 3369 1374 3432 homo
1390 3370 1436 3433 sit
1447 3370 1698 3447 microcosmus,

148 3481 193 3557 τῷ
208 3470 302 3556 λόγῳ·
319 3469 343 3536 Γ
344 3481 365 3554 θ
383 3472 439 3556 μὲν
454 3467 603 3552 ἀκίνητος
622 3469 758 3552 {willel
773 3468 829 3530 καὶ
843 3485 900 3528 κα·
946 3475 1005 3554 qui
1021 3475 1056 3535 in
1072 3491 1108 3536 sc
1126 3489 1243 3536 omnes
1259 3473 1412 3537 universi
1427 3477 1540 3554 partes
1556 3471 1695 3553 obtinet,

147 3568 392 3660 dispositioni),
416 3575 536 3660 ἕλθννν
559 3569 712 3637 πἇῑντνθῑν
734 3589 901 3654 πενννῑχν·
946 3582 1049 3643 immo
1069 3595 1217 3656 magnus
1240 3577 1388 3642 mundus
1411 3577 1511 3640 homo
1534 3577 1588 3640 sit.
1613 3577 1698 3651 Quc-

150 3679 243 3767 μένον
258 3679 292 3744 ἐν
308 3679 405 3764 ἑαυτῇ
422 3679 542 3764 ψυχρόν
554 3679 607 3742 τόν
619 3674 710 3760 ἀέρα,
727 3684 782 3739 τοῦ
799 3671 901 3758 πυρόν·
946 3681 1163 3747 madmodum
1186 3697 1269 3759 ergo
1286 3681 1321 3744 in
1345 3681 1408 3744 hcc
1423 3679 1536 3743 verbo:
1563 3701 1579 3739 ιι
1593 3680 1696 3760 Equi·

148 3787 221 3860 δους
243 3784 405 3868 ἀναπνοὴν
427 3780 646 3867 παρεχόμενον
669 3789 709 3864 τῇ
732 3778 833 3862 φύσει,
850 3797 899 3840 τε·
945 3787 1020 3851 dem
1033 3791 1123 3850 terra
1138 3786 1278 3849 immota
1292 3785 1387 3848 stetit
1397 3789 1500 3866 atque
1515 3783 1692 3863 fundata»

150 3885 313 3973 ταγμένιυς
336 3886 371 3950 δὲ
397 3884 446 3950 ἐπ’
465 3885 551 3968 αὐτῷ
572 3884 610 3948 τό
629 3891 690 3965 πῦρ
712 3878 902 3966 ἑωραμένον,
946 3888 1183 3970 undecumque
1216 3888 1343 3952 habens
1380 3889 1416 3952 in
1450 3905 1490 3952 ea
1519 3886 1700 3951 circumfu-

150 3994 206 4058 καί
221 3993 292 4076 περὶ
306 3992 366 4075 τὴν
377 3999 438 4076 γῆν
454 3985 629 4072 κεχυμένον
649 3986 685 4050 τὸ
700 3985 797 4069 ὕδωρ·
821 3986 902 4048 οὕτω
947 4011 1024 4057 sum
1036 4010 1159 4074 acrem,
1173 3993 1234 4072 qui
1246 3992 1340 4071 ignei
1354 3992 1511 4055 elementi
1524 3989 1645 4056 flatum
1658 4009 1699 4054 ea

152 4098 187 4162 δὲ
202 4098 256 4162 καί
279 4096 313 4161 έν
328 4095 404 4181 ἡμῖν
426 4101 468 4180 γῆ
486 4111 543 4178 μεν
558 4091 580 4176 ἡ
596 4097 656 4156 τῶν
678 4087 797 4154 ὀστέων
818 4088 903 4154 ἐστιν
949 4104 1144 4162 naturasua
1155 4097 1291 4179 praebet,
1303 4101 1458 4178 statoque
1471 4097 1588 4160 ordine
1600 4114 1698 4178 supe·

189 4291 386 4362 1)Βουλῷντας
400 4301 500 4358 apogr.
519 4281 588 4338 dcin
600 4299 675 4347 τινος.
688 4277 766 4352 quod
779 4277 799 4333 f.
813 4277 904 4334 abnu-
985 4271 1013 4344 5)
1026 4271 1138 4326 Iterum
1149 4269 1276 4326 rccurrit
1293 4268 1373 4326 idem
1390 4267 1525 4325 Clemens
1543 4267 1700 4339 elegantis-

153 4375 211 4432 dat
225 4373 352 4431 Omnino
365 4371 401 4427 cf.
414 4371 536 4442 Dionys.
550 4368 634 4423 Alex.
647 4367 750 4422 Patrae.
765 4383 795 4430 x,
809 4365 886 4419 1252.
950 4357 1055 4413 simus:
1073 4359 1107 4412 'O
1120 4364 1166 4411 τοῦ
1178 4360 1246 4412 Osci
1259 4359 1351 4426 λόγος,
1364 4359 1445 4424 λόραν
1464 4359 1511 4425 μέν
1524 4359 1571 4408 καιΙ
1584 4357 1700 4422 κιθοίραν

189 4461 217 4534 2)
224 4461 412 4528 Ἀπρονόησις,
425 4459 576 4523 ὰόιοικησία
587 4450 725 4510 videntur
735 4467 812 4507 nova
820 4465 905 4506 vcca-
949 4448 984 4497 τὰ
995 4447 1087 4512 όψυχα
1106 4448 1217 4513 όργανα,
1235 4446 1372 4511 όπιριόὼν,
1390 4445 1491 4510 κόσμον
1510 4444 1540 4495 at
1558 4443 1636 4496 τόνότ
1654 4443 1703 4494 καί

154 4547 233 4613 bula,
246 4544 298 4602 ned
311 4561 376 4617 qua)
390 4561 456 4598 eum
465 4542 544 4598 notis
557 4541 741 4608 disputantia),
754 4539 906 4604 ὰόιοίκητας
950 4535 997 4587 τόν
1016 4535 1126 4600 σμικρόν
1144 4535 1246 4599 κόσμον
1264 4533 1311 4584 τόν
1330 4531 1482 4598 ἄνθρωπον,
1500 4531 1589 4597 ψυχήν
1607 4545 1638 4582 τι
1658 4530 1706 4582 καί

154 4642 224 4709 apte
236 4631 440 4689 conciliantur.
952 4623 1028 4688 σῶμα
1047 4622 1128 4673 αὐτου
1147 4622 1215 4688 όγίφ
1233 4619 1365 4686 Πνιόματι
1383 4619 1567 4685 όρμοαόμινας
1585 4617 1645 4668 κτλ.
1663 4615 1705 4669 At

190 4719 218 4792 3)
230 4721 303 4774 Post
314 4720 382 4772 Θταο
395 4715 522 4771 occurrit
534 4713 565 4768 in
577 4728 678 4785 apogr.
690 4715 795 4779 παγαῖς,
807 4723 907 4762 rarum
951 4722 1154 4776 megacosmus
1165 4711 1196 4760 ct
1212 4703 1421 4759 microcosmus
1438 4701 1526 4757 homo
1539 4720 1558 4756 a
1574 4701 1705 4769 Philone,

154 4805 338 4872 vocabulum,
350 4803 410 4859 nisi
422 4801 462 4858 sit
472 4818 525 4874 pro
538 4804 685 4868 όιαταγατς.
952 4811 989 4849 nc
1001 4791 1090 4847 altius
1102 4796 1261 4864 rcpetntur,
1271 4788 1465 4856 introductus,
1475 4787 1543 4844 inde
1554 4803 1607 4860 per
1619 4786 1704 4841 innu-

193 4894 221 4965 4)
239 4893 320 4948 Part.
338 4891 500 4956 Platonem,
518 4885 652 4960 profecto
670 4884 851 4940 Clementem
868 4883 908 4938 A·
952 4895 1034 4934 mera
1045 4879 1166 4933 Petrum
1183 4875 1355 4931 testimonia
1366 4891 1458 4946 usque
1471 4873 1510 4928 ad
1526 4871 1706 4929 recentiores

156 4984 214 5040 lex.
227 4979 361 5036 imitatur
373 4975 480 5034 volort
493 4981 524 5030 4:
543 4976 598 5030 Καί
609 4975 661 5042 μὴν
672 4975 721 5027 καί
731 4975 813 5039 πυρός
825 4973 909 5040 όρμην
954 4964 1098 5020 deductus
1109 4967 1163 5018 est.
1174 4961 1220 5017 cf.
1233 4961 1347 5016 Philon.
1358 4960 1425 5024 Ouia
1437 4975 1531 5014 rerum
1544 4957 1703 5014 divinmm

158 5069 292 5137 όμοῑλαξτν
311 5067 403 5132 napi...
421 5067 467 5116 καί
483 5063 532 5128 τὴν
549 5063 630 5128 ἀέρος
646 5063 736 5128 ἀπηνῆ
753 5060 910 5128 ψυχρότητα
955 5051 1052 5108 dures.
1067 5055 1126 5105 502.

158 5158 191 5221 τῷ
205 5151 368 5218 ταραπλοκῇ
380 5153 427 5202 τοῦ
439 5149 521 5214 πυρός
533 5148 702 5202 θτιθόσσιυατ
713 5147 774 5200 κτλ
991 5137 1019 5208 6)
1032 5135 1089 5195 Hic
1101 5142 1132 5192 ot
1144 5135 1222 5195 infra
1234 5133 1291 5194 loci
1303 5131 1425 5208 allegati
1437 5149 1484 5188 mo
1496 5131 1631 5204 fugiunt,
