4008 6094
309 395 352 457 42
973 399 1183 462 ORIGENES

311 535 472 620 τουργυιά.
498 573 538 584 -
559 534 599 601 Οί
622 537 704 622 άγιοι
731 536 868 623 μαθηταί
871 585 1057 604 .........
1100 541 1204 602 etiam
1222 539 1334 618 legale
1348 540 1463 603 oleum
1480 538 1625 604 effusum
1642 546 1701 622 est,
1719 559 1786 624 quo
1801 560 1852 606 sa·

309 649 365 704 τοῦ
380 639 473 706 Θεοῦ.
490 637 555 705 Καί
575 639 679 719 ἄλλως
702 641 736 706 δὲ
751 641 773 726 ἡ
790 642 911 727 σμύρνα
933 651 990 729 της
1005 662 1058 706 τα·
1105 643 1256 706 cerdotes
1280 644 1508 723 ungebantur,
1535 650 1569 707 et
1595 645 1851 710 tabernaculum

310 753 374 828 φης
389 743 456 809 ἐστι
471 743 638 830 σύμύολον,
662 744 704 823 ύς
719 745 736 810 ὁ
752 744 977 832 εὐαγγελιστὴς
1000 743 1060 812 ἐδί-
1101 751 1134 809 et
1142 765 1223 810 vasa
1236 748 1546 811 ministeriisanoti
1558 748 1727 830 discipuli,
1736 755 1797 814 etc.
1808 785 1845 794 —-

309 846 394 930 δαξε,
418 849 512 914 εἰπὼν
537 849 598 913 ύπὸ
620 847 740 934 Ἰωσὴφ
766 859 822 913 τοῦ
851 848 1059 935 Ἀριμοιθαίου
1099 851 1214 913 Altera
1227 855 1340 915 autem
1353 851 1640 932 interpretatione,
1652 852 1787 934 myrrho
1798 855 1850 916 est

309 949 548 1036 ἐντεταφίασθαι
570 953 623 1017 τὸν
645 950 770 1037 Ἰησοῦν
793 954 873 1038 μετὰ
888 962 944 1038 της
965 953 1059 1038 σμύρ
1101 955 1285 1034 sepulturae
1303 954 1504 1035 symbolum,
1527 956 1617 1018 sicut
1638 957 1861 1034 evangelista·

307 1065 367 1139 ’νης
382 1055 436 1118 καί
451 1053 560 1140 ἀλόης.
578 1093 618 1103 -
634 1050 675 1119 Ἡ
691 1055 726 1119 δὲ
748 1057 870 1140 στακτη
891 1056 946 1119 καὶ
960 1056 1060 1140 αὐτῆς
1106 1073 1167 1120 uos
1191 1057 1334 1136 edocuit,
1359 1075 1466 1138 quum
1481 1074 1519 1121 eo
1535 1058 1709 1139 referente,
1725 1061 1851 1141 Joseph

311 1159 451 1243 σμύρνης
473 1158 540 1222 ἐστί
568 1159 604 1222 τά
630 1157 837 1242 λεπτότερον·
864 1157 1062 1245 ἑκθλιβέντσς
1106 1159 1148 1222 ab
1165 1160 1360 1224 Arimathea
1376 1162 1531 1241 sepelivit
1541 1164 1661 1226 Jesum
1674 1183 1752 1228 curn
1763 1182 1853 1246 myr-

309 1263 372 1346 γὰρ
386 1271 442 1325 τοῦ
457 1260 634 1346 άρύματος,
651 1263 726 1326 δσον
743 1263 800 1346 μὲν
815 1259 1003 1346 atropium
1015 1261 1060 1338 εἰς
1105 1264 1166 1326 rha
1194 1267 1228 1328 et
1250 1264 1334 1328 aloe.
1349 1299 1387 1310 ·-
1406 1265 1505 1332 Gtttto
1531 1272 1645 1330 autem
1673 1273 1723 1330 est
1746 1268 1852 1348 ipsius

308 1367 368 1451 τὴν
390 1367 530 1450 στακτὴν
553 1363 793 1452 ἀπομερίζεται·
815 1368 851 1430 τὸ
872 1366 907 1431 δὲ
924 1364 1060 1452 παχύτε-
1102 1366 1250 1450 myrrhae
1266 1385 1345 1450 pars
1361 1369 1528 1433 subtilior.
1545 1371 1683 1446 Quando
1695 1373 1853 1436 enimes-

310 1490 365 1554 ρον
380 1467 549 1554 ἀπομένον,
566 1469 687 1554 σμύρνα
705 1470 984 1555 προσαγορεύεται
1000 1468 1061 1535 Ὧν
1101 1489 1256 1553 pressum
1287 1471 1354 1536 suit
1384 1489 1509 1553 aroma,
1537 1473 1702 1554 quidquid
1732 1493 1853 1556 perse

310 1575 346 1637 τὸ
374 1573 429 1658 μὲν
456 1571 555 1651 πάθος
578 1573 681 1658 δηλοῖ,
707 1575 742 1638 τύ
765 1573 801 1638 δὲ
824 1575 882 1659 την
912 1574 956 1652 είς
982 1575 1060 1659 ᾷδου
1102 1573 1220 1652 effluit,
1234 1576 1270 1638 in
1286 1580 1422 1653 guttam
1445 1583 1630 1658 separatur.
1655 1579 1749 1654 Quod
1771 1595 1851 1642 vero

309 1674 498 1757 narcidono,
529 1677 637 1764 ἐπειδὴ
668 1686 758 1742 πᾶσα
785 1678 910 1764 σταγὼν
939 1677 990 1742 ἐπὶ
1018 1679 1059 1742 τὰ
1102 1677 1248 1740 crassius
1264 1683 1449 1758 permanet,
1466 1681 1609 1763 myrrha
1627 1689 1856 1764 nuncupatur.

310 1780 399 1845 κάτω
414 1779 637 1866 καταφέρεται.
653 1779 804 1866 Κατηλθε
826 1782 898 1865 γάρ,
914 1781 966 1845 ίνα
980 1780 1060 1864 πλη·
1102 1783 1252 1856 Quarum
1276 1799 1390 1845 rerum
1408 1801 1477 1846 una
1506 1785 1644 1865 quidem
1666 1788 1856 1866 passionem

311 1885 399 1970 ρύιση
416 1884 529 1951 ἑαυτοῦ
545 1887 585 1950 τά
596 1885 772 1970 σύμπαντα.
786 1880 880 1948 -Ἥ
895 1884 930 1948 δὲ
941 1881 1061 1949 κασσία
1101 1884 1293 1964 significan
1323 1887 1431 1952 altera
1458 1905 1538 1950 vero
1577 1887 1619 1951 ad
1647 1888 1771 1952 inferos
1803 1889 1858 1952 de·

309 1989 418 2076 φλοίος
433 1989 479 2067 τίς
502 1989 568 2055 ἐστι
589 1988 781 2066 λεπτότατος
803 1990 858 2053 καί
873 1987 1003 2073 εῦύδης,
1025 1987 1060 2052 ίν
1104 2005 1272 2053 scensum.
1292 1991 1427 2053 Etenim
1443 1991 1486 2055 ad
1508 1991 1667 2056 inferiora
1689 2011 1858 2074 quaecum-

308 2092 439 2171 ξυλύδει
452 2092 568 2177 κάρφει
587 2092 842 2178 περιτεινόμενος.
860 2090 1060 2177 Παρηνίξατο
1106 2109 1171 2172 que
1184 2093 1277 2156 stilla
1288 2095 1491 2174 demittitur3
1504 2095 1676 2160 descendit
1685 2115 1785 2178 porro
1796 2099 1854 2162 ille

309 2197 362 2261 διίι
385 2199 443 2282 τὴν
465 2205 522 2282 της
545 2199 662 2282 σαρκὸς
691 2199 761 2281 περί
783 2208 838 2280 τοῦ
861 2197 954 2276 ξύλου
976 2199 1060 2261 οίκο-
1105 2199 1144 2258 ut
1157 2198 1272 2259 omnia
1287 2215 1363 2278 qnae
1378 2198 1421 2262 de
1443 2201 1552 2280 seipso
1569 2205 1666 2264 erant
1688 2203 1853 2283 impleret.

311 2299 432 2386 νομίαν.
459 2299 519 2364 Ἐκ
540 2301 575 2364 δὲ
597 2301 714 2385 ταύτης
738 2310 794 2386 της
810 2299 912 2377 αἰτίας
935 2303 989 2365 καί
1011 2301 1061 2364 εύ-
1106 2335 1142 2344 -
1164 2301 1277 2366 Cossio
1291 2319 1372 2365 vero
1391 2308 1507 2366 cortex
1523 2309 1575 2367 est
1588 2306 1811 2370 tenuissimus
1826 2311 1859 2369 et

310 2413 412 2489 γονεῖς
437 2404 492 2468 καί
522 2402 682 2489 βασιλικαί
712 2405 822 2491 ψυχαί,
854 2406 905 2470 διά
935 2407 993 2490 τὴν
1017 2406 1060 2482 είς
1113 2403 1281 2484 fragrans,
1294 2407 1859 2484 lignososurculocircumvolutus.

308 2508 396 2595 ημᾶς
417 2507 654 2594 συγκατάβασιν
677 2508 872 2595 εὐγνώμονες
887 2512 988 2592 ούσαι,
1006 2512 1060 2574 τὸν
1104 2509 1299 2588 Respicltur
1314 2509 1357 2572 ad
1370 2509 1493 2574 factam
1510 2511 1545 2573 in
1560 2529 1661 2574 came
1678 2513 1768 2575 circa
1787 2530 1860 2576 cru-

310 2614 448 2699 Χριστὸν
470 2615 630 2698 ηῦφρανον
653 2611 818 2696 πλουσίως,
843 2613 970 2697 προσέτι
995 2622 1061 2692 τοῖς
1103 2613 1156 2674 eis
1175 2612 1315 2690 lignum
1331 2615 1562 2676 oeconomiam.
1578 2617 1662 2678 Eam
1681 2622 1795 2680 autem
1819 2617 1860 2680 ob

309 2715 444 2803 ἱματίοις
458 2727 514 2781 τοῦ
530 2717 668 2802 Χριστοῦ
684 2717 747 2781 ἀπὸ
766 2716 923 2783 πλουσίων
939 2717 1060 2782 οἰκοδο
1103 2733 1242 2778 oausam
1259 2720 1293 2779 et
1307 2717 1436 2780 nobiles
1454 2722 1489 2780 et
1503 2719 1608 2797 regiae
1623 2721 1746 2782 animae
1761 2726 1860 2799 grato

310 2820 463 2906 μιγμάτων
478 2820 656 2906 φερόμεναι
672 2820 788 2906 Βάρεις
802 2823 863 2906 γάρ
876 2819 905 2884 οἱ
922 2819 1061 2906 μέγιστοι
1108 2821 1223 2882 animo
1247 2837 1413 2884 memores
1428 2821 1569 2901 hujusce
1584 2823 1627 2887 ad
1643 2842 1704 2889 nos
1727 2825 1862 2889 descen·

309 2933 370 2990 τῶν
394 2925 487 2990 οίκων
508 2923 654 3009 λέγονται
676 2926 731 2988 καί
754 2926 869 2990 τούτων
897 2923 1059 3009 ἐλεφαντί-
1107 2943 1180 3005 sus,
1197 2925 1369 2988 Christum
1385 2925 1514 2989 affatim
1523 2926 1752 3008 laetificarunt,
1768 2929 1861 2992 Chri·

311 3051 382 3112 νων,
398 3031 451 3095 διά
465 3032 500 3094 τὸ
516 3027 669 3094 πλουσίαν
685 3029 764 3093 είναι
778 3031 836 3115 την
852 3037 906 3093 τοῦ
921 3028 1061 3113 Χριστοῦ
1102 3029 1148 3091 sti
1164 3029 1305 3110 insuper
1320 3029 1471 3092 vestibus
1488 3030 1623 3094 insertae
1636 3049 1677 3094 ex
1689 3033 1859 3113 opulentis

313 3134 384 3218 περί
400 3136 453 3199 τὸν
468 3133 586 3219 κόσμον
602 3132 741 3218 ἀγάπην.
1103 3131 1250 3195 aedibus.
1268 3135 1390 3196 Turres
1403 3135 1494 3196 enim
1505 3135 1577 3196 sive
1589 3127 1704 3220 βάρεις,
1716 3135 1860 3216 majores

1103 3236 1230 3299 domus
1247 3236 1416 3316 dicuntur,
1433 3239 1590 3301 etiamen
1605 3239 1703 3302 ebore
1718 3243 1859 3322 sculptae

1103 3344 1239 3422 propter
1253 3342 1454 3423 locupletem
1463 3341 1588 3405 christi
1596 3359 1680 3421 erga
1692 3346 1857 3410 muudum

1104 3445 1320 3509 charitatem.
1893 3459 1895 3464 ·

354 3549 394 3617 ‘H
410 3553 445 3616 δὲ
458 3549 669 3638 βασίλισσα,ἡ
684 3548 788 3635 μήτηρ
800 3558 860 3614 τῶν
871 3547 1059 3634 θυγατέρων,
1148 3552 1226 3630 Ipsa
1254 3553 1369 3612 autem
1397 3550 1522 3644 repieta,
1557 3555 1666 3614 mater
1694 3551 1855 3631 filiorum,

311 3656 453 3742 παρέστη
477 3657 516 3720 ἐκ
530 3655 647 3737 δεξιῶν,
669 3654 692 3739 η
712 3652 867 3739 καθολικὴ
891 3652 1060 3740 ἐκκλησία.
1104 3655 1216 3719 ostitit
1235 3668 1257 3717 o
1278 3652 1411 3732 ιίοαίνίε,
1438 3654 1591 3717 Ecclesia
1613 3655 1788 3720 catholica.
1812 3659 1856 3719 At

310 3759 508 3845 Κυριύιτερον
531 3759 565 3823 δὲ
581 3758 679 3835 εἴποις
702 3757 896 3842 ἐπουράνιον,
912 3759 980 3842 ἠτις
995 3758 1062 3823 ἐστι
1103 3757 1362 3822 convenientius
1374 3757 1501 3821 dixeris
1514 3775 1589 3822 eam
1601 3775 1673 3821 esse
1685 3759 1856 3822 coelestem

312 3862 418 3948 μήτηρ
440 3871 501 3928 τῶν
523 3862 574 3926 ἐπί
588 3871 648 3947 γης
670 3859 778 3947 άγίων,
802 3861 931 3927 Παύλου
954 3851 1062 3946 λέγον-
1104 3865 1297 3943 illamqua
1314 3866 1692 3926 estmatersanetorum
1707 3864 1855 3942 interra,

310 3989 378 4045 τος·
391 3965 431 4032 ‘H
443 3967 507 4032 άνω
515 3962 883 4052 Ἱερουσαλημέλευθέρα
891 3966 984 4049 ἐστίν,
992 3966 1062 4050 ἥτις
1104 3969 1209 4032 Paulo
1224 3967 1374 4031 dicente:
1395 3989 1411 4026 ιι
1429 3970 1508 4043 Quae
1523 3985 1659 4030 sursum
1676 3971 1727 4030 est
1738 3968 1859 4030 Hieru-

311 4072 378 4136 ἐστί
401 4069 507 4158 μήτηρ
535 4069 636 4155 ἡμῶν.
666 4069 772 4135 Καλεῐ
799 4069 827 4135 δ’
842 4071 942 4155 αὐτὴν
971 4069 1061 4135 πάλιν
1107 4074 1223 4150 salem,
1236 4071 1343 4134 libera
1356 4075 1416 4150 est,
1429 4089 1505 4152 quae
1518 4075 1570 4134 est
1581 4076 1690 4135 mater
1703 4076 1827 4135 nostra.
1838 4094 1856 4131 ν

312 4177 396 4245 Θεοῦ
421 4176 538 4254 ζῶντος
559 4177 614 4239 καί
636 4175 677 4238 τά
699 4173 782 4259 ἐξης.
806 4174 896 4258 Αύτη
926 4175 982 4258 μὲν
1006 4175 1061 4239 σύν
1106 4181 1190 4242 Eam
1219 4178 1301 4240 item
1329 4181 1508 4258 nuncupat
1531 4177 1704 4240 civitatem
1728 4177 1790 4239 Dei
1811 4177 1860 4240 vi-

312 4277 451 4365 ητελεία
462 4278 602 4362 Χριστοῦ
613 4279 889 4363 νύμφηήςούκάν
900 4277 1061 4362 ἁμάρτοις,
1104 4283 1227 4360 ventis,
1244 4286 1307 4344 etc.
1326 4283 1402 4362 Ipsa
1414 4287 1529 4343 autem
1542 4286 1594 4344 est
1608 4279 1756 4361 perfecta
1767 4279 1860 4344 Chri-

314 4381 490 4469 θυγατέραν
515 4381 617 4468 λέγων
640 4385 698 4468 τὴν
720 4383 771 4448 ἐπὶ
793 4391 853 4470 γῆς
875 4380 1061 4465 ἐκκλησίαν.
1105 4387 1150 4449 sti
1172 4401 1305 4466 sponsa,
1329 4383 1427 4464 cujus
1450 4386 1480 4448 si
1503 4385 1629 4448 dixeris
1652 4383 1760 4447 filiam
1784 4401 1858 4446 eam

313 4488 492 4554 Bouillana
517 4489 552 4555 δὲ
578 4486 697 4571 ἐκείνη,
721 4487 763 4566 ὡς
790 4486 1063 4574 συμβασιλεύουσα
1105 4490 1302 4568 Ecclesiam,
1325 4505 1402 4569 quae
1425 4493 1668 4569 superterram
1690 4492 1751 4568 est,
1768 4487 1860 4550 haud

313 4602 358 4679 τῷ
383 4592 498 4679 ἐαυιης
524 4591 655 4678 νυμφίῳ,
682 4595 737 4656 καί
762 4594 798 4655 τὸ
824 4591 985 4678 βασιλικὸν
1008 4594 1063 4656 καί
1105 4594 1333 4658 aberraveris.
1357 4591 1484 4654 Eadem
1507 4608 1588 4654 vero
1608 4591 1729 4670 regina
1745 4595 1805 4670 cst,
1822 4595 1860 4652 nt

315 4690 483 4782 φωτοειδὲς
497 4705 555 4781 της
571 4694 749 4782 ἀφθαρσίας
771 4697 889 4780 ἔνδυμα
911 4693 1062 4780 φέρουσα.
1105 4715 1181 4779 quae
1205 4715 1288 4760 cum
1311 4711 1434 4777 sponso
1457 4711 1519 4758 suo
1541 4696 1645 4759 simul
1668 4700 1860 4776 regnatne

315 4841 356 4851 --
372 4801 483 4881 Δεξιίιν
497 4802 533 4867 δὲ
549 4800 658 4886 χώραν
673 4811 728 4865 τοῦ
743 4800 881 4885 Χριστοῦ
897 4798 1061 4886 λαμύάντι,
1105 4802 1240 4879 regium
1265 4801 1409 4880 luceque
1431 4797 1615 4881 perfusum
1639 4799 1862 4880 incorruptio·

314 4903 527 4991 διακρίνοντος
541 4905 604 4970 ἀπὸ
620 4915 682 4972 τῶν
698 4905 826 4991 φαυλῦν
841 4906 895 4969 καὶ
911 4913 972 4971 τῶν
985 4905 1063 4989 άγα-
1104 4905 1159 4969 nis
1180 4905 1271 4982 gerit
1293 4903 1540 4968 indumentum.
1560 4939 1597 4948 —
1617 4905 1751 4966 Partem
1778 4920 1859 4966 vero

314 5010 386 5093 θῦν,
403 5008 474 5087 ύιςύ
490 5012 607 5097 ποιμὴν
626 5009 690 5074 ἀπὸ
705 5018 766 5075 τῶν
782 5007 896 5095 ἐρίφων
917 5020 974 5074 τοῦ
989 5027 1063 5092 προ-
1105 5005 1280 5071 deiteram
1297 5008 1451 5090 suscipit,
1467 5008 1593 5072 Christi
1612 5023 1733 5087 nempe
1744 5006 1787 5070 ab
1800 5007 1861 5070 im-

316 5115 424 5201 βάτου.
448 5112 645 5204 Παρίστατοιι
667 5114 723 5181 σύν
742 5114 776 5182 ίν
798 5112 975 5200 ίματισμοίς
998 5113 1062 5178 διοι-
1105 5112 1219 5193 probis
1234 5113 1354 5192 probos
1379 5112 1613 5192 discernentis,
1638 5112 1727 5176 sicut
1746 5116 1861 5191 pastor
