4006 6090
288 428 353 492 284
963 420 1173 486 ORIGENES
1199 485 1202 490 .

328 559 682 648 ν.83.”οτιὲγεννηθην
697 558 739 638 ὡς
755 558 1030 646 ἀσκὸςένπόιχνη·
1123 579 1154 626 v.
1170 563 1223 626 83.
1243 563 1325 639 Quia
1343 561 1460 645 socias
1484 581 1557 630 τιιοι
1582 563 1669 630 aierit
1694 567 1766 629 atter
1791 563 1827 627 ιό

287 672 327 735 τὰ
343 668 539 755 δικαιώματά
554 689 611 733 σου
626 668 685 732 ούκ
699 665 910 750 ἐπελαθόμην.
1072 668 1216 750 pruina,
1229 667 1482 751 jmtificotioows
1497 673 1571 733 totus
1584 686 1648 733 ιιοιι
1662 685 1734 734 oum
1754 667 1829 732 obli·

1080 775 1142 835 tos.

330 877 497 964 Χρηστέον
519 886 563 964 τῷ
579 877 663 962 ρητῷ
686 875 787 959 τούτῳ
802 877 879 960 πρός
895 877 968 952 τούς
984 873 1035 958 εγ·
1124 878 1194 940 Hoc
1209 876 1311 954 veriro
1335 879 1501 942 utendum
1518 886 1570 943 est
1584 879 1674 959 apud
1697 895 1752 942 eos
1768 877 1827 959 qui

285 981 552 1069 καταλειφθέντας
584 981 672 1063 παρόι
699 978 770 1064 Θεῖρ
801 980 845 1056 εἰς
879 976 1035 1064 ὠφέλειαν
1079 983 1215 1062 propter
1228 981 1416 1062 proiectum
1432 985 1554 1047 animae
1569 1001 1590 1045 a
1605 984 1674 1046 Deo
1689 982 1827 1044 deratio-

287 1089 408 1174 ψυχης·
417 1088 466 1153 Τό
474 1083 671 1170 δικαιώματά
683 1104 740 1148 σου
753 1084 813 1148 ούκ
823 1082 1035 1167 ἒπελαθόμην.
1079 1086 1106 1147 ti
1130 1091 1226 1148 suut:
1249 1087 1505 1169 Jurtptcotiouos
1528 1091 1602 1151 tuos
1622 1103 1685 1149 ooo
1702 1101 1774 1148 ιτιιο
1800 1101 1831 1146 o·

287 1192 352 1257 Κα1
367 1192 401 1256 ἐν
416 1201 460 1276 τῷ
483 1186 656 1275 εὐαγγελίῳ
679 1189 802 1273 εῐρηται
816 1189 851 1251 τό
874 1197 966 1273 σῶμα
981 1186 1036 1251 ἀσ-
1079 1189 1188 1254 aliem.
1211 1191 1323 1254 Etiam
1346 1193 1382 1254 in
1408 1192 1587 1270 evangelio
1609 1206 1730 1269 eorpus
1750 1186 1831 1250 dioi-

287 1296 362 1374 κός·
378 1294 425 1362 Οὐ
448 1297 509 1381 γὰρ
526 1294 679 1381 βάλλουσι
701 1291 789 1370 νέους
805 1292 905 1369 οἴνους
921 1291 964 1369 εἰς
981 1291 1037 1356 ἀσ·
1080 1298 1138 1357 tur
1153 1297 1238 1359 uter.
1262 1296 1362 1358 «Non
1379 1295 1470 1360 enim
1489 1296 1632 1358 mittunt
1646 1295 1727 1356 vina
1741 1308 1830 1355 nova

288 1403 366 1478 κούς
387 1399 552 1482 παλαιούς,
575 1395 721 1480 δηλονότι
746 1399 801 1460 τόν
823 1396 958 1461 παλαιὸν
983 1397 1037 1460 ἄν·
1079 1400 1117 1462 in
1133 1407 1225 1463 utres
1237 1405 1378 1480 veteres,
1395 1421 1412 1460 >›
1431 1400 1465 1463 id
1481 1405 1532 1465 est
1546 1401 1582 1463 in
1598 1403 1746 1462 veterem
1770 1396 1828 1459 ho·

289 1504 423 1589 θρυπον,
446 1505 480 1581 ός
502 1505 568 1569 ἐστι
583 1511 684 1588 σῶμα.
701 1499 757 1579 Ὡς
780 1503 834 1568 ούν
856 1501 960 1566 πάντα
979 1519 1037 1564 κα-
1081 1506 1218 1586 minem,
1248 1505 1339 1586 quod
1366 1508 1418 1567 est
1444 1521 1574 1585 eorpus.
1597 1504 1709 1581 Igitur
1735 1519 1775 1565 ao
1801 1501 1831 1564 si

290 1609 460 1693 τορθύισας,
474 1605 584 1693 φησίν·
600 1606 782 1691 Ἐνέκρυσόι
790 1626 849 1691 μου
861 1606 901 1670 τόι
914 1603 994 1690 μέλη
1007 1603 1038 1669 ἐ·
1082 1609 1197 1672 omnia
1206 1612 1298 1672 reeta
1312 1608 1456 1687 fecisset,
1469 1610 1530 1671 ait:
1543 1609 1617 1672 Mea
1628 1605 1829 1670 mortificavi

291 1715 326 1777 πὶ
337 1722 395 1798 της
406 1722 476 1799 γης,
488 1711 662 1798 όείῳλόγιρ
673 1714 732 1798 τὴν
743 1709 927 1796 θερμότητα
939 1708 1038 1794 ψύξας
1082 1711 1234 1775 membra
1251 1730 1353 1795 super
1372 1718 1507 1793 terram,
1528 1711 1643 1774 divino
1661 1710 1764 1774 verbo
1779 1728 1831 1774 re-

292 1826 348 1881 τοῠ
370 1815 525 1901 σώματος,
550 1815 591 1893 ύις
613 1817 737 1901 γαστὴρ
760 1812 948 1898 νενέκρυται
968 1821 1038 1891 ταῖς
1082 1816 1406 1897 frigerausoorporis
1422 1815 1831 1895 fervorem‚sioutventer

293 1931 488 2006 σωματικαῖς
514 1918 652 2003 ἡδοναῖς.
677 1919 727 1985 T&
752 1921 814 2005 γὰρ
840 1916 1038 2003 δικαιώματά
1082 1921 1480 2000 mortuusestoorporeis
1494 1921 1737 2000 voluptatibus.
1753 1921 1831 1983 Ete-

292 2047 351 2091 σου
365 2025 399 2090 ὲν
415 2027 509 2110 σαρκὶ
531 2025 617 2110 ζύση
638 2025 693 2089 καὶ
715 2024 748 2089 ἐν
768 2032 812 2109 τῷ
827 2023 911 2087 κατὰ
933 2020 1039 2105 σάρκα
1085 2027 1156 2088 nim
1186 2030 1254 2088 tuoe
1280 2023 1423 2105 justitiae
1454 2025 1593 2087 oracula
1622 2026 1732 2087 looum
1762 2039 1831 2084 non

295 2127 532 2215 στρατευομένῳ
553 2129 662 2214 χύραν
684 2129 743 2192 ούιι
765 2128 842 2212 ἔχει.
859 2164 901 2176 -
922 2123 1039 2208 Νεκροῑ
1083 2131 1209 2194 habent
1225 2132 1260 2194 in
1276 2149 1376 2194 earne
1391 2132 1484 2194 lauto
1506 2131 1647 2210 nutrita,
1662 2129 1718 2192 vel
1740 2127 1830 2209 apud

298 2234 364 2318 pto,
382 2232 503 2319 μᾶλλον
519 2232 547 2296 ot
563 2233 677 2310 ζῶντες
692 2232 779 2315 παρὰ
794 2239 856 2295 τῶν
869 2237 978 2294 κακῶν
993 2226 1039 2314 rt·
1084 2254 1162 2299 eum
1194 2237 1254 2317 qui
1280 2238 1375 2299 carni
1404 2237 1538 2298 militat.
1557 2269 1595 2280 —
1611 2233 1734 2296 Mortui
1761 2231 1834 2312 qui-

293 2356 400 2403 νονται
423 2334 547 2418 δίκαιοι,
575 2337 617 2414 ὡς
648 2335 741 2400 ἀσκοὶ
770 2334 929 2415 ἀπόκενοι,
961 2333 1039 2420 μᾱλ·
1084 2339 1170 2420 ύειιι,
1187 2341 1270 2421 quin
1287 2341 1393 2402 immo
1409 2343 1562 2403 viventes
1579 2337 1621 2400 ab
1644 2335 1836 2399 afflictioni-

293 2441 349 2505 λον
372 2442 394 2525 η
416 2439 588 2526 ἀνθρώποις
616 2440 862 2527 ἀποψυχόμενοι,
895 2438 1039 2521 καθάπερ
1084 2445 1149 2509 bus
1167 2443 1256 2507 fiunt
1269 2443 1365 2524 justi,
1379 2445 1475 2524 quasi
1488 2447 1581 2507 utres
1595 2441 1706 2520 vacui,
1721 2439 1834 2520 potius

294 2544 405 2631 πάχνη
425 2545 697 2632 περιπηγνύμενοι,
714 2547 768 2609 καὶ
785 2546 822 2608 τὸ
843 2543 963 2628 θερμόν
985 2545 1041 2608 καὶ
1085 2567 1187 2631 quam
1211 2550 1253 2612 ab
1286 2549 1480 2612 homiuibus
1503 2545 1705 2625 refrigerati,
1736 2542 1834 2623 quasi

294 2652 468 2732 πρακτικόν
492 2649 746 2736 παραιρούμενοι
765 2645 803 2713 Ὁ
818 2657 875 2712 τού
891 2647 975 2714 Θεοῦ
989 2645 1041 2710 λό-
1084 2655 1209 2736 pruina
1223 2654 1416 2732 oouoretati
1429 2669 1450 2713 a
1463 2651 1595 2714 fervido
1607 2653 1642 2713 et
1652 2649 1762 2712 activo
1774 2641 1836 2709 hu·

294 2774 361 2838 γος,
377 2757 589 2840 πνευματικός
609 2755 661 2834 ὢν,
677 2752 785 2838 πάχνη
809 2752 875 2816 ἐπεὶ
896 2753 951 2815 καὶ
973 2749 1042 2835 δρό-
1066 2763 1179 2820 'more
1196 2758 1486 2821 destitutisermo
1497 2756 1637 2836 Doi,qui
1648 2750 1836 2835 spiritualis

296 2879 352 2936 σος
377 2861 431 2923 καὶ
457 2860 545 2935 ὑετὸς
567 2857 703 2943 λέγεται,
726 2859 761 2934 ὃς
782 2855 961 2941 καταψύχει
986 2855 1042 2939 μὲν
1086 2866 1147 2942 est,
1162 2862 1218 2926 hio
1233 2864 1365 2944 pruina,
1388 2863 1443 2926 vel
1466 2863 1568 2925 otiam
1586 2877 1640 2924 ros
1663 2863 1696 2923 et
1716 2856 1834 2939 pluvia

294 2965 348 3029 τόν
363 2963 426 3028 ἀπὸ
438 2962 545 3028 παθῶν
556 2962 735 3027 ἀκόλαστον
746 2959 917 3045 ὀφθαλμόν,
931 2959 972 3036 ὡς
984 2961 1042 3045 την
1087 2967 1221 3048 dieitur,
1237 2971 1276 3030 ut
1292 2970 1350 3048 qui
1371 2968 1554 3045 refrigerat
1576 2967 1712 3029 oculum
1728 2982 1748 3025 a
1763 2979 1837 3042 pas-

294 3067 445 3153 νέκρυσιν
460 3067 568 3153 Ἰησοῦ
584 3067 689 3153 φέρειν
704 3066 737 3131 ἐν
753 3065 866 3150 ἑαυτῷ.
1087 3071 1240 3136 sionibus
1256 3070 1406 3134 noudum
1433 3073 1482 3134 ita
1504 3071 1710 3147 castigatum
1735 3071 1774 3129 ut
1799 3066 1836 3128 iu

1087 3193 1124 3239 se
1140 3174 1226 3238 ferat
1243 3173 1536 3238 mortificationem
1552 3175 1635 3236 Jesu
1651 3170 1784 3234 Christi.

338 3296 370 3340 v.
388 3277 440 3340 84.
456 3275 560 3341 Πόσαι
575 3277 651 3342 εἰσὶν
674 3274 707 3340 αἱ
721 3272 839 3361 ἡμέραι
859 3283 913 3338 τοῦ
929 3273 1043 3339 δούλου
1131 3298 1163 3342 v.
1181 3281 1233 3342 84.
1253 3280 1333 3354 aut
1346 3283 1424 3344 οοιιό
1438 3277 1506 3342 dieo
1523 3278 1611 3342 serui
1625 3277 1692 3341 toii
1707 3271 1836 3350 Quando

295 3401 362 3462 σου,
378 3380 454 3445 πότε
469 3379 610 3466 ποιήσεις
626 3401 677 3466 μοι
693 3380 731 3444 ἐκ
752 3386 813 3444 τῶν
831 3376 1044 3444 καταδιυκόν-
1079 3381 1190 3465 socies
1204 3383 1242 3447 de
1249 3381 1516 3465 persequentibus
1526 3398 1576 3446 me
1583 3379 1763 3461 judiciam?

296 3505 358 3549 τυν
375 3507 413 3570 με
428 3506 546 3570 κρισιν;

339 3587 463 3674 Ὀλίηαι
477 3591 538 3674 γὰρ
555 3589 587 3652 αἱ
603 3599 664 3654 τῶν
680 3587 850 3674 ἀνθρώπων
864 3583 982 3671 ἡμέραι
993 3585 1045 3650 ἐπὶ
1132 3592 1235 3655 Pauoi
1259 3592 1350 3654 euim
1373 3593 1455 3653 suut
1480 3589 1552 3652 dies
1579 3589 1755 3651 hominum
1782 3603 1838 3649 su-

296 3700 354 3775 της
380 3701 450 3777 γης,
474 3694 523 3770 αῐς
550 3696 678 3778 εὔχεται
699 3690 823 3777 ταχέως
846 3689 1046 3775 συντριὸἠναι
1088 3715 1149 3779 per
1163 3703 1300 3776 terram,
1319 3697 1354 3758 in
1371 3696 1495 3776 quibus
1510 3697 1609 3771 rogat
1624 3697 1664 3755 ut
1689 3693 1756 3755 oito
1783 3693 1840 3754 Sa-

296 3797 351 3861 τόν
366 3796 514 3861 Σατανᾶν
529 3798 589 3861 ὑπὸ
604 3800 677 3874 τοὺς
699 3795 799 3872 πόδας
818 3795 924 3876 αύτού,
941 3792 983 3871 ὡς
1005 3793 1045 3857 ἂν
1089 3807 1204 3866 tanam
1220 3805 1372 3865 conterat
1392 3799 1456 3862 sub
1479 3797 1621 3878 pedibus
1647 3797 1732 3858 suis:
1749 3793 1840 3857 unde

296 3899 505 3964 ύτιοτάσσοιτο
532 3903 591 3985 την
615 3902 732 3987 ψυχὴν,
759 3910 815 3964 τοῦ
837 3899 927 3963 θείου
949 3898 1045 3984 λόγου
1089 3909 1237 3970 animam
1253 3904 1421 3984 subjiciat,
1438 3903 1553 3966 divino
1569 3901 1672 3965 verbo
1703 3901 1738 3964 iu
1762 3917 1839 3962 eam

294 4003 461 4089 γεγονότος
477 4004 510 4068 ἓν
522 4007 620 4090 αὐτῇ·
637 4005 697 4070 κᾶν
709 4006 771 4090 χόιρ
784 4003 945 4088 ἄνθρωπος
960 3999 1046 4086 ἡμᾶς
1090 4013 1251 4075 immisso.
1269 4010 1411 4073 Etiamsi
1428 4009 1519 4071 onim
1535 4024 1596 4070 nos
1613 4006 1713 4068 homo
1730 4021 1841 4085 perse·

298 4107 497 4192 καταδιιύκει,
514 4109 586 4174 ἀλλ’
600 4109 637 4174 οὐ
655 4109 900 4193 προηγούμενος,
917 4107 989 4172 ἀλλ’
1004 4105 1046 4184 ὡς
1091 4120 1225 4197 quatur,
1241 4113 1310 4176 dux
1326 4113 1408 4175 belli
1424 4129 1491 4174 uon
1508 4116 1568 4190 est3
1584 4110 1643 4174 sed
1663 4115 1837 4190 tamquam

342 4321 533 4383 Auoaosrus
548 4319 584 4382 iu
598 4338 628 4382 o.
641 4320 693 4382 83.
709 4321 836 4402 Corpus
853 4317 1046 4381 afflictionis
1092 4341 1225 4389 suum...
1253 4322 1287 4385 Si
1313 4321 1469 4384 vivamus
1497 4320 1601 4400 carui,
1627 4318 1743 4381 vivere
1768 4331 1837 4380 non

298 4425 427 4486 sumus,
449 4414 483 4471 et
498 4413 640 4471 mortem
655 4409 790 4471 Domini
809 4409 893 4470 Jesu
916 4425 1048 4488 semper
1091 4429 1271 4495 possumus
1301 4412 1381 4490 Deo,
1412 4411 1493 4489 quia
1523 4409 1663 4472 inimica
1689 4409 1740 4470 est
1768 4407 1839 4470 Deo

300 4498 336 4559 in
371 4503 487 4560 nostro
525 4515 662 4577 corpore
699 4496 915 4560 circumferre
951 4494 1049 4558 debe-
1093 4501 1239 4566 carnalis
1254 4500 1319 4562 ista
1335 4499 1501 4579 sapientia
1517 4501 1551 4560 et
1564 4499 1636 4559 vita
1658 4495 1840 4559 secularis.

301 4602 388 4648 mus.
406 4587 469 4650 Hic
495 4591 546 4648 est
572 4591 648 4648 uter
674 4585 734 4667 qui
759 4586 905 4663 castigat
928 4601 1049 4664 eorpus
1095 4586 1465 4673 (semiperempta.
1480 4605 1527 4666 rx,
1540 4586 1757 4665 17.110or.rv,
1774 4581 1838 4664 10.)

334 4825 364 4864 v.
376 4805 420 4862 83.
434 4806 500 4862 Vat
514 4804 540 4875 4,
553 4805 578 4874 5,
590 4805 616 4876 9,
630 4806 672 4876 11,
683 4805 725 4860 14.
736 4805 874 4861 Laui-ent
884 4803 963 4874 Plut,
973 4803 1049 4874 r1‚3,
1128 4813 1155 4852 v.
1168 4793 1212 4847 84.
1233 4792 1300 4848 Vat.
1312 4791 1338 4862 4,
1351 4791 1376 4861 5,
1390 4791 1432 4846 16.
1454 4790 1587 4847 Priorem
1609 4787 1764 4862 periodum
1782 4785 1842 4842 BB.

302 4895 436 4968 quaedam
448 4895 486 4950 ab
499 4893 584 4948 initio
597 4913 615 4948 a
626 4895 685 4948 ΒΒ,
699 4893 786 4950 aliter
797 4894 894 4966 posita
906 4897 983 4962 suni,
994 4907 1050 4946 use
1094 4879 1217 4952 Origeni
1236 4877 1323 4934 Simul
1336 4884 1367 4934 θύ
1387 4878 1551 4933 Athanasio
1563 4877 1757 4932 contulerunt·
1775 4873 1844 4929 Alio·

303 4981 490 5037 sineiaoanis
502 4978 717 5052 eteorruptela.
731 4977 1051 5048 QuaedaminfineMa·
1094 4967 1173 5040 81)ῠᾶ
1197 4964 1355 5036 Mstufimflr
1376 4970 1411 5020 ui
1432 4965 1463 5019 ³¹¹
1488 4963 1571 5020 00‘1‘1·
1593 4961 1710 5032 1¹0⁸ffi⁸2
1724 4960 1845 5032 ⁰8¹0&

302 5068 349 5122 ius
362 5085 415 5123 suo
428 5067 555 5140 Didymo
569 5065 658 5136 dedit,
675 5083 729 5124 neo
749 5065 877 5139 puriora,
895 5069 929 5121 ut
948 5081 993 5122 εχ,
1006 5079 1050 5136 gr,
1095 5060 1165 5110 aunt
1188 5059 1218 5108 et
1239 5051 1380 5110 adversus
1392 5057 1594 5126 persecutores
1611 5049 1845 5106 Christianorum

306 5157 467 5224 πνευματικὴ
480 5157 516 5210 ύν
528 5158 617 5224 πάχνη
628 5155 688 5210 κτλ.
1050 5165 1057 5199 s
1096 5139 1283 5201 invehuntur.
