4036 6090
300 450 361 513 132
986 449 1196 512 ORIGENES

346 588 391 655 Τὸ
406 587 460 654 δέ·
483 589 739 676 ἐπτοχεόοαμεν,
763 588 831 654 ἀντί
853 597 926 653 τοῦ·
942 587 1048 672 πάσης
1141 589 1253 653 Illudr
1269 590 1539 686 pauperesflsocti
1560 607 1682 670 υιιιαιαι,
1713 597 1765 656 est
1789 610 1848 674 pro

299 692 543 779 ἑγυμνώσθημεν
565 691 768 778 προστασίας.
797 690 914 769 Καλῶς
937 691 1049 756 δὲκαὶ
1094 694 1175 756 hoo:
1199 695 1291 757 omni
1314 713 1433 758 sumus
1455 698 1663 776 protectione
1686 696 1849 760 destituti.

298 796 351 862 τό·
365 797 383 862 ὸ
399 797 480 875 Θεὸς
495 798 512 862 ὸ
529 797 746 884 σωτηρὴμῶν,
762 797 831 862 ἀντί
846 806 920 862 τοῦ·
943 795 985 873 ὡς
1000 793 1050 858 ἀεί
1096 798 1228 877 Optime
1264 799 1366 861 etiam
1402 799 1546 862 dictum:
1572 802 1662 865 Deua
1690 801 1851 866 solutam

296 911 389 967 τοῦτο
404 902 525 987 ἐφάνης
539 911 646 986 ποιῶν,
663 905 743 968 οὕτω
759 904 814 966 καί
833 911 887 967 νῦν
902 900 1047 993 ποίησον,
1095 904 1212 979 meter,
1236 901 1268 964 id
1292 907 1344 965 est
1357 927 1368 964 :-
1389 903 1438 966 uti
1461 921 1594 984 semper
1616 909 1649 967 te
1673 905 1849 968 ostendisti

297 1009 467 1072 καὶταῦτα
482 1011 559 1092 πρὸς
575 1005 730 1088 ἀναξίους,
747 1007 794 1070 ότι
808 1007 863 1071 καί
879 1006 938 1091 οὐχ
953 1003 996 1082 ὡς
1013 1005 1048 1068 ά-
1097 1004 1287 1085 facientem,
1303 1005 1356 1068 iao
1375 1008 1478 1069 etiam
1494 1025 1596 1088 nuno,
1620 1009 1675 1071 vel
1691 1026 1775 1088 erga
1796 1010 1850 1072 in-

297 1109 364 1194 ξιοι,
381 1112 534 1178 αἰτοῦσιν·
550 1110 622 1176 αλλ’
633 1110 675 1188 ὡς
697 1119 752 1176 τοῦ
768 1110 851 1179 Θεοῦ
868 1109 1048 1196 ὀφείλοντος
1096 1107 1228 1188 dignm,
1245 1112 1406 1190 quoniam
1419 1128 1485 1174 non
1501 1114 1609 1176 veluti
1621 1112 1719 1192 digni
1731 1114 1846 1195 depre-

298 1215 400 1302 ἑαυτῷ
430 1214 624 1298 ἀκολουθεῖν,
651 1214 840 1300 ἐπάγουσιν·
870 1217 966 1280 ἕνεκα
991 1221 1048 1296 της
1099 1217 1236 1293 eantur3
1260 1214 1318 1278 aad
1342 1217 1440 1297 quasi
1463 1221 1616 1297 oporteat
1642 1219 1750 1282 Deum
1776 1235 1848 1282 esse

297 1318 390 1404 δόξης
404 1329 460 1384 τοῦ
475 1318 626 1405 ὀνόματός
650 1341 717 1401 σου,
734 1320 811 1383 όταν
829 1321 941 1404 γυμνοί
957 1317 1047 1403 γεγό
1098 1317 1234 1382 sibimet
1249 1324 1521 1401 consequentem,
1538 1327 1703 1403 pergunt:
1715 1327 1850 1404 propter

295 1444 393 1508 ναμεν
408 1422 510 1508 πάντη
526 1422 589 1488 άπὸ
605 1431 662 1508 της
676 1430 736 1507 σης
749 1421 906 1508 βοηθείας,
918 1432 972 1487 νῦν
988 1420 1047 1486 δίι-
1092 1422 1235 1506 μίοαίιιτιι
1245 1425 1387 1488 neminie
1398 1425 1458 1503 toi,
1474 1427 1635 1506 quoniam
1647 1426 1731 1490 nudi
1744 1427 1850 1490 omni·

299 1549 396 1614 ρηοαι
409 1525 485 1613 ἡμῖν
500 1527 630 1613 ταύτην,
646 1529 663 1593 ὸ
680 1526 770 1610 Θεὸς,
787 1528 805 1593 ὸ
825 1529 932 1612 σωτὴρ
947 1524 1046 1610 ἡμῶν.
1097 1545 1141 1591 no
1158 1528 1237 1591 faeti
1263 1546 1383 1592 snmus
1406 1531 1535 1594 auxilio
1559 1535 1628 1610 tuo,
1648 1548 1739 1593 nuno
1762 1529 1848 1593 illud

1097 1633 1195 1696 nobis
1210 1634 1365 1712 largitor,
1382 1635 1482 1713 Deua,
1498 1636 1646 1718 salpator
1662 1638 1784 1698 noster.

342 1757 373 1800 v.
394 1739 443 1802 11.
460 1735 637 1803 Είσελθέτιο
659 1735 791 1816 ἐνώπιόν
807 1757 863 1801 σου
884 1736 1047 1819 ὸστεναγ-
1138 1756 1168 1799 ν.
1188 1737 1237 1798 11.
1254 1739 1400 1802 Introeot
1413 1738 1450 1802 io
1461 1742 1626 1819 cmopectu
1638 1743 1691 1804 tuo
1703 1738 1845 1821 omitto

299 1838 356 1926 μὸς
372 1849 434 1907 τῶν
447 1840 688 1928 πεπηδημένοιν.
1094 1841 1348 1920 compacionem.

339 1944 423 2012 Νοῦν
439 1947 495 2032 μὲν
516 1945 791 2032 δεσμοίάγνωσία,
815 1945 921 2030 ψυχὴν
937 1945 972 2008 δὲ
987 1963 1045 2008 πα·
1138 1949 1283 2010 Mentem
1299 1947 1335 2008 in
1355 1947 1503 2010 vinculis
1525 1949 1620 2009 tenet
1642 1947 1846 2025 ignorantia,

296 2049 370 2116 κία·
390 2051 498 2137 ψυχὴν
521 2049 556 2115 δέ
571 2071 652 2136 φημι
674 2049 777 2134 θυμὸν
799 2052 853 2114 καί
875 2049 1045 2136 ἐπιθύμιον,
1092 2051 1242 2114 animam
1257 2068 1338 2113 vero
1354 2051 1495 2114 malitia.
1510 2051 1668 2113 Animam
1683 2049 1758 2112 dieo
1773 2051 1843 2112 ani·

296 2156 374 2240 όπερ
388 2154 516 2241 λέγεται
530 2155 665 2240 θυμικὸν
680 2157 734 2218 καί
750 2152 942 2239 ἐπιθυμητὸν.
1092 2173 1186 2218 mum
1194 2154 1336 2236 ejusque
1345 2154 1513 2234 affectum,
1522 2154 1612 2237 quod
1624 2156 1705 2218 item
1717 2154 1842 2217 dicitnr

1095 2258 1355 2341 concupiscendi
1371 2258 1514 2322 facultas
1530 2262 1564 2322 et
1579 2257 1729 2322 effectus.
1787 2345 1790 2352 Ι

341 2385 372 2429 v.
400 2366 450 2429 12.
473 2362 610 2441 Ἀπόδος
631 2372 696 2440 τοῖς
717 2362 853 2449 γείτοσιν
879 2361 969 2448 ἡμῶν
992 2361 1045 2428 ἐπ·
1139 2383 1171 2442 ν,
1190 2364 1239 2427 12.
1257 2362 1364 2429 Redde
1385 2363 1505 2427 ticinis
1526 2363 1649 2428 oestro
1666 2361 1848 2443 septuplum

296 2466 459 2534 ταπλάσιοι
473 2468 517 2545 εἰς
532 2470 585 2532 τὸν
601 2467 719 2532 κόλπον
734 2468 846 2532 αὐτῶν.
1091 2471 1128 2532 in
1156 2470 1266 2533 ιὸαιιια
1299 2483 1426 2546 τοίνυν,
1460 2467 1661 2548 opprobrium
1689 2467 1842 2547 ι’μεοιιιιιι,

1089 2572 1173 2654 qood
1184 2571 1455 2653 eeprobrooeroot
1469 2571 1537 2650 tibi,
1556 2571 1699 2634 Domine.

340 2674 489 2741 Δότοισαν
510 2674 601 2754 δίκας
623 2676 702 2760 ὑπὲρ
725 2677 768 2742 ὢν
793 2671 1044 2761 ἐπλημμέλησαν
1133 2679 1320 2757 Poenaspro
1332 2675 1488 2739 admissis
1499 2675 1682 2738 sceleribus
1694 2675 1843 2756 pendant

296 2781 389 2867 ἐντῷ
404 2779 460 2865 δίῳ
475 2780 593 2866 τούτῳ·
617 2783 653 2845 τό
675 2783 737 2866 γὰρ
759 2771 975 2845 ἑπταπλάσιον
991 2781 1045 2844 τὸν
1090 2781 1126 2843 in
1147 2780 1210 2843 hae
1233 2781 1313 2843 vita.
1339 2779 1427 2843 iilud
1443 2779 1534 2842 enim
1553 2779 1736 2861 septupium
1758 2779 1845 2841 hano

295 2882 363 2970 βίον
377 2894 488 2950 τοῦτον
509 2885 664 2971 σημαίνει,
688 2883 730 2962 ὡς
745 2886 800 2950 καί
822 2887 859 2949 τὸ
881 2882 1044 2948 όκτυπλά-
1089 2887 1195 2949 vitam
1222 2883 1405 2963 significat,
1428 2884 1518 2946 siout
1539 2885 1725 2964 octuplum,
1753 2882 1845 2945 futu-

296 3010 363 3055 σιον
385 2991 439 3054 τὸν
463 2986 627 3073 μέλλοντα
653 2988 801 3055 Τοιοῦτόν
824 2987 890 3052 ἐστι
912 2989 967 3051 καί
992 2986 1043 3052 τό·
1090 3007 1172 3053 ram.
1201 2989 1317 3053 Simile
1345 2993 1396 3052 est
1421 2988 1500 3050 hoo:
1528 2989 1608 3051 «Da
1632 2991 1763 3068 partem
1786 2986 1840 3049 his

294 3093 354 3171 Δὸς
370 3090 481 3178 μερίδα
490 3101 556 3170 τοῖς
568 3092 649 3157 ἑπτὰ
660 3090 752 3178 καίγε
764 3101 827 3168 τοῖς
843 3091 937 3157 όκτόι.
952 3089 1043 3157 -Ὁ
1088 3100 1229 3177 septem,
1253 3095 1321 3156 illis
1344 3096 1460 3156 octo».
1485 3127 1522 3136 —
1546 3093 1647 3156 Sinus
1670 3096 1784 3155 autem
1808 3091 1843 3154 id

295 3197 414 3275 κόλπος
436 3199 472 3261 τὸ
488 3196 654 3282 ἀκόριστον
677 3197 786 3280 δηλοῖ·
807 3205 900 3262 τοῦτο
923 3196 978 3260 σὸν
994 3193 1044 3258 λέ-
1091 3200 1240 3265 ostendit
1254 3201 1345 3282 quod
1360 3199 1477 3262 satiari
1493 3200 1621 3280 nequit.
1645 3201 1716 3262 Hoo
1735 3200 1845 3278 igitur

294 3321 361 3386 γειν
377 3299 533 3385 βοόλεται,
549 3302 597 3365 ότι
610 3300 777 3386 άκόριστον
793 3302 895 3367 αὐτῶν
911 3297 1043 3384 ποίησον
1090 3304 1201 3368 dicere
1216 3305 1308 3366 vult:
1325 3303 1378 3365 iao
1395 3303 1463 3366 illis
1474 3303 1718 3366 inexhaustum
1728 3303 1774 3366 sit
1788 3318 1843 3383 op

292 3409 347 3470 τὸν
363 3404 544 3491 ὸνειδισμὸν,
565 3404 710 3490 μεγάλως
733 3406 787 3469 καί
803 3404 931 3468 δοκοῦσι
946 3423 1044 3486 παρο-
1087 3407 1272 3489 probrium,
1295 3412 1369 3470 tum
1392 3407 1539 3470 maxime
1562 3406 1652 3488 quod
1682 3407 1842 3470 videntur

293 3509 394 3588 ξόνειν
408 3511 462 3574 τὸν
477 3508 577 3577 Θεὸν·
592 3511 629 3574 οῦ
643 3510 705 3594 γάρ
721 3509 829 3593 εἴρηκε
849 3509 902 3572 τὸν
918 3505 1044 3572 ὸνειδιο-
1089 3513 1223 3575 irritare
1250 3512 1369 3574 Deum.
1396 3513 1469 3574 Non
1495 3510 1586 3574 enim
1614 3509 1701 3573 dixit
1726 3526 1843 3591 oppro

295 3615 353 3697 μὸν
375 3612 474 3698 ἡμῶν,
492 3612 576 3678 ἀλλά
599 3616 652 3678 τὸν
668 3612 740 3678 σὸν·
757 3613 773 3677 ό
788 3614 850 3697 γάρ
872 3613 944 3695 περὶ
958 3610 1044 3696 ἡμᾶς
1088 3616 1200 3680 brinm
1216 3619 1381 3694 nostrum,
1398 3615 1457 3678 sed
1472 3619 1581 3678 tuum.
1604 3616 1689 3677 Nam
1711 3631 1779 3678 non
1802 3614 1842 3677 de

296 3717 478 3804 ὀνειδισμὸς,
495 3721 549 3796 σὸς
574 3717 694 3804 μᾶλλον
709 3719 731 3803 η
747 3718 846 3804 ἡμῶν.
871 3715 974 3781 Τοῦτο
989 3717 1044 3780 οῦν
1094 3720 1190 3783 nobis
1206 3719 1328 3783 derisio
1345 3723 1405 3798 est,
1421 3735 1540 3782 verum
1556 3718 1597 3781 de
1612 3722 1655 3781 te.
1673 3720 1743 3782 Hoo
1761 3734 1843 3796 ergo

295 3821 388 3905 φησί·
404 3820 651 3898 πολλαπλασίως
666 3820 784 3898 ἀπόδος
795 3819 938 3902 ἐκείνοις,
951 3820 1043 3884 σόνα-
1090 3825 1221 3905 inquit:
1238 3825 1432 3904 septuplum
1448 3824 1517 3887 illis
1540 3823 1705 3902 retribue;
1728 3823 1845 3902 irrogo

295 3927 355 4009 ψον
371 3927 477 4004 αὐτοῖς
492 3925 646 4012 τεμυρίαν
658 3924 835 4009 άαόμιστον,
847 3925 902 3989 καί
913 3923 1044 3988 πλείονα
1090 3929 1158 3992 illis
1170 3945 1305 4009 poenam
1319 3928 1436 3992 satiari
1449 3929 1607 4007 nesciam,
1620 3931 1654 3990 et
1668 3929 1843 3992 saeviorem

295 4037 353 4112 της
368 4029 534 4115 ἡμετέρας.
1091 4050 1193 4114 quam
1210 4037 1369 4094 nostram.

329 4255 356 4292 v.
370 4236 412 4290 ll.
425 4235 485 4291 Vet
498 4237 523 4290 5.
1090 4235 1294 4305 nediciionibus,
1307 4234 1446 4291 videlieet
1456 4236 1530 4291 utin
1539 4235 1603 4292 vita
1611 4235 1713 4292 fiitora
1722 4233 1840 4290 benedi-

331 4339 358 4378 ν.
372 4323 414 4376 12.
428 4321 500 4378 Vat:
514 4323 540 4390 4,
554 4323 579 4376 5.
595 4321 687 4378 Eeole.
703 4339 745 4392 αι,
758 4324 783 4377 2.
798 4321 875 4378 Hino
893 4322 982 4378 etiem
1000 4321 1049 4377 de·
1090 4329 1203 4377 cantur.
1227 4321 1298 4389 Quae
1316 4338 1388 4376 crux
1405 4321 1563 4394 aliquando
1581 4321 1702 4378 fuerant
1719 4320 1841 4392 legenti-

296 4407 426 4462 olaratnr
445 4407 584 4462 obscuros
602 4407 751 4463 Ambrosii
770 4409 867 4464 locos:
881 4409 918 4463 at
934 4408 1049 4463 monda·
1090 4407 1145 4464 bus
1163 4407 1195 4462 in
1207 4407 1359 4464 Breviorio
1378 4408 1463 4464 Rom.
1476 4408 1543 4464 loct.
1561 4424 1620 4466 vin
1638 4425 1691 4481 pro
1709 4405 1842 4481 pluribus

295 4499 352 4548 tum
366 4493 482 4564 accipis,
498 4499 556 4549 ocio
570 4494 624 4550 ι’ίίίι
634 4499 746 4564 partem
765 4495 846 4562 aare,
865 4495 987 4566 sortasse
1006 4496 1050 4550 ὸο-
1092 4493 1279 4566 martyribus,
1292 4495 1356 4550 loco
1369 4493 1505 4551 seeundo.
