3966 6104
623 463 654 525 S.
670 461 897 527 DIUNYSIUS
913 463 1240 530 ALEXANDRINUS
1638 467 1702 530 597

154 607 355 688 fragmentis
386 607 534 671 nobilem
563 605 740 691 praefigere
765 607 904 670 titulum
952 611 1106 688 superest
1120 625 1160 672 ac
1175 607 1270 672 lubet
1284 606 1351 669 huo
1367 621 1524 671 revocare
1540 606 1697 672 flosculos

154 709 192 774 dc
209 709 383 791 Mmtprio,
398 707 441 774 od
457 709 634 792 Oripcaem
649 709 755 772 veluti
768 726 808 772 ex
821 709 907 772 libro
953 705 1392 794 incanticacanticorumii),
1404 712 1576 793 qnosolim
1585 715 1700 777 minus

154 830 255 895 quem
264 813 447 897 Dionysius
456 814 594 892 Origeni
603 813 767 892 magistro
776 831 907 877 nuncu·
951 813 1215 895 aptejunximua
1228 816 1280 878 nti
1291 815 1482 879 coronidem
1495 817 1645 898 epistolar
1659 816 1703 914 ad

154 920 258 1002 pavit,
273 935 313 982 ac
327 921 491 1000 preterea
512 917 604 982 hunc
620 918 775 982 libellum
798 933 905 1000 usque
951 921 1129 982 Cononem.
1145 921 1247 998 Algre
1259 919 1415 984 addimus
1424 920 1458 983 in
1469 919 1616 985 secundo
1628 922 1702 984 loco

156 1021 199 1086 ud
213 1023 376 1104 Niceten,
393 1024 527 1086 caune
545 1023 581 1085 in
599 1020 665 1085 Job
682 1022 905 1102 collectorem,
950 1021 1116 1084 nonnulla
1130 1023 1207 1104 plus
1223 1023 1337 1087 minus
1349 1023 1462 1100 dubia,
1474 1041 1550 1105 quae
1563 1026 1701 1089 nomine

154 1127 357 1210 pervenisse.
374 1128 447 1202 Quo
461 1111 576 1189 antem
587 1129 688 1207 teste,
704 1141 772 1206 quo
790 1124 905 1189 codice
951 1123 1171 1188 Alexandrini
1183 1125 1419 1204 insigniuntur
1428 1127 1463 1189 in
1473 1126 1623 1206 eleganti
1631 1145 1703 1194 σοο-

154 1248 216 1294 ms.
229 1229 263 1293 id
271 1230 464 1308 asseruerit,
476 1246 538 1293 nec
546 1227 643 1310 dixit,
655 1246 718 1292 neo
730 1229 908 1310 dicerepo-
950 1225 1038 1292 doeio
1056 1229 1128 1292 sive
1144 1219 1316 1293 volumine
1332 1230 1486 1294 Palatino
1505 1232 1580 1294 431.
1600 1232 1697 1295 Multi

155 1334 230 1398 tuit.
244 1335 372 1399 Unicus
387 1333 524 1416 quidem
536 1334 743 1412 estNicetas,
756 1333 816 1415 qui
829 1333 907 1396 Dio·
946 1330 1018 1411 jam
1041 1338 1167 1397 norunt
1188 1335 1308 1414 quanti
1330 1335 1399 1397 sint
1420 1333 1522 1415 pretii
1544 1335 1696 1416 picturae,

154 1439 292 1522 nysium
310 1439 346 1500 in
361 1454 458 1501 suam
480 1438 638 1520 syllogen
657 1436 842 1517 induxerit,
864 1435 906 1500 de
949 1437 1074 1517 quaein
1086 1437 1149 1500 hoc
1159 1431 1506 1517 rotulo‚Hebrae0rum
1518 1436 1560 1501 ad
1572 1441 1697 1502 terram

154 1540 907 1623 qucvetustiorescatenaenonpaueaeomni·
949 1541 1150 1620 promissam
1174 1540 1368 1618 ingressum
1383 1540 1566 1604 illustrant.
1590 1543 1630 1604 In
1645 1558 1708 1624 po··

156 1662 200 1708 no
223 1646 335 1710 silent
949 1644 1036 1708 stica
1048 1645 1254 1722 membrana,
1263 1662 1367 1707 manu
1377 1645 1492 1708 saeculi
1505 1645 1640 1709 circiter
1651 1663 1701 1726 xl,

199 1750 367 1813 Praeterea
388 1747 497 1813 editor
512 1751 683 1813 Romanus
704 1747 849 1811 servetis
871 1765 906 1810 a·
949 1749 1115 1827 leguntur
1128 1749 1398 1830 questiunculas,
1412 1747 1554 1813 fortasse
1566 1766 1608 1814 ex
1623 1752 1700 1814 Dio·

155 1852 225 1936 pud
249 1854 402 1918 Nicetam
429 1851 631 1932 fragmentis
645 1843 668 1934 ¹)
691 1852 802 1916 mouit
824 1852 905 1916 laci·
949 1853 1039 1935 nysii
1055 1851 1150 1918 libris
1165 1854 1238 1916 sive
1249 1853 1392 1932 amissis,
1407 1853 1480 1917 eive
1492 1853 1698 1934 extantibus,

156 1957 248 2020 niam
261 1957 297 2021 in
309 1959 430 2038 quarto
441 1958 525 2038 loco,
538 1972 675 2038 prorsus
691 1956 848 2019 alienam.
865 1957 904 2018 In
949 1975 971 2020 a
985 1956 1131 2038 quodam
1142 1958 1325 2021 scholiasta
1339 1957 1488 2022 breviter
1502 1963 1677 2040 excerpta.

156 2061 280 2126 nostrie
292 2059 464 2124 codicibus
473 2059 612 2123 inscribi
620 2058 907 2140 soletDioapaiict
993 2063 1045 2125 Ex
1060 2062 1185 2144 quibus
1207 2063 1338 2142 saltam,
1357 2061 1460 2126 sicuti
1475 2079 1518 2124 ex
1533 2064 1700 2144 Apologia

156 2165 291 2231 Basilii.
308 2168 354 2230 Re
380 2163 517 2246 quidem
532 2164 605 2246 ipsa
619 2163 744 2245 partim
758 2162 906 2225 occurrit
949 2165 1104 2249 Dionysii
1119 2165 1209 2248 apud
1221 2166 1456 2246 Athanasium,
1468 2164 1593 2230 inferre
1608 2167 1698 2246 licet,

155 2269 192 2334 in
204 2269 320 2334 Basilii
332 2264 554 2347 Hexamerom
567 2268 691 2349 partim
704 2265 905 2330 interAreo·
949 2287 990 2334 ea
1003 2270 1102 2335 nobie
1124 2271 1302 2352 specimini
1324 2287 1407 2350 esse,
1424 2275 1464 2333 ut
1485 2287 1564 2335 cum
1583 2275 1698 2335 nostro
1759 2269 1764 2280 '

155 2374 307 2456 pagitioa
317 2371 419 2454 juxta
437 2373 545 2436 vatic.
562 2372 637 2451 750,
653 2389 729 2435 sae.
745 2387 817 2448 vlu,
833 2385 905 2432 om·
948 2375 1145 2438 Constantio
1167 2375 1297 2456 loquar,
1315 2391 1431 2438 eorum
1448 2391 1524 2457 quae
1543 2373 1702 2439 iecissent

155 2478 253 2541 nium
268 2477 410 2541 fortasse
424 2493 504 2541 mss.
520 2475 835 2558 Areopagiticorum
850 2490 906 2536 ve·
950 2478 1063 2542 ceteri
1074 2483 1187 2560 patres
1198 2478 1484 2544 Nioaencconcilio
1495 2479 1696 2560 superiores,

155 2583 344 2663 iustiorem,
353 2573 414 2646 ubi
422 2583 458 2645 in
466 2585 594 2664 septem
606 2580 800 2660 fragmenta
811 2581 906 2644 locus
950 2581 1076 2663 quibus
1090 2583 1256 2647 nonnulla
1271 2582 1471 2647 exciderunt
1484 2583 1619 2648 Ariana
1634 2585 1699 2646 im-

158 2687 332 2768 dividitur,
348 2687 430 2752 dum
454 2689 489 2751 in
512 2688 642 2752 ceteris
664 2687 757 2758 codd.
782 2691 907 2752 catena
951 2686 1069 2768 pietati
1084 2687 1279 2769 inspeciem
1293 2687 1561 2767 cognata,sieoe
1576 2687 1699 2757 similis
1795 2745 1803 2754 .

131 2859 133 2862 ,
156 2792 298 2856 confusa
309 2797 445 2857 exstant
457 2792 666 2874 compendia,
678 2809 756 2856 cum
768 2792 909 2856 Basilia·
950 2791 1592 2874 neceseitasadenplicsndamapertius
1606 2810 1699 2856 men-

158 2895 763 2961 nisinHexameronmixta.-Nobis
772 2898 908 2958 tantum
951 2899 1020 2960 tem
1034 2912 1132 2960 suam
1148 2897 1376 2979 compulisset.
1502 2883 1509 2906 ⁸

191 3067 220 3141 1)
242 3068 392 3128 Scholinm
413 3069 570 3126 ascribitur
587 3069 620 3125 in
637 3068 771 3125 omnibus
787 3064 871 3124 codd.
888 3083 907 3121 a
951 3074 1000 3125 cet
1011 3067 1119 3126 editori
1131 3069 1274 3125 Romano.
1288 3068 1410 3126 Primwn
1426 3067 1573 3142 reperitur
1590 3069 1621 3124 in
1634 3069 1698 3128 (ioe-

154 3154 267 3211 Oetena
278 3155 391 3212 Nicetes
403 3155 508 3212 alienis
521 3157 651 3227 Dionysio
664 3160 696 3212 et
713 3155 825 3210 Basilio.
838 3151 906 3209 Vat.
950 3156 1012 3213 laeti
1024 3153 1193 3210 lliercrcdia
1205 3172 1268 3228 cap.
1280 3170 1311 3224 11,
1325 3153 1345 3230 ξ
1364 3169 1395 3211 ru
1406 3153 1460 3210 col
1473 3155 1533 3211 144
1543 3156 1580 3211 A.
1592 3155 1698 3213 Patrai.

154 3241 215 3312 750,
234 3241 312 3312 1231,
325 3242 424 3300 Ottob.
443 3245 462 3299 9
479 3247 511 3298 et
527 3242 571 3312 24,
589 3241 682 3298 Pelet.
699 3241 762 3296 200.
780 3239 907 3296 Nomina
949 3257 992 3298 m.
1006 3272 1039 3283 -
1051 3241 1219 3308 Secundam,
1237 3241 1308 3296 ibid.
1321 3258 1383 3314 cap.
1395 3256 1447 3312 vu,
1459 3238 1480 3317 ὅ
1492 3243 1510 3296 2
1522 3243 1576 3298 col.
1595 3244 1648 3299 208
1665 3244 1698 3299 Β.

152 3328 326 3386 exciderunt
349 3329 381 3387 iu
397 3331 466 3390 Vat.
484 3331 545 3387 ⁷51.
564 3329 622 3386 Sed
647 3329 679 3385 in
703 3326 905 3386 vetustissimo
952 3359 984 3371 -
998 3327 1116 3384 ibrtium
1128 3324 1160 3384 in
1172 3328 1368 3384 Ecclesiastico
1381 3327 1456 3385 Hier.
1469 3326 1602 3404 oap.1v§
1615 3327 1697 3384 licoi.

153 3415 213 3485 749,
231 3415 283 3472 nbi
294 3416 504 3491 Areopagitica
520 3415 693 3474 dividuntur
704 3415 736 3472 in
753 3420 907 3486 segmenta
949 3415 1003 3471 480
1014 3414 1045 3470 O.
1056 3445 1090 3456 -
1099 3415 1235 3477 Ostorium
1246 3413 1356 3487 purtim
1367 3413 1399 3469 in
1410 3413 1483 3468 eccl.
1495 3413 1573 3469 Hier.
1585 3431 1647 3488 cap.
1657 3429 1699 3470 vu

152 3507 275 3576 septem,
291 3503 340 3561 bis
356 3503 501 3578 repetitur
517 3503 637 3560 unicum
653 3519 761 3560 nomen
778 3503 903 3574 dionyso·
950 3499 1014 3577 §vu
1025 3499 1200 3556 cethea-
1212 3499 1342 3563 ocinum
1359 3499 1391 3556 in
1404 3498 1473 3556 acet
1491 3499 1568 3555 llier.
1585 3516 1647 3574 cap.
1665 3515 1699 3556 xr

153 3589 273 3661 episcopi
290 3589 460 3646 Albanorum
477 3591 667 3663 Areopcpitce.
680 3589 902 3646 interseruntur
946 3583 967 3662 5
986 3586 1001 3641 1
1020 3583 1075 3641 coi
1092 3585 1153 3640 285.
1172 3584 1208 3638 A.
1222 3614 1255 3625 -
1267 3584 1384 3640 secam
1400 3581 1471 3640 ibid
1483 3599 1547 3656 cap.
1559 3597 1612 3654 vir,
1626 3584 1647 3661 5
1660 3601 1706 3642 ur.

151 3673 206 3730 sub
226 3673 338 3732 diserte
355 3677 515 3752 epigraphe
533 3677 668 3750 quaedam
684 3675 789 3732 Basilii
801 3681 832 3732 et
844 3675 902 3732 Na·
946 3672 1000 3729 coh
1018 3673 1071 3729 209
1084 3671 1119 3731 A.
1137 3672 1171 3728 B.
1185 3702 1218 3713 -
1231 3671 1394 3744 Septimum,
1413 3669 1522 3743 partim
1545 3669 1617 3728 ibid.
1641 3673 1695 3728 col.

151 3758 293 3816 aienzem.
305 3762 485 3836 Fragmenta
496 3763 538 3819 ibi
556 3762 701 3836 incipiunt
713 3763 738 3818 1.
756 3763 811 3817 Kal
827 3765 859 3818 τὸ
871 3765 903 3817 d·
946 3761 999 3816 209
1011 3759 1047 3829 D,
1059 3757 1168 3832 partim
1185 3757 1217 3814 in
1234 3758 1335 3814 dociae.
1349 3758 1426 3813 llier.
1440 3773 1503 3831 cap.
1515 3772 1545 3814 11
1558 3755 1579 3832 5
1591 3772 1622 3814 m
1639 3758 1694 3814 col.

150 3849 275 3915 κρατᾶς...
296 3847 317 3903 l.
338 3850 364 3904 4.
386 3850 427 3906 2⁰.
447 3855 496 3907 aui
513 3857 561 3920 τῆς
583 3855 683 3917 cium:
702 3852 903 3920 αὐτοκινήτου...
947 3847 1007 3902 587.
1025 3845 1066 3901 Et
1083 3842 1161 3916 quod
1173 3843 1205 3900 in
1220 3849 1283 3900 tarn
1299 3842 1396 3918 prisco
1408 3841 1508 3900 codice
1520 3842 1694 3915 mirandum,

153 3931 184 3987 θ’
194 3938 229 3991 Ἡ
238 3939 292 4006 γὰρ
303 3938 390 4004 iupa...
400 3937 441 3993 4⁰.
454 3940 525 4007 Ἐγὼ
537 3941 567 3992 ot
579 3939 620 3992 ὅτι
631 3939 679 4005 μὲν
691 3937 852 4006 minuce..
865 3934 903 3992 5⁰.
946 3933 1086 4005 leguntur
1098 3929 1196 3987 omnia
1204 3929 1315 4001 absque
1323 3929 1385 3987 ulla
1393 3928 1456 3988 iere
1467 3928 1621 4000 varietate,
1630 3945 1696 4000 quas

153 4028 200 4078 τοῦ
209 4025 287 4094 ἁγίου
296 4025 428 4080 Διονυσίου
438 4029 625 4096 optem-picco.
634 4027 713 4081 Κατὰ
722 4027 773 4096 γὰρ
783 4027 830 4080 τὸν
838 4027 904 4078 πολ·
946 4017 1096 4090 indaginis
1108 4015 1261 4074 fastidium
1271 4021 1393 4072 recreet.

153 4109 286 4175 λοὶιιις...1.
297 4111 322 4165 h
332 4107 370 4168 6⁰.
380 4115 532 4183 succeperis
543 4117 568 4168 ct
575 4114 732 4182 θοὸλογοι...
742 4111 780 4168 l?
789 4114 904 4168 ουνιλὼν
982 4108 1012 4180 2)
1025 4105 1072 4162 Ex
1083 4109 1143 4162 vat.
1153 4105 1232 4174 2022,
1245 4102 1299 4160 sub
1312 4102 1369 4158 hac
1380 4103 1555 4176 epigraphe:
1568 4106 1699 4160 Διονυσίου

152 4201 209 4253 oi...
218 4197 311 4266 Quam
320 4198 434 4255 lubrica
440 4199 480 4256 ait
487 4205 518 4256 et
524 4216 631 4274 anceps
639 4199 779 4256 similium
786 4197 906 4255 lacinia·
949 4195 1157 4264 ἀρχιιιιιοιιότου
1165 4190 1379 4259 'Mammea
1390 4189 1551 4248 Exordium
1563 4207 1601 4248 ex
1613 4191 1699 4248 abru-

151 4301 217 4340 rum
229 4283 421 4356 investigatio
433 4286 466 4342 in
478 4285 578 4343 danem
590 4291 621 4342 et
638 4285 744 4359 amplis
758 4283 904 4358 operibus,
948 4289 1000 4355 pto
1013 4277 1328 4351 deanimapoenitenta
1340 4277 1411 4334 olim
1423 4292 1471 4334 me
1483 4279 1614 4350 cogitare
1626 4277 1698 4336 iecit
1728 4355 1730 4360 Ι

152 4387 190 4426 ex
202 4386 260 4426 uno
279 4369 331 4426 illo
343 4373 478 4445 exemplo
495 4372 588 4429 lector
606 4371 771 4442 edoceatur,
791 4376 823 4428 et
838 4387 905 4444 par-
949 4368 987 4424 de
998 4363 1132 4441 Epistola
1144 4364 1182 4421 ad
1195 4363 1344 4420 Cononem
1356 4363 1488 4435 ejusdem
1499 4362 1673 4436 argumenti.

582 4575 605 4634 l.
630 4574 673 4636 Ic
698 4571 830 4638 Cantica
855 4570 1011 4644 Occticm.
1038 4567 1068 4646 l,
1091 4567 1126 4646 43
1150 4583 1222 4629 v111.
1245 4569 1275 4630 5.

198 4770 266 4857 Τὴν
292 4771 355 4857 γὰρ
377 4767 528 4852 τοιαύτην
553 4769 660 4854 ψυχὴν
689 4763 901 4851 ἀνισταμένην
988 4765 1072 4828 Nam
1085 4760 1280 4843 hujusmodi
1292 4765 1442 4827 animam
1454 4780 1591 4828 sursum
1607 4778 1696 4825 ereo·

153 4875 343 4941 1111151τὸ1οο
352 4871 499 4959 Σωτῆρος
511 4868 901 4958 ἀναλαμὸοινομένην,φιιι-
944 4872 1014 4933 tam
1038 4871 1071 4931 et
1096 4885 1117 4930 a
1142 4869 1318 4931 Servatore
1345 4867 1488 4951 desuper
1514 4871 1692 4949 receptam,

154 4980 261 5066 τοειδῆ
276 4985 486 5064 προοιιοῦοαν
493 4976 636 5061 δρῶντες,
644 4976 767 5059 ἐροῦσιν
778 4971 807 5038 οἱ
818 4974 903 5058 ἅγιοι
945 4973 1061 5037 statim
1078 4977 1117 5036 ut
1138 4971 1248 5034 sancti
1265 4972 1382 5051 angeli
1404 4971 1552 5035 viderint
1566 4969 1635 5034 luci
1652 4969 1697 5035 si·

155 5075 904 5171 ἀγγελοι·Τ1ςαύτὴὴἀνα6αίνουσοιλελευκονθι-
947 5075 1209 5156 milem,dicent:
1224 5097 1241 5134 «
1254 5076 1544 5157 domesticisque
1553 5072 1698 5139 accendit

155 5185 266 5274 ομένη,
281 5187 336 5252 καὶ
351 5181 614 5270 ἐπιστηριζομένη
635 5183 763 5249 ἐπὶτῶν
778 5177 904 5266 ἀδελφί-
947 5179 1103 5260 amicta,
1118 5184 1150 5248 et
1159 5177 1696 5262 miniaccomitciastiicmtmsrc·
