4044 6104
278 469 343 534 460
954 468 1166 535 ORIGENES

324 629 356 674 v.
380 609 410 674 5.
426 603 500 675 Ὅτι
521 607 580 694 την
599 604 731 694 ἀνομίαν
754 627 813 694 μου
835 605 898 693 ἐγὼ
918 605 1031 694 γινίνσ
1119 628 1151 673 v.
1164 607 1194 671 5.
1214 606 1370 686 θεσπίσαι
1380 607 1587 692 iniquitatem
1597 623 1700 672 αιεσικ
1711 623 1765 690 ceo
1775 624 1824 674 eo-

280 734 339 796 κω,
361 716 417 780 καί
438 711 460 799 ἡ
483 711 622 800 ἁμαρτία
644 733 703 800 μου
726 709 857 779 ἐνόπιόν
879 711 939 799 μού
964 711 1031 779 ἐστι
1075 717 1432 796 quemadmodem
1451 707 1557 778 mma
1578 715 1689 777 σοιιίαα
1709 729 1759 776 m
1775 714 1826 778 est

281 810 481 896 διαπαντός.
1075 832 1207 898 semper.

325 921 542 1009 Θεοδυρητου,
564 919 730 1010 Εὐσεβίου.
753 917 865 987 Αίτίαν
887 917 974 1008 λόγει
988 918 1030 986 δι’
1119 923 1340 1002 Turonorum,
1367 922 1515 985 nassau.
1532 921 1708 986 Rationem
1733 930 1824 985 asse·

173 1043 177 1058 ·
277 1023 320 1112 ἣν
335 1026 420 1106 δξιός
442 1027 509 1091 ἔστι
531 1023 773 1111 φιλανθρωπίας.
790 1025 830 1090 lot
853 1026 898 1111 μὴ
914 1025 977 1110 γὰρ
1000 1024 1029 1089 ί·
1075 1025 1130 1106 rit,
1157 1043 1226 1108 qua
1257 1027 1472 1092 elementiam
1500 1030 1658 1089 meretur.
1695 1026 1730 1089 si
1756 1041 1823 1103 ego

279 1129 402 1217 πέγνυν
419 1151 487 1218 μου,
504 1131 590 1216 φησί,
607 1127 836 1215 πλημμέλημα,
854 1127 934 1215 μηδὲ
945 1129 1031 1193 κατὰ
1075 1147 1200 1209 meum,
1226 1131 1347 1212 inquit,
1371 1146 1439 1193 nou
1466 1127 1693 1207 agnoscerem
1707 1139 1825 1211 peona-

279 1233 446 1320 πρόσυπόν
470 1254 529 1320 μου
551 1231 774 1318 καθ’ἑκάστην
799 1231 922 1319 ἡμέραν
948 1233 1030 1318 ηγον
1075 1239 1159 1314 tum,
1182 1252 1245 1298 nee
1258 1241 1376 1300 eontra
1396 1235 1517 1298 faeiem
1540 1252 1651 1299 meam
1673 1236 1822 1313 siugulis

281 1347 344 1404 τῶν
359 1341 443 1425 ἐμῶν
458 1347 567 1404 κακῶν
588 1337 799 1424 τὰςγείκόνας,
822 1339 903 1405 ὥστε
916 1338 1032 1424 τρόπον
1075 1337 1195 1402 diebus
1220 1333 1435 1403 obversarem
1465 1355 1618 1403 meorum
1655 1341 1822 1403 malorum

281 1444 350 1509 τινὰ
363 1444 423 1528 την
445 1443 516 1528 δψιν
535 1443 638 1508 αὐτῶν
660 1443 705 1518 είς
725 1438 857 1508 πλείονί
883 1463 921 1528 με
944 1427 1031 1527 ἄγειν
1078 1443 1258 1522 imagines,
1289 1442 1372 1506 adeo
1403 1448 1443 1507 ut
1476 1460 1593 1508 eorum
1626 1449 1825 1525 conspectus

281 1546 449 1626 κατάνυξιν
462 1548 519 1612 καί
541 1545 718 1633 μετάνοιαν,
736 1548 823 1610 edun
844 1548 932 1634 ημην
947 1545 1032 1625 θξιος
1076 1545 1321 1627 quodammodo
1333 1563 1387 1610 me
1399 1547 1435 1612 iu
1446 1547 1608 1628 majorem
1623 1548 1823 1626 agatauimi

281 1649 389 1728 ἐλέους
404 1660 529 1737 τυχεῖν·
545 1651 572 1716 εί
588 1651 623 1716 δὲ
638 1651 733 1729 αὐτὸς
751 1651 888 1736 ἒμαυτθν
903 1647 1031 1736 βασανί·
1076 1645 1298 1729 punctionem
1314 1653 1348 1711 et
1362 1649 1608 1730 poeniteutiam,
1625 1651 1825 1731 neutiquam

147 1809 148 1812 ¹
283 1755 329 1836 ζον
343 1764 408 1832 τοίς
423 1755 564 1841 κέντροις
578 1762 635 1821 τοῦ
658 1754 833 1833 συνειδότος
847 1763 887 1840 τη
903 1751 1034 1838 ἐπιγνιθ-
1077 1753 1204 1832 diguus
1226 1771 1334 1819 essem
1352 1755 1439 1819 dono
1465 1756 1713 1820 misericordiae.
1729 1759 1772 1820 At
1793 1757 1824 1820 si

283 1881 334 1924 σει
348 1869 404 1926 τοῦ
425 1869 529 1925 κακοῦ
542 1861 598 1924 καί
620 1869 659 1944 τη
682 1860 755 1944 δψει
776 1867 833 1923 τοῦ
854 1856 1032 1944 γεγονότος,
1077 1860 1825 1941 memetipsnmtorqueoaouleisconsuiantiae,

284 1961 456 2049 ἀρκίσθητι
476 1973 520 2050 τῷ
542 1963 600 2050 ἐμὲ
620 1963 696 2048 παρ’
707 1962 821 2030 ἑαυτοῦ
843 1960 935 2048 δίκην
954 1961 1034 2047 λαμ-
1079 1978 1121 2024 ex
1136 1963 1313 2040 agnitione
1329 1964 1411 2026 mali
1429 1967 1464 2026 et
1477 1965 1606 2027 iutuitu
1626 1963 1765 2029 admissi
1778 1963 1828 2028 ia-

284 2064 400 2152 θίινειν,
414 2070 469 2132 καί
485 2069 529 2154 μὴ
544 2065 653 2153 ἐπιθῇς
668 2069 709 2132 τίι
723 2068 811 2152 παρὰ
825 2075 962 2132 σαυτοῦ·
982 2065 1034 2132 eb-
1078 2065 1214 2144 oinoris,
1229 2065 1292 2128 tibi
1306 2067 1389 2130 satis
1404 2068 1450 2130 sit
1465 2067 1555 2147 quod
1564 2084 1631 2147 ago
1646 2086 1667 2131 a
1682 2085 1736 2131 me
1752 2070 1824 2150 ipso

284 2171 321 2236 δὲ
334 2173 397 2267 γὰρ
419 2170 522 2256 λήθην
543 2169 658 2238 ἔλαθον
679 2180 737 2255 της
759 2168 925 2257 ἁμαρτίας,
949 2168 1034 2234 ἀλλὰ
1080 2169 1244 2232 ultionem
1257 2174 1417 2252 repetam,
1433 2187 1544 2254 neque
1556 2169 1695 2254 adjicias
1709 2187 1826 2252 poeuas

286 2276 344 2354 τὰς
357 2273 569 2362 τολμηθείσας
590 2274 788 2362 παρανομίας
808 2273 858 2340 ἀεὶ
878 2273 1036 2358 ραντόιζο-
1079 2275 1167 2336 tuas.
1183 2275 1363 2336 Peccatum
1379 2276 1470 2338 euim
1490 2291 1558 2338 nou
1573 2292 1627 2338 ma
1657 2275 1826 2339 oblivione

287 2399 353 2465 μαι.
369 2377 407 2445 Ὁ
430 2379 465 2444 δέ
478 2382 537 2467 την
559 2379 644 2460 ἅπαξ
658 2379 854 2466 πραχθείσαν
877 2378 1034 2466 ἁμαρτίαν
1079 2374 1181 2459 fugit,
1192 2376 1252 2441 sed
1264 2394 1397 2458 semper
1408 2394 1484 2461 quae
1492 2395 1595 2442 ausus
1603 2396 1680 2442 sum
1688 2379 1826 2458 seelera,

285 2483 419 2550 ίνὼπισν
433 2483 531 2549 αὐτοῦ
545 2486 638 2571 ίγυν,
655 2486 714 2550 οὐκ
728 2485 767 2550 ἂν
782 2484 954 2570 ἀνάσχοιτο
966 2480 1033 2548 iri-
1079 2478 1194 2544 videre
1210 2481 1295 2545 mihi
1310 2482 1435 2546 videor.
1462 2485 1549 2547 Saue
1565 2485 1626 2565 qui
1649 2489 1826 2565 peecatum

287 2607 346 2672 ραν
361 2595 509 2672 ποιησαι·
530 2597 593 2653 τῶν
605 2589 669 2676 γδιρ
683 2586 843 2673 προτίρυν
866 2585 1033 2653 ίπιλανθα-
1079 2587 1183 2649 semel
1199 2590 1370 2666 patratum
1386 2603 1499 2650 eoram
1514 2603 1550 2650 se
1566 2586 1676 2668 habet,
1692 2604 1759 2651 nou
1775 2591 1828 2652 est

286 2690 421 2778 νόμενοι,
447 2691 558 2778 ίτέρας
586 2692 774 2778 ἒνεργοῠμεν
799 2689 901 2778 ἡμεῖς.
930 2691 1032 2758 Τοῦτο
1080 2689 1171 2770 quod
1185 2691 1220 2753 iu
1236 2693 1381 2755 alterum
1397 2691 1534 2756 recidat.
1550 2694 1585 2756 si
1601 2695 1692 2756 euim
1714 2695 1828 2774 priora

286 2804 387 2862 ποιεῖν
401 2799 473 2874 τοὺς
487 2794 727 2882 ἁμαρτάνοντας
745 2798 800 2861 καί
811 2797 937 2873 αὐτθςθ
953 2796 1033 2873 Θεδς
1079 2795 1202 2860 delleta
1217 2797 1458 2876 obliviscimur,
1474 2798 1543 2860 alia
1557 2813 1617 2861 uos
1637 2814 1827 2880 operamur.

286 2899 339 2965 διίι
350 2898 482 2965 Ἠσαίου
494 2898 626 2964 κελεύει.
639 2898 723 2986 Ἐγὼ
734 2901 806 2986 γὰρ,
819 2898 1036 2985 vastabitu-
1082 2901 1127 2964 Ut
1150 2900 1201 2963 ita
1229 2904 1420 2982 peccatores
1438 2907 1555 2981 agant,
1581 2903 1734 2985 praeoipit
1756 2903 1829 2983 ipse

180 3093 187 3102 „
286 3001 401 3088 λείριον
410 3003 466 3081 τίς
477 3002 631 3088 ἁμαρτίας
642 3024 709 3088 σου,
719 3003 801 3069 obde
813 3001 968 3096 μνησθητι
980 3005 1035 3068 καί
1080 3004 1171 3066 Deus
1196 3020 1257 3085 per
1274 3005 1450 3067 isaiam«
1473 3007 1548 3083 Ego
1569 3023 1657 3085 sum,
1683 3008 1741 3085 ait,
1765 3005 1826 3087 qui

288 3104 451 3193 καθῶμεν·
467 3105 544 3192 λέγε
558 3108 598 3172 σθ
613 3108 670 3185 τὰς
684 3105 815 3194 ἀνομίας
829 3127 886 3172 σου
901 3115 1035 3192 πρῶτος,
1079 3111 1141 3170 tua
1150 3112 1288 3190 peecata
1298 3108 1428 3171 deleam
1438 3130 1447 3188 ;
1458 3113 1497 3170 tu
1514 3125 1593 3172 vero
1604 3114 1784 3188 memento,
1793 3113 1830 3172 et

289 3211 341 3278 ίνα
355 3208 534 3296 δικαιωθῇς.
551 3199 553 3202 ’
1075 3210 1278 3292 judicemus.
1294 3211 1356 3275 Dio
1368 3216 1408 3274 tu
1423 3214 1553 3294 primus
1567 3218 1644 3278 tuas
1668 3215 1829 3296 iniquita·

1081 3319 1143 3396 tes,
1160 3321 1199 3379 ut
1210 3315 1408 3395 J'ustifloeris
1426 3337 1456 3381 υ.
1763 3325 1766 3330 ’

331 3436 363 3481 ν.
380 3419 411 3482 θ.
428 3415 484 3483 Σοί
500 3419 583 3504 μόνην
604 3419 756 3505 ἥμαρτον,
771 3419 827 3484 καὶ
840 3420 876 3485 τὸ
897 3418 1036 3505 πονηρόν
1124 3439 1156 3483 ν.
1174 3423 1203 3483 6.
1222 3419 1298 3484 mli
1311 3419 1524 3502 eolipecceei,
1541 3425 1573 3486 et
1586 3421 1709 3486 αισίααι
1723 3437 1830 3487 cerem

286 3519 654 3608 linamentumque.
1082 3522 1200 3604 ieseei.

330 3624 493 3711 Εὐαεθίου,
509 3625 727 3712 Θεοδυρητου.
752 3627 920 3714 [Πολ]λῶν,
943 3631 1035 3714 φησί,
1125 3629 1273 3708 Eusaun,
1289 3631 1509 3693 Tanooonuur.
1521 3630 1647 3710 Multis,
1659 3630 1781 3711 iuquit,
1794 3635 1829 3695 et

285 3733 342 3796 καί
371 3733 517 3819 μεγάλων
541 3734 630 3818 παρὰ
660 3735 870 3822 σοῦ[διιι]ρεῶν
897 3719 1037 3801 ἀπολαύ-
1080 3735 1217 3812 maguis
1244 3753 1264 3797 a
1289 3737 1324 3796 te
1354 3734 1553 3798 muneribus
1579 3734 1716 3815 ditatus,
1742 3735 1831 3798 dona

285 3858 355 3921 σας,
384 3847 448 3916 τοῖς
471 3836 647 3924 [ἑναν]τίοις
669 3839 848 3926 ίμειψίιμην
870 3841 911 3906 τὰ
926 3840 1035 3926 δίηρα,
1081 3841 1259 3904 contrariis
1277 3838 1492 3904 iecinoribus
1519 3841 1668 3921 rependi,
1696 3858 1735 3904 ea
1752 3849 1828 3922 quae

287 3941 341 4026 τὰ]
365 3939 562 4027 ἀπειρημένα
579 3949 624 4026 τῷ
651 3941 735 4028 νόμῳ
757 3942 886 4030 δροί[σαι
907 3940 1039 4029 mileti]-
1081 3945 1158 4022 lege
1175 3943 1433 4023 interdicuntur,
1445 3926 1555 4007 faeere
1570 3961 1684 4009 ausus.
1696 3947 1768 4008 Nou
1780 3946 1830 4008 ait

287 4067 367 4122 σας·
390 4047 427 4111 eb
449 4048 511 4132 γὰρ
525 4049 617 4113 τοῦτό
641 4067 753 4133 φησιν,
777 4051 825 4114 ὅτι
845 4052 900 4116 τόν
921 4049 1039 4135 Οὐρίαν
1082 4064 1117 4111 se
1133 4049 1229 4111 nulla
1242 4047 1369 4128 injuria
1385 4049 1500 4112 Uriam
1516 4049 1695 4115 offendisse
1711 4049 1830 4133 (omui-

287 4153 349 4216 οίυι
370 4149 529 4237 ἠδίκησα·
551 4151 714 4238 (ηδίκ[ησε
737 4153 792 4239 μίν
814 4153 1039 4239 γὰρ]κθκείνον
1083 4169 1127 4215 uo
1142 4152 1234 4215 enim
1249 4155 1283 4215 et
1293 4153 1392 4216 illum
1407 4159 1442 4216 et
1457 4152 1530 4233 ejus
1546 4172 1686 4219 uxorem
1702 4154 1828 4235 injuste

286 4257 343 4322 καί
357 4257 415 4342 την
437 4255 559 4323 ἐκείνου
578 4257 768 4344 γ[υναί]κα).
790 4253 832 4323 Ἥ
846 4257 882 4322 et
904 4254 1037 4344 μεγίστη
1083 4254 1272 4338 habuerat),
1287 4255 1346 4319 sed
1361 4259 1510 4320 maxima
1533 4259 1569 4322 in
1588 4260 1699 4340 ipsum
1722 4260 1831 4324 Deum

287 4359 470 4446 παρανομία
484 4361 528 4438 είς
549 4362 645 4426 αὐτὸν
664 4359 854 4447 τετόλμηται
876 4361 1037 4445 τὸνθεόν,
1083 4360 1246 4440 iniquitas
1269 4360 1430 4424 audenter
1441 4362 1587 4443 impacta
1603 4369 1662 4443 est,
1676 4367 1734 4447 qui
1751 4383 1830 4429 eum

287 4465 342 4530 τόν
362 4463 579 4550 ἐκλεξάμενον,
594 4465 648 4530 τόν
671 4457 1038 4549 αὐτὸνάντίπροθατὲυς
1084 4464 1244 4544 elegerat,
1267 4463 1327 4546 qui
1359 4483 1419 4550 pro
1444 4471 1577 4548 pastore
1601 4484 1719 4546 regem
1741 4485 1833 4532 orea-

292 4567 428 4656 βασιλέα
438 4567 645 4653 πεποιηκότα,
660 4569 716 4633 καί
735 4567 900 4653 κρείττονα
909 4576 971 4633 τῶν
985 4567 1039 4654 ίχ·
1084 4573 1189 4649 verat,
1210 4570 1270 4651 qui
1293 4569 1447 4635 hostibus
1466 4573 1674 4652 superiorem
1696 4571 1832 4654 fecerat,

291 4670 893 4759 θρῶνάποφηναντακαίπαντοδαποίς
908 4670 1039 4759 ἀγαθοῖς
1085 4678 1120 4738 et
1150 4677 1242 4738 omui
1275 4675 1441 4740 bonorum
1478 4677 1642 4740 varietate
1679 4679 1831 4741 auxerat.

326 4943 355 4982 v.
366 4925 391 4981 5.
398 4926 444 4982 Ex
451 4923 515 4982 eod
524 4924 621 4982 Vatio.
631 4925 674 4996 13,
683 4925 854 4999 Respieitur
859 4925 899 4982 Ie.
910 4941 984 4997 xm,
993 4925 1039 4982 25.
1085 4927 1152 4984 euni
1164 4927 1344 5002 supplentur.
1356 4925 1400 4985 uf.
1407 4945 1451 5001 ps.
1459 4943 1545 5000 xxrx,
1558 4927 1583 4984 ί.
1595 4942 1698 5000 oxxrr,
1707 4925 1835 4984 LEeolo.

295 5009 299 5016 ⁴
324 5031 353 5070 v.
362 5013 388 5068 6.
401 5013 449 5072 Ex
462 5011 527 5070 eod
541 5011 863 5084 Vstie.18,quisolum
880 5007 1042 5068 Eusebium
1086 5030 1140 5084 vn,
1151 5015 1196 5070 21.
1207 5015 1249 5070 Pe
1261 5031 1326 5085 xm,
1339 5012 1365 5069 θ.
1383 5014 1409 5069 1.
1426 5013 1513 5070 Joau.
1525 5014 1551 5081 1,
1569 5014 1611 5069 10.
1631 5013 1777 5086 Didymus
1795 5011 1835 5069 ed

289 5097 431 5171 pmflgit:
443 5097 481 5154 ab
490 5097 576 5154 initio
585 5103 685 5154 tumen
694 5097 829 5170 quaedum
838 5096 1041 5154 Theodoretus
1085 5099 1192 5157 ultime
1207 5100 1347 5174 respexit
1365 5101 1458 5158 Paulo
1476 5105 1546 5158 aute
1562 5101 1661 5172 fluam
1678 5099 1837 5172 legendum

289 5183 435 5246 verbatim
443 5184 534 5244 habet
545 5201 583 5244 ex
594 5185 701 5260 quibus
711 5185 833 5244 luemus
844 5185 947 5246 vexati
958 5185 1041 5246 Voti·
1086 5184 1216 5248 videtur:
1233 5189 1388 5259 Γινιίσκοηιι
1399 5191 1429 5248 et
1442 5185 1536 5265 [αῑτιον
1548 5191 1579 5246 σε
1588 5190 1672 5259 μόνον
1684 5183 1759 5263 είνιιι]
1772 5191 1834 5245 τόν.
