4036 6090
980 401 1190 466 ORIGENES

910 678 1080 758 Psalmis
1104 676 1258 757 LXXI.

351 931 382 975 ν.
401 913 431 976 8.
452 910 518 976 Καί
540 911 781 995 κατακυριεύσει
803 909 865 975 ἀπὸ
887 909 1057 995 θαλάσσης
1145 931 1177 974 ν.
1194 910 1224 974 8.
1241 913 1285 977 nt
1298 911 1515 980 dominabitur
1529 931 1551 980 α
1564 917 1651 1010 itari
1669 935 1769 1000 teque
1784 937 1850 986 ntu-

306 1015 366 1094 ἕως
381 1016 554 1101 θαλάσσης,
570 1018 625 1081 καί
641 1017 703 1081 ἀπὸ
718 1027 862 1101 ποταμοῦ
885 1017 944 1095 ἕως
959 1016 1055 1100 περίι-
1100 1031 1145 1095 re,
1164 1032 1185 1080 α
1200 1015 1341 1100 flumine
1355 1035 1456 1100 usqne
1477 1019 1515 1083 in
1525 1019 1616 1103 fines
1638 1021 1723 1088 orbis
1745 1027 1848 1088 terri

304 1141 367 1186 των
381 1130 438 1206 της
453 1119 649 1207 οἰκουμένης.
674 1124 741 1187 Vut.
758 1123 832 1203 667,
849 1123 879 1186 2.
1098 1135 1183 1184 murt.

348 1223 444 1309 Λέγει
466 1227 519 1289 τὸν
533 1222 706 1309 Ἰορδάνην,
729 1223 816 1309 ἐρ’θι
837 1223 1016 1309 βαπτισθεὶς
1038 1223 1056 1288 δ
1143 1225 1287 1287 Flumen
1302 1223 1385 1289 dicit
1399 1226 1591 1308 Jordenem,
1606 1228 1641 1291 in
1664 1245 1732 1310 quo
1755 1230 1849 1294 Chri-

304 1326 450 1412 Χριστδς,
467 1328 527 1393 ὑπὸ
542 1337 598 1392 τοῦ
620 1327 745 1412 Πατρὸς
768 1327 984 1414 ἐμαρτυρώθη.
999 1326 1055 1392 Ἀ·
1104 1329 1178 1390 stus
1201 1344 1290 1407 equa
1313 1330 1470 1394 tinctusa
1492 1334 1590 1395 Putre
1617 1335 1849 1398 testimonium

304 1436 346 1498 πδ
362 1432 435 1498 τότε
445 1435 507 1519 γὰρ
518 1433 645 1519 ήρξοιτο,
662 1435 767 1518 φησίν,
780 1434 797 1499 ὁ
810 1432 926 1520 Κύριος
938 1433 1055 1517 κηρύο-
1103 1430 1233 1494 habuit.
1260 1434 1311 1494 Ex
1333 1433 1396 1496 hoc
1420 1435 1566 1516 incoepit
1591 1438 1766 1518 Dominus,
1789 1440 1847 1517 eit,

305 1559 370 1603 σειν
385 1539 440 1603 καί
456 1537 577 1628 λέγειν·
592 1523 686 1604 τοῦτο
708 1538 799 1624 οὒνή
816 1535 994 1626 προφητεία
1009 1538 1056 1604 αί-
1100 1535 1283 1615 praedicere
1302 1541 1337 1600 ct
1361 1539 1466 1619 ioqui.
1483 1540 1521 1602 Id
1543 1540 1654 1622 ipsum
1671 1560 1754 1621 ergo
1777 1559 1850 1625 pro-

196 1659 199 1670 *
307 1640 451 1708 νίττεται.
1107 1639 1222 1719 phetiu
1233 1641 1365 1704 asserit.

347 1769 379 1811 v.
397 1750 427 1812 9.
444 1745 553 1811 Kaloi
575 1745 684 1832 ἐχθροὶ
699 1747 796 1812 αὐτοῦ
815 1755 894 1832 χοῦν
909 1743 1053 1825 λείξουσι.
1148 1762 1180 1806 ν.
1198 1745 1228 1806 9.
1244 1747 1291 1808 nt
1307 1745 1436 1811 inimici
1457 1747 1666 1829 ejicientem
1681 1749 1813 1833 ίίνιροιιί.

348 1850 435 1916 Ἀντί
451 1861 520 1915 τοῦ·
536 1861 717 1916 οπανιοῠσιν
733 1851 762 1916 οἱ
777 1848 891 1937 χοϊκοί.
1147 1847 1312 1912 Videlicet
1328 1853 1505 1916 terrestres
1520 1853 1586 1916 uiri
1602 1861 1812 1918 evanescent.

346 1976 378 2020 v.
399 1958 448 2021 10.
465 1954 612 2032 Βασιλεῖς
627 1953 772 2040 'Aptius
787 1956 842 2019 καί
862 1952 953 2020 Σαδδι
967 1954 1054 2038 δῶρα
1147 1972 1179 2017 v.
1198 1957 1248 2018 10.
1263 1957 1516 2038 ReuesArctum
1527 1959 1653 2024 uitiata
1663 1959 1849 2026 inlucide-

303 2059 504 2144 προσίιξουσι.
1101 2063 1180 2123 cent.

348 2162 557 2247 Προθεοπίζει
582 2166 622 2229 τὰ
648 2165 719 2250 περὶ
740 2143 869 2231 πάντων
891 2165 977 2251 αὐτῷ
998 2167 1052 2230 καί
1146 2164 1363 2244 Praeoccuput
1385 2182 1425 2228 en
1439 2182 1516 2245 quae
1539 2167 1604 2247 ipsi
1627 2167 1669 2230 ab
1692 2167 1849 2230 omnibus

305 2267 458 2354 βασιλέοιν
472 2272 527 2334 καὶ
543 2268 707 2356 βαρδάρων
722 2270 1007 2356 προοκομιζδμενα.
1101 2270 1174 2329 tum
1190 2267 1331 2343 regibus
1343 2271 1417 2331 tum
1428 2269 1581 2332 barbaris
1597 2273 1845 2350 comparantur.

347 2394 379 2438 ν.
399 2375 448 2437 14.
465 2373 525 2438 Ἐκ
539 2373 633 2438 τόκου
649 2375 703 2438 καί
718 2373 752 2453 ἐξ
764 2373 886 2452 ἀδικίας
897 2373 1050 2459 λυτρίιοε-
1145 2389 1177 2434 ν.
1196 2373 1246 2434 14,
1270 2373 1322 2435 En
1343 2389 1446 2437 usura
1468 2377 1500 2437 et
1520 2374 1695 2454 iniquitate
1714 2374 1849 2440 redimet

303 2499 356 2542 ται
369 2479 426 2554 τὰς
442 2479 547 2564 ψυχὰς
563 2480 675 2562 αὐτῶν,
691 2481 746 2545 καὶ
761 2480 885 2565 ἔντιμον
900 2481 936 2543 τὸ
952 2479 1053 2565 ὄνομα
1099 2475 1359 2557 initiationum,
1379 2481 1412 2542 et
1421 2477 1726 2543 tarentinarum
1740 2497 1847 2544 ectum

236 2619 242 2632 ·
303 2581 551 2649 attentiusetsi
567 2583 673 2647 αὐτοῦ.
1098 2597 1204 2644 coram
1218 2580 1288 2645 illo.

346 2686 414 2771 Τήν
437 2687 493 2772 μὲν
516 2689 600 2752 κατὰ
623 2687 762 2754 διάνοιαν
791 2686 958 2773 ἁμαρτίαν,
985 2688 1050 2754 ἀδι.
1143 2686 1322 2748 Peccatum
1352 2685 1461 2748 menti
1485 2691 1684 2767 conceptum
1710 2689 1846 2751 vocavit

300 2787 373 2855 κίαν
386 2789 566 2875 ὠνόμασεν·
582 2794 641 2877 τήν
652 2792 687 2856 δὲ
698 2791 771 2856 κατ’
779 2790 938 2882 ἐνέργειαν
949 2792 1050 2878 ἁμαρ-
1100 2789 1335 2871 iniquitatem
1366 2792 1459 2872 operi
1490 2795 1604 2854 autem
1638 2792 1846 2870 mundatum,

300 2891 379 2975 τίαν,
402 2895 505 2961 τόκον.
529 2895 595 2961 Καὶ
616 2895 806 2981 τοκιζόμεθα
828 2898 884 2983 μὲν
909 2896 1050 2983 ἁμαρτά.
1104 2911 1254 2955 usuram.
1271 2895 1383 2956 Fenus
1398 2893 1535 2974 quidem
1548 2912 1754 2975 exercemus,
1770 2913 1848 2976 pcc·

300 3019 415 3081 νοντες,
425 2999 618 3086 ἀδικούμεθα
629 3001 664 3065 δὲ
676 3002 862 3078 ἐννοοῦντες.
872 2998 925 3066 Διὸ
937 3000 1047 3085 πρότε·
1097 2996 1220 3078 cand03
1236 3015 1356 3060 verum
1374 2999 1555 3076 cogitando
1571 3001 1709 3078 malum,
1734 2999 1843 3079 iniqui

303 3121 358 3184 ρον
373 3105 427 3167 τὸν
443 3101 536 3168 τόκον
558 3113 703 3189 περιερεῐ,
720 3107 849 3189 ὕστερον
865 3105 900 3169 δὲ
922 3107 977 3170 καὶ
991 3107 1051 3191 τήν
1096 3117 1225 3163 sumus.
1238 3101 1315 3164 Ideo
1331 3104 1479 3182 primum
1495 3103 1585 3166 tollit
1600 3121 1750 3184 usuram,
1771 3109 1846 3185 post

205 3233 209 3242 ¹
302 3204 426 3273 ἀδικίαν
440 3206 550 3291 αὐτήν.
574 3208 629 3273 Δεῖ
644 3210 706 3294 γὰρ
729 3218 850 3294 πρῶτον
873 3209 1051 3295 ἀπέχεσθαι
1096 3205 1234 3268 modum
1248 3205 1458 3288 iniquitetim
1471 3207 1589 3288 ipsum.
1602 3210 1739 3289 Oportet
1753 3208 1844 3271 enim

299 3319 356 3395 της
382 3310 546 3397 ἁμαρτίας,
569 3314 638 3378 είτοι
660 3324 718 3400 της
743 3315 815 3379 κατ’
825 3317 946 3381 ἔννοιαν
973 3313 1050 3401 ήμῖν
1076 3309 1193 3406 'prius
1208 3311 1251 3373 eb
1267 3315 1404 3391 peccato
1419 3313 1539 3392 operis,
1556 3311 1676 3376 deiude
1691 3312 1844 3390 cogitatu

299 3414 480 3501 γενομένης.
498 3455 539 3464 -
555 3415 621 3482 Καὶ
638 3419 771 3504 ἔντιμον,
788 3421 926 3502 φησ1,τδ
950 3420 1050 3506 ὄνομα
1097 3416 1132 3477 in
1145 3416 1408 3497 nobisconcepto
1421 3416 1590 3479 abstinere
1602 3433 1672 3479 nos.
1688 3451 1725 3460 -
1739 3415 1842 3480 Etleu-

298 3521 404 3584 οιῦτοῠ.
420 3521 595 3608 Σεδάομιος
609 3523 697 3607 παρὰ
713 3533 807 3588 πᾶσιν
826 3525 914 3588 ἔσται
929 3527 985 3589 καί
1000 3528 1048 3592 ἔν·
1099 3519 1252 3598 corruite,
1268 3520 1390 3600 inquit,
1401 3521 1604 3600 nomenoius.
1624 3522 1843 3584 venerandus

297 3623 430 3707 δοξος,δ
452 3625 541 3709 Θεὸς,
564 3627 655 3712 ἐντῷ
677 3626 807 3713 ὀνόματί
828 3649 885 3694 σου
902 3629 1041 3715 μεγάλῳ.
1100 3626 1134 3685 et
1149 3624 1318 3700 gloriosus
1334 3625 1400 3687 cris
1420 3624 1588 3704 omnibus,
1604 3625 1704 3703 Deus
1728 3625 1764 3688 in
1786 3641 1844 3687 nc

298 3726 362 3792 Καί
377 3728 448 3794 δότε
470 3729 564 3808 δόξαν
583 3739 626 3815 τῷ
649 3730 759 3797 ἐνιθντι
781 3733 876 3818 αὐτῷ.
893 3731 966 3810 Πῶς
989 3735 1045 3799 οὖν
1095 3727 1188 3790 mine
1210 3731 1270 3790 tuo
1292 3745 1427 3806 magno.
1447 3729 1491 3791 Et
1512 3729 1754 3808 ἀπερίοπτοι
1777 3729 1842 3809 ipsi

297 3831 411 3918 ἔλαθες
434 3835 510 3919 ὅπερ
526 3836 604 3920 ἔχει,
620 3834 670 3900 ἀεί
685 3835 839 3921 ραίνεται.
1100 3831 1144 3895 ud
1170 3848 1232 3894 nos
1254 3833 1415 3895 venienti.
1442 3833 1546 3913 Atqui
1573 3831 1739 3913 quomodo
1761 3833 1843 3912 quid

1100 3935 1244 4016 accipit?
1267 3935 1360 4009 Quod
1375 3935 1485 4015 hebet,
1506 3936 1541 3998 in
1558 3940 1722 3998 aetcrnum
1739 3941 1798 3998 est.

341 4065 372 4108 v.
393 4045 441 4108 15.
457 4042 523 4108 Καί
538 4043 679 4129 ζήσεται,
703 4049 757 4110 καί
779 4044 948 4131 δοθήσεται
962 4049 1047 4134 αὐτῷ
1140 4057 1173 4101 V·
1199 4039 1249 4101 15·
1272 4039 1318 4102 El
1338 4040 1432 4118 ticet,
1452 4043 1484 4103 θί
1504 4039 1634 4104 dabitur
1649 4041 1680 4104 θί
1701 4038 1739 4104 (θ’
1761 4057 1842 4104 111110

297 4149 336 4212 ἐκ
352 4158 407 4212 τοῦ
422 4146 552 4233 χρυσίου
567 4158 624 4234 τῆς
638 4148 800 4234 Ἀραδίας.
1097 4143 1233 4207 Arabici.

343 4252 388 4317 Τὸ
410 4254 445 4318 δὲ
461 4252 561 4337 ζήσει,
586 4255 654 4319 ἀντί
672 4264 728 4320 τοῦ
750 4255 892 4340 διαμενεῖ
911 4255 986 4320 ὅσον
1001 4253 1048 4319 τὲ·
1138 4247 1175 4310 Id
1189 4266 1269 4311 vero
1284 4254 1316 4313 ei
1336 4249 1431 4328 tinet,
1451 4249 1485 4312 id
1502 4253 1553 4312 est
1568 4251 1719 4314 manebit
1737 4268 1842 4331 quan-

300 4358 412 4424 θεικεν.
1093 4355 1167 4412 tum
1184 4350 1363 4432 disposuit.

332 4549 382 4604 Pe.
397 4565 481 4618 nm,
498 4567 527 4605 v.
539 4549 565 4603 8.
583 4549 712 4605 Florent.
731 4549 811 4605 Plus.
832 4569 872 4622 vr,
891 4551 917 4622 3,
936 4569 972 4608 ex
989 4569 1046 4624 quo
1128 4559 1156 4598 V·
1170 4542 1213 4596 10·
1226 4540 1309 4615 1de
1321 4541 1451 4598 Florent·

251 4635 254 4644 '
297 4635 381 4708 plura
392 4653 479 4708 porro
492 4642 523 4692 et
535 4636 645 4711 optime
656 4635 819 4694 haurienda
831 4644 909 4696 sunt.
1127 4646 1155 4685 V·
1170 4629 1212 4683 14·
1226 4629 1293 4686 Vflss
1306 4629 1332 4698 4,
1345 4631 1370 4697 5,
1384 4631 1425 4699 12,
1440 4631 1481 4700 14,
1495 4632 1539 4686 16·
1622 4623 1630 4639 “

332 4742 360 4778 v.
374 4726 400 4779 9.
414 4725 481 4782 Vct
495 4726 520 4781 5.
1128 4732 1156 4771 v.
1171 4715 1213 4770 15.
1225 4714 1337 4771 Iterum
1348 4715 1478 4772 Florent.

2007 2805 2012 2836 .
