4036 6090
931 413 1141 476 ORIGENES

844 657 1013 734 Psalmue
1037 654 1245 734 LXXXV.

314 890 345 935 v.
365 872 392 935 1.
409 869 579 955 Πρυσευχή
595 877 640 955 τῷ
655 866 762 933 Δαυίδ.
787 872 854 935 Vae.
871 869 946 949 679,
966 869 993 932 1.
1111 887 1143 932 ν.
1162 871 1190 931 1.
1210 871 1320 936 oratio
1334 870 1402 952 z‘pri
1416 873 1535 938 David.
1763 929 1767 938 .

312 972 482 1059 Προσευχή
505 972 626 1059 ἐστινή
644 974 724 1058 μετόι
744 969 927 1056 δοξολογίιις
950 973 1022 1055 περὶ
1111 974 1225 1036 Oratio
1236 992 1314 1037 eum
1326 979 1404 1038 voto
1420 980 1472 1040 est
1488 975 1610 1055 juncta
1625 976 1814 1057 doxologiae

273 1079 423 1166 μειζόνων
438 1076 697 1163 ἀναπεμπομένη.
1067 1078 1101 1137 et
1115 1092 1176 1156 pro
1191 1077 1376 1158 maioribus
1393 1081 1494 1145 rebus
1509 1083 1642 1145 emissa.

313 1205 343 1248 v.
361 1185 391 1247 2.
409 1182 519 1247 Σῶσον
533 1183 588 1246 τόν
603 1178 715 1245 δοῦλόν
731 1201 798 1261 σου,
814 1180 832 1244 ό
847 1177 928 1256 Θεός
951 1200 1021 1265 μου,
1110 1199 1142 1242 ν.
1158 1183 1189 1245 2.
1212 1182 1348 1247 Salvum
1360 1184 1425 1266 sae
1446 1203 1575 1250 servum
1597 1191 1698 1265 tuum,
1725 1189 1814 1252 Deus

269 1290 323 1353 τόν
339 1284 508 1366 ἐλπίζοντα
523 1284 574 1350 ἐπί
590 1283 636 1349 σέ.
1065 1301 1165 1378 meus,
1183 1294 1364 1366 sperantem
1378 1289 1415 1354 it
1431 1293 1470 1353 te.

315 1392 432 1468 Δοῦλος
445 1391 538 1475 Θεοῦ,
551 1391 568 1455 ό
581 1393 624 1477 μή
638 1390 795 1455 δουλεύων
807 1386 955 1474 άμαρτίρ,
964 1406 1022 1474 μή·
1111 1393 1236 1455 Servus
1251 1393 1313 1455 Dei
1329 1396 1382 1456 est
1392 1394 1452 1474 qui
1467 1398 1604 1475 peceato
1617 1410 1686 1457 non
1701 1396 1815 1474 servit,

270 1494 305 1560 δέ
320 1517 377 1561 τινι
393 1495 486 1561 πάθει
508 1492 720 1580 ὑποκείμενος,
737 1495 770 1559 ἐν
786 1492 871 1578 μόνῳ
886 1492 921 1555 δὲ
936 1489 1022 1557 ἐλπί-
1066 1511 1177 1574 neque
1190 1495 1340 1576 passioni
1355 1495 1518 1576 subiacet,
1533 1496 1592 1560 sed
1615 1497 1675 1577 qui
1693 1497 1728 1559 in
1744 1499 1816 1560 solo

270 1600 334 1680 ζων
355 1600 436 1685 Θεῷ.
460 1584 689 1692 Ἐγόιήλπισά
711 1619 770 1678 σοι,
794 1596 944 1675 δέσποτα,
968 1594 1022 1672 δός
1066 1600 1136 1662 1)υο
1150 1603 1273 1678 sperat.
1300 1621 1316 1659 «
1329 1601 1403 1678 Ego
1419 1602 1455 1664 in
1479 1606 1512 1664 te
1535 1601 1679 1682 speravi,
1705 1601 1817 1664 Domi-

270 1702 371 1768 ἐλπίδι
386 1712 443 1789 τής
458 1702 615 1788 σωτηρίας
640 1698 803 1767 ἀντίδοσιν.
822 1739 862 1750 -
880 1698 921 1765 ‘H
943 1707 1021 1784 γνῶ-
1066 1719 1146 1764 ne.»
1164 1704 1214 1766 Da
1228 1704 1300 1783 spei
1312 1704 1571 1768 retributionem
1587 1705 1622 1768 in
1638 1705 1758 1769 salute.
1769 1740 1810 1750 -

269 1830 318 1886 σις
332 1819 389 1874 τοῦ
404 1808 488 1877 Θεοῦ
512 1806 652 1893 σωτηρία
670 1807 736 1872 ἐστί
759 1807 874 1891 ψυχῆς.
890 1804 1020 1889 Ἐπειδή
1066 1806 1214 1870 Seientia
1236 1809 1297 1871 Dei
1320 1809 1464 1872 salvatio
1496 1812 1548 1872 est
1573 1809 1705 1871 anirnae.
1729 1809 1814 1882 Quo-

268 1913 354 1991 όσιος
369 1913 472 1998 ἑαυτῷ
487 1911 732 1996 κατήγόρευσεν,
758 1911 810 1976 ἐπί
823 1914 860 1975 τό
876 1911 1022 1974 ταπεινόν
1066 1912 1158 1974 niam
1177 1910 1293 1991 justus
1313 1914 1462 1995 seipsum
1485 1917 1632 1992 accuset,
1648 1912 1690 1975 ad
1706 1912 1817 1975 humi-

268 2015 364 2082 πάλιν
380 2015 554 2101 καταφέρει
575 2018 629 2080 τόν
648 2014 753 2100 λόγον,
775 2009 886 2079 δοῦλόν
910 2012 1022 2079 ἑαυτὸν
1066 2015 1198 2080 litatem
1221 2018 1346 2080 iterum
1364 2019 1532 2081 convertit
1553 2034 1754 2096 sermonem,
1777 2033 1814 2080 se

270 2120 533 2207 ἀπογραφόμενος
548 2129 604 2184 τοῦ
620 2119 713 2200 Θεοῦ,
731 2120 786 2182 καὶ
804 2117 854 2182 ἐπ’
866 2119 951 2203 αύτῷ
967 2115 1022 2203 μό·
1066 2122 1179 2202 ipsum
1202 2121 1374 2185 ascribens
1397 2122 1459 2185 Dei
1474 2139 1623 2202 servum,
1640 2122 1726 2185 etin
1745 2122 1815 2184 Deo

269 2245 313 2308 νιμ
329 2225 388 2309 τήν
404 2223 517 2289 ἐλπίδα
528 2233 586 2310 τής
596 2221 754 2308 σωτηρίας
769 2223 855 2309 ἔχειν
867 2221 1022 2306 ἑπαγγελ-
1065 2226 1137 2290 solo
1152 2241 1246 2306 spem
1261 2225 1383 2289 salutis
1398 2243 1434 2288 se
1449 2226 1575 2290 habere
1590 2225 1771 2307 professus,

269 2328 410 2414 λόμενος.
959 2359 963 2364 ·

314 2453 346 2496 ν.
356 2434 386 2496 4.
396 2431 562 2516 Εὔφρανον
574 2434 633 2518 τήν
646 2430 753 2517 ψυχήν
764 2439 820 2495 τοῦ
831 2428 944 2495 δούλου
953 2449 1020 2510 σου,
1109 2453 1141 2496 ν.
1158 2435 1188 2498 4.
1212 2435 1354 2518 Lettthca
1374 2436 1519 2499 animm
1540 2435 1629 2499 serti
1650 2435 1710 2514 tui,
1739 2451 1814 2514 μαυ-

270 2537 318 2600 ότι
333 2538 410 2621 πρός
425 2538 472 2618 σὲ,
489 2535 597 2620 Κύριε,
614 2537 678 2621 ήρα
693 2538 751 2621 τήν
767 2533 875 2620 ψυχήν
891 2555 961 2620 μου.
1065 2537 1155 2600 niam
1165 2537 1208 2601 αά
1218 2542 1257 2618 te,
1269 2539 1413 2618 Domine,
1430 2539 1536 2603 ίουαοε·
1546 2539 1689 2603 animm
1700 2556 1812 2604 meam.

313 2641 490 2726 Εῦφρανον,
506 2644 578 2726 ήτοι
592 2641 644 2705 ere
662 2639 758 2724 ζωήν.
774 2640 921 2705 Διδάσκει
934 2638 1021 2724 ἡμᾶς
1109 2642 1275 2725 Laetistca,
1296 2642 1330 2706 id
1346 2647 1397 2706 est
1411 2661 1471 2724 per
1486 2643 1602 2706 vitam.
1623 2645 1691 2706 Nos
1706 2660 1816 2706 sermo

269 2744 287 2809 ό
310 2743 415 2830 λόγος,
443 2743 484 2821 ὡς
507 2747 561 2808 τόν
584 2743 773 2830 βουλόμενόν
799 2765 834 2808 τε
857 2745 945 2827 παρόι
965 2753 1021 2807 τοῦ
1065 2744 1163 2808 docet
1185 2763 1269 2827 opus
1290 2764 1372 2826 esse,
1388 2747 1417 2810 si
1441 2747 1518 2828 quis
1540 2747 1625 2810 velit
1640 2765 1661 2808 υ
1676 2748 1745 2810 Deo
1759 2747 1816 2809 be

269 2849 353 2916 Θεοῦ
376 2847 486 2936 λαβεῖν
509 2848 638 2933 ἀγαθόν,
655 2848 856 2913 ἀδιάλειπτον
879 2849 928 2913 δεῖ
943 2850 1023 2913 εἶναι
1066 2866 1149 2911 num
1166 2851 1325 2930 recipere,
1345 2849 1531 2913 indefessas
1555 2849 1728 2913 effundere
1743 2867 1816 2931 pre-

269 2953 313 3030 εἰς
329 2951 520 3038 προσευχήν.
537 2951 627 3036 Αίρει
642 2955 719 3037 πρός
735 2951 852 3036 Κύριον
875 2953 933 3037 τήν
949 2951 1021 3016 teu·
1065 2971 1130 3016 ces.
1147 2952 1197 3016 Ad
1212 2955 1321 3016 Deum
1345 2955 1437 3017 levet
1458 2955 1608 3017 animam
1628 2973 1737 3035 suam,
1754 2955 1813 3036 qui

268 3067 323 3121 τοῦ
338 3057 456 3142 ψυχήν,
473 3057 490 3121 ό
506 3056 558 3121 διόι
571 3055 713 3141 πράξεως
729 3058 784 3121 καί
796 3055 933 3142 θεωρίας
949 3078 1022 3122 κου·
1065 3074 1125 3138 per
1152 3058 1318 3120 actionem
1341 3063 1376 3122 et
1396 3060 1717 3141 contemplationem
1740 3077 1814 3123 eam

268 3159 368 3244 ιρίζων
384 3159 493 3245 αὐτήν.
1061 3161 1228 3225 vleviorem
1244 3160 1335 3224 feeit.

312 3285 344 3328 ν.
357 3260 467 3328 5.Ὂτι
483 3266 531 3346 σὺ,
540 3263 649 3349 Κύριε,
662 3267 801 3349 χρηστός
813 3268 868 3330 καὶ
880 3266 1021 3351 ἐπιεικής
1109 3283 1141 3328 ν.
1159 3269 1189 3328 5.
1217 3267 1373 3343 Qrwnwm
1399 3272 1445 3346 ότι,
1475 3266 1621 3347 Domine,
1646 3267 1760 3332 υαωοόε
1785 3271 1817 3331 et

268 3369 323 3432 καί
339 3366 511 3444 πολυόλεος
525 3377 603 3432 πᾶσι
618 3377 682 3445 τοῖς
698 3368 957 3455 ἐπικαλουμένοις
973 3391 1019 3434 σε.
1065 3371 1157 3435 mitis
1182 3373 1214 3436 et
1234 3372 1344 3435 αοιιίία
1365 3371 1594 3438 misericordioe
1616 3389 1649 3438 ee
1671 3371 1817 3436 omnibus

193 3465 197 3472 ’
1065 3475 1286 3540 invocantibus
1302 3480 1341 3539 ῖε.

310 3577 399 3644 Ἀντί
420 3588 476 3643 τοῦ
499 3579 642 3663 ἐπιεικής
663 3575 804 3656 Ἀκύλας
827 3581 882 3643 καὶ
905 3577 1021 3646 Θεοδο-
1110 3581 1174 3642 Pro
1195 3579 1258 3642 hae
1280 3596 1362 3642 voce
1383 3579 1486 3658 mitis,
1513 3581 1638 3660 Aquila
1660 3585 1694 3643 et
1709 3580 1815 3644 Theo-

266 3681 340 3752 τίων
365 3683 497 3767 ίλαστής
523 3681 704 3767 εἰρήκασιν·
728 3683 745 3744 ό
768 3681 802 3746 δὲ
826 3682 1019 3768 Σύμμαχος·
1065 3683 1180 3747 dotion
1203 3684 1365 3747 dixerunt
1380 3684 1557 3764 propitius,
1583 3686 1642 3748 sed
1664 3688 1815 3768 Symma-

267 3788 333 3854 Καὶ
355 3788 467 3873 ἀφιείς.
483 3786 649 3872 Ἐπήγαγε
664 3786 699 3850 δὲ
719 3796 812 3851 τοῦτο
833 3786 1021 3872 θεραπεύων
1065 3787 1166 3851 chus:
1190 3789 1410 3853 etremtttens.
1434 3788 1471 3852 Id
1494 3806 1574 3853 vero
1596 3789 1757 3868 subdidit,
1775 3795 1813 3852 ut

269 3895 304 3956 τό
321 3892 436 3956 δοκοῦν
452 3890 609 3976 φορτικόν.
1065 3895 1268 3973 temperaret
1283 3891 1374 3972 quod
1388 3893 1522 3956 videtur
1537 3895 1689 3972 gravius.

312 4017 344 4060 ν.
362 3999 392 4060 8.
409 3993 478 4060 Ούκ
500 3996 583 4060 ἐστιν
598 3993 705 4079 όμοιός
721 4014 771 4058 σοι
786 3994 818 4060 ἐν
841 3994 939 4077 θεοῖς,
955 3995 1019 4060 Κύ-
1109 4013 1140 4056 ν.
1158 3997 1188 4059 8.
1212 3997 1285 4060 Νυνο
1306 3999 1355 4060 est
1374 3996 1467 4060 sintii
1474 3996 1481 4010 '
1520 3998 1572 4062 tui
1593 3998 1631 4061 εἰι
1651 3997 1727 4077 diis,
1749 3999 1812 4062 Do-

269 4121 326 4184 ριε.
368 4122 373 4133 ·
1064 4116 1160 4164 εοεαε.

312 4202 378 4268 Τίνι
393 4203 454 4287 γὰρ
470 4201 556 4266 είιιεν
578 4200 655 4265 ποτὲ
675 4200 692 4264 ό
708 4198 840 4286 Πατήρ·
855 4198 965 4268 Κάθου
982 4202 1020 4267 ἐκ
1110 4204 1171 4267 Cui
1187 4203 1278 4266 enim
1294 4203 1380 4267 dixit
1396 4222 1547 4286 unquam
1563 4207 1682 4268 Pater:
1704 4205 1813 4270 «Sede

268 4306 376 4385 δεξιῶν
392 4325 470 4390 μους
1065 4327 1087 4370 υ
1102 4308 1229 4372 dextris
1242 4309 1384 4370 meist»
1821 4303 1825 4310 '

311 4431 342 4473 v.
359 4408 514 4475 9.·Πόιντα
530 4409 570 4472 τόι
585 4407 659 4492 ἔθνη
676 4407 737 4472 όσα
752 4407 914 4493 ἐποίησας,
927 4411 1019 4495 ήξου-
1107 4431 1138 4475 ν.
1156 4415 1186 4476 9.
1206 4414 1319 4476 Omnes
1331 4416 1441 4495 μοκῖεε
1455 4429 1670 4494 quascumque
1679 4412 1809 4495 fecisti,

267 4539 298 4582 σι
314 4518 368 4580 καὶ
383 4511 654 4598 προσκυνήσουσιν
676 4511 806 4577 ἑνύπιόν
826 4534 893 4596 σου,
910 4513 1018 4601 Κύριε,
1062 4518 1199 4595 tentent,
1215 4520 1246 4580 et
1256 4515 1433 4580 adorarunt
1446 4517 1483 4579 τίι
1498 4522 1662 4596 συνωμοσία
1673 4522 1738 4597 teto,
1753 4523 1815 4584 De

266 4621 320 4685 καὶ
336 4618 503 4697 δοξάσουσι
519 4618 554 4681 τό
570 4614 670 4700 όνομό
685 4638 754 4697 σου,
770 4615 878 4702 Κύριε.
1062 4623 1158 4700 mine,
1177 4625 1208 4685 et
1222 4619 1399 4684 ῖααιίαύυυῖ
1419 4637 1532 4684 nonme
1548 4624 1650 4700 ῖααυι,
1668 4622 1813 4687 Domine.

312 4723 351 4789 Εἰ
367 4722 471 4786 πάντα
493 4722 533 4785 τά
549 4718 622 4805 ἔθνη
639 4718 708 4805 ήξει
730 4723 784 4784 καί
807 4722 1019 4809 προσκυνήσει
1106 4727 1141 4789 Si
1158 4741 1274 4787 ornnes
1297 4727 1417 4801 gentes
1440 4729 1593 4787 venturae
1613 4724 1683 4787 sint
1699 4725 1741 4788 ad
1757 4743 1814 4789 ne

301 4931 349 4984 Ps.
364 4944 479 4998 LxxxV,
491 4944 520 4983 v.
534 4929 557 4981 1.
571 4927 637 4982 Vat.
650 4927 676 4982 4.
1097 4949 1125 4987 v.
1138 4931 1163 4984 5.
1177 4929 1315 4984 Laurent.
1333 4925 1412 4980 Plut.
1431 4944 1459 4982 v.
1477 4926 1503 4981 3.
1522 4926 1613 4982 Field.
1633 4945 1666 4998 11,
1684 4929 1752 4998 237,·
1765 4929 1816 4985 ubi

301 5034 328 5072 v.
341 5018 367 5070 2.
381 5017 448 5070 Vat.
461 5015 487 5082 4,
502 5015 543 5067 12.
556 5013 606 5068 Ps.
620 5031 665 5084 111,
680 5016 720 5070 17.
1063 5016 1268 5090 Symmachus:
1282 5016 1388 5080 ’Δφῖωκ
1870 5031 1875 5042 ·

300 5120 327 5158 ν.
340 5103 366 5154 4.
379 5102 446 5157 vat.
459 5101 485 5170 2,
498 5099 523 5168 3,
536 5101 561 5168 ἢ,
576 5101 616 5154 12.
1098 5123 1124 5160 ν.
1137 5103 1163 5170 8,
1176 5103 1201 5156 9.
1215 5101 1281 5158 vat.
1295 5101 1321 5165 4,
1334 5099 1368 5154 12
1381 5099 1430 5154 Ps.
1446 5115 1504 5169 cix,
1519 5101 1541 5154 l.
