4020 6098
296 364 358 428 lto
959 367 1169 432 ORIGENES

295 495 507 589 ὑγιαινούσαις
530 503 757 588 διδασκαλίαις,
772 513 840 582 ταῖς
855 512 912 570 τοῦ
926 501 1046 587 Κυρίου
1093 507 1170 588 quis
1182 523 1288 590 prava
1303 507 1408 588 docet,
1431 523 1541 590 neque
1554 507 1680 572 incedit
1695 508 1732 572 in
1747 509 1841 573 sanis

298 607 389 696 ήμῦν
414 607 522 694 Ἰησοῦ
544 610 702 696 Χριστοῦ,
726 608 811 674 άλλόι
839 606 1044 693 τετύφλωται,
1092 609 1310 690 dogmatibus
1325 613 1463 676 Domini
1479 614 1586 677 nostri
1605 615 1689 678 Jesu
1705 613 1841 678 Christi.

300 712 399 800 μηδὲν
414 712 629 799 ἐπιστάμενος,
645 721 745 781 νοσῶν
759 709 980 797 τιεριζητήσεις
991 712 1047 777 καί
1092 715 1157 778 Sed
1164 720 1362 796 occoecatur,
1369 695 1456 781 n'ihil
1465 717 1662 794 intelligens
1670 721 1839 796 aegrotans

297 815 508 904 λογομαχίας·
522 818 643 896 ἐκεῖνος
658 818 714 883 οὖν
728 816 780 882 ἐπί
795 822 863 893 ταῖς
879 812 969 891 ἰδίαις
989 834 1047 878 κα-
1091 819 1128 883 in
1151 822 1378 902 quaestionum
1394 821 1594 886 circuitibus
1613 824 1648 883 et
1661 819 1842 884 verborum

298 923 340 988 τά
354 920 557 1008 ψευδοδοξίαν
581 918 794 1007 βλασφημίαις
810 920 865 990 καί
880 916 1046 1006 ἁμαρτίαις
1092 925 1230 1006 pugnis.
1247 926 1309 988 llle
1324 941 1407 1004 ergo
1425 925 1600 989 insolescit
1615 925 1651 988 in
1667 926 1739 988 suis
1754 925 1843 988 blas-

296 1033 467 1111 καυχᾶται,
493 1023 535 1102 og
561 1022 611 1090 ἐπ’
628 1022 763 1108 ἀληθεία
787 1021 843 1087 καί
871 1019 967 1107 σοφίᾳ
991 1023 1047 1086 καί
1091 1028 1246 1110 phemiis,
1260 1047 1302 1093 ex
1315 1029 1400 1093 falsa
1414 1029 1567 1092 doctrina
1578 1027 1749 1108 derivatis,
1758 1031 1792 1091 et
1807 1027 1843 1089 in

296 1127 477 1216 φθέγγεται,
491 1129 547 1192 καί
561 1126 654 1192 λαλεῖ
664 1124 785 1205 ἀδικίας
800 1125 844 1205 είς
854 1127 891 1191 τό
902 1126 991 1210 δψος,
1013 1127 1047 1193 ἐν
1092 1133 1248 1215 peccatis,
1277 1136 1318 1196 ut
1341 1133 1487 1196 veritate
1510 1136 1545 1197 et
1566 1131 1734 1214 sapientia
1755 1135 1845 1212 post-

300 1233 346 1310 οίς
360 1239 535 1318 καταγορεῖ
546 1241 601 1296 τοῦ
618 1231 819 1318 δημιουργοῦ.
1093 1235 1229 1317 habitis,
1255 1235 1389 1300 effutiat
1411 1241 1446 1300 et
1467 1237 1627 1318 loquatur
1657 1233 1843 1314 iniustitias

1094 1356 1206 1420 usque
1221 1339 1264 1405 ad
1279 1340 1467 1421 cumulum,
1487 1339 1612 1421 quibus
1627 1338 1666 1402 iit
1677 1340 1843 1402 creaioris

905 1501 909 1510 .
1094 1447 1280 1509 accusator.
1323 1458 1326 1469 ·

341 1567 374 1612 v.
391 1549 421 1614 5.
439 1545 503 1614 Τόν
523 1544 603 1613 λαόν
618 1567 685 1630 σου,
700 1543 809 1630 Κόρα,
825 1543 1048 1629 ίτατιιίνωσαν,
1137 1565 1170 1611 ν.
1189 1548 1220 1610 ό.
1235 1546 1396 1632 Ροριιίανι
1416 1551 1509 1614 tuam
1529 1546 1794 1628 ίινιαίίίαοεννιαί,
1812 1551 1845 1615 et

296 1653 353 1716 καί
367 1653 426 1737 τήν
441 1647 653 1737 κληρονομίαν
669 1670 726 1713 σου
740 1649 919 1714 ἐκάκωσαν.
1093 1649 1310 1719 hereditatem
1324 1657 1413 1718 ittam
1426 1657 1631 1719 ῦοααοονννιί.

341 1754 500 1840 Πρότερον
515 1755 550 1820 όν
565 1753 698 1839 ὑψηλοῖς
721 1754 862 1821 όντατόν
877 1754 956 1820 λαόν
978 1752 1049 1818 itc-
1137 1757 1250 1820 Primo
1261 1758 1425 1838 populum
1432 1759 1469 1821 in
1476 1757 1618 1821 excelsis
1630 1757 1758 1820 elatum
1765 1775 1841 1839 pec-

296 1855 454 1925 πείνωσαν
472 1858 502 1923 ol
523 1858 714 1945 ἁμαρτωλοί,
737 1858 829 1923 αίτιοι
851 1859 936 1942 αὐτῷ
958 1858 1048 1945 γενό-
1094 1864 1224 1926 catores
1242 1860 1521 1941 humiliaverunt,
1543 1877 1682 1924 causam
1695 1860 1761 1942 ipsi
1779 1862 1844 1924 Do-

298 1985 386 2052 μινοι
400 1973 457 2029 τοῦ
471 1962 636 2029 κατελθεῖν
651 1963 695 2041 είς
709 1963 746 2027 τό
761 1971 854 2049 σῶμα
867 1970 929 2046 τής
943 1983 1050 2028 ταπει-
1094 1965 1187 2028 mino
1202 1969 1400 2046 prestantes
1410 1980 1472 2029 cur
1484 1962 1707 2028 descenderet
1721 1964 1757 2028 in
1773 1981 1844 2028 cor·

297 2067 421 2146 νώσιως
435 2069 490 2133 καί
504 2068 563 2153 τήν
578 2064 790 2154 κληρονομίαν
811 2076 867 2132 τοῦ
884 2066 978 2151 Θεοῦ,
993 2068 1047 2134 ίνα
1093 2085 1158 2150 pus
1170 2067 1375 2133 humilitatis
1390 2069 1471 2132 etin
1489 2067 1721 2131 haereditatem
1732 2068 1845 2132 Domi·

283 2159 337 2258 ’τῇ
353 2168 479 2257 ἐναντίᾳ
492 2170 686 2237 καταπάτει
707 2179 766 2254 τῆς
780 2169 953 2247 κακώσεως
975 2192 1047 2256 τογ-
1096 2173 1143 2252 ni,
1153 2177 1193 2236 ut
1205 2174 1374 2236 contrario
1383 2171 1575 2237 afflictionis
1586 2175 1689 2252 statu,
1702 2173 1773 2252 ipse
1783 2189 1844 2253 pro

297 2274 382 2360 χάνῃ
394 2283 549 2340 κακῶσαι.
564 2311 605 2322 -
616 2271 840 2360 Κληρονομίαν
856 2275 984 2360 είρηκεν
995 2275 1051 2360 φό-
1095 2277 1192 2341 nobis
1207 2279 1294 2342 male
1307 2277 1500 2341 haberetur.
1515 2274 1745 2340 Hereditatem
1758 2274 1845 2339 dixit

298 2397 348 2444 σιν
361 2379 421 2464 τήν
442 2377 585 2464 λογικήν,
608 2378 677 2463 ήτις
697 2375 819 2463 πέφυκε
841 2378 1052 2464 κληρονομεῖν
1095 2385 1253 2445 naturam
1262 2382 1391 2444 ratione
1401 2385 1546 2460 auctam,
1555 2397 1630 2461 quae
1638 2379 1681 2442 ad
1692 2379 1843 2443 divinam

299 2479 391 2564 Θεὸν,
407 2479 476 2546 ἀντί
490 2480 526 2545 δὲ
541 2490 597 2545 τοῦ
611 2481 883 2568 κληρονομοῦντος
898 2481 1051 2568 κληρονο
1095 2485 1330 2550 hereditatem
1353 2482 1591 2566 capessendam
1614 2483 1776 2548 nascitur.
1801 2485 1845 2546 At

301 2583 374 2670 μίαν
388 2583 569 2670 ὠνόμασεν·
584 2584 654 2663 ἔθος
668 2587 730 2671 γόιρ
745 2596 837 2652 τοῦτο
854 2587 1027 2674 τῄγραφῇ.
1093 2606 1155 2673 pro
1166 2588 1308 2671 haerede,
1334 2589 1552 2656 hereditatem
1573 2589 1777 2652 nominavit:
1805 2605 1845 2651 ea

721 2744 724 2750 .
1095 2696 1186 2758 enim
1203 2689 1385 2775 Scriptura
1404 2691 1613 2757 consuetudo
1627 2696 1688 2755 est.

344 2814 377 2860 v.
393 2795 424 2860 6.
436 2791 551 2880 Χήραν
565 2796 620 2860 καί
635 2795 771 2880 ὀρφανόν
786 2792 982 2881 ἀπέκτεινον,
994 2796 1051 2861 καί
1137 2817 1170 2862 v.
1184 2801 1213 2862 6.
1232 2798 1368 2864 Vadaom
1378 2803 1410 2863 ct
1417 2797 1585 2880 papillam
1596 2795 1839 2879 imcrscccrunt,

300 2896 499 2984 προσήλυτον
514 2896 691 2984 ἐφόνευσεν.
1093 2901 1550 2985 ctadocnomiatersecerant.
1724 2923 1729 2935 ·

342 3001 457 3088 Χήραν
473 3001 580 3088 ψυχήν
593 3003 649 3066 καί
666 2999 866 3087 προσήλυτον
884 3012 957 3070 νοῦν
973 3002 1051 3069 άπο-
1139 3005 1287 3071 Viduam
1302 3007 1453 3070 animam
1469 3008 1504 3070 et
1520 2995 1738 3087 peregrinam
1753 3021 1845 3068 men·

297 3105 412 3172 κτείνει
426 3107 443 3172 ό
458 3115 566 3184 κακῶς
589 3107 645 3183 τίις
659 3105 750 3184 θείας
772 3108 901 3192 γραφάς
920 3106 1050 3194 ίξηγοιί-
1093 3115 1163 3174 tem
1190 3109 1352 3174 interficit
1374 3111 1434 3192 qui
1450 3113 1609 3190 corrupte
1624 3127 1737 3174 sacras
1759 3109 1845 3173 Scri-

299 3231 405 3296 μενος·
424 3209 559 3295 όρφανός
582 3209 648 3275 ἐστι
663 3220 734 3287 νοῦς
750 3209 979 3297 ἐστηρουμένος
992 3222 1048 3278 τοῦ
1092 3218 1210 3296 pturas
1233 3215 1485 3295 interpretatur.
1510 3213 1688 3294 Orphanus
1703 3218 1755 3278 est
1776 3214 1842 3294 spi-

298 3315 483 3401 ίπουρανίου
499 3314 632 3400 πατρός·
648 3317 729 3402 abab
752 3325 809 3401 τής
825 3315 970 3395 ἀσεὸείας
985 3314 1050 3382 ἐπί-
1093 3321 1179 3383 ritus
1210 3319 1339 3382 coelesti
1368 3321 1465 3401 patre
1495 3317 1643 3399 orbatus,
1675 3317 1766 3398 quod
1791 3321 1841 3380 est

297 3440 403 3497 τασις·
418 3427 520 3484 ταῦτα
541 3421 612 3505 γόιρ,
636 3421 724 3505 φησί,
745 3420 910 3506 τολμῶσιν,
934 3422 994 3507 οὐχ
1009 3419 1047 3505 ή·
1091 3440 1264 3488 summum
1287 3423 1472 3504 impietatis
1487 3423 1633 3486 culmen.
1657 3423 1762 3501 Talia,
1786 3422 1839 3484 in-

297 3523 443 3610 γοόμενοι
458 3525 495 3590 σὲ
510 3523 637 3609 ἐφορᾶν,
654 3523 727 3589 οὐδὲ
743 3523 971 3610 προμηθεῖσθαι
986 3533 1049 3591 τῶν
1092 3529 1177 3610 quit,
1203 3526 1340 3607 audent,
1362 3542 1430 3590 non
1454 3526 1681 3604 recogitantes
1703 3542 1841 3589 sursum

299 3627 471 3714 ἀνθρώπων
487 3627 690 3714 πραγμάτων.
1091 3635 1125 3694 te
1149 3631 1329 3713 respicere,
1344 3634 1405 3692 aut
1428 3627 1528 3692 rebus
1551 3627 1711 3692 humanis
1733 3627 1843 3709 provi-

343 3753 376 3798 ν.
395 3735 423 3797 7.
440 3730 505 3798 Καὶ
521 3732 630 3798 είπαν·
646 3730 714 3797 Οὐκ
725 3733 837 3818 όψεται
851 3731 981 3818 Κύριος,
998 3721 1050 3798 σ’ίν-
1093 3734 1182 3799 dere.

299 3836 335 3900 δὲ
352 3834 481 3920 συνήσει
495 3836 513 3900 ό
528 3834 608 3914 Θεός
623 3846 679 3901 τοῦ
694 3834 820 3903 Ἰακιθό.
1135 3855 1168 3902 ν.
1185 3839 1216 3902 7.
1238 3837 1285 3902 Et
1306 3836 1477 3902 ιίιζτονναιίι
1499 3835 1574 3900 Noa
1594 3825 1715 3900 videbit
1734 3835 1844 3899 Domi·

341 3938 413 4025 Οῦχ
435 3940 543 4019 ίιπλῦς
565 3941 601 4004 δὲ
623 3940 805 4025 πρόσκειται
826 3938 883 4005 τό·
904 3939 943 4007 ‘0
966 3941 1060 4020 Θιός·
1091 3959 1164 4022 νινε,
1182 3959 1282 4024 mque
1296 3939 1458 4023 itttellipet
1477 3941 1567 4004 Deus
1580 3938 1684 4004 Jacob.

296 4039 423 4128 Ἰακὼθ,
447 4043 519 4110 ἀλλ’
530 4045 574 4123 είς
601 4043 732 4130 αόξησιν
753 4053 811 4130 της
834 4045 1049 4131 κατηγορίας·
1136 4046 1234 4110 Haud
1256 4045 1384 4108 frustra
1405 4043 1537 4125 adjacet
1551 4045 1641 4110 Deua
1659 4041 1765 4122 Jacob,
1784 4041 1842 4106 sed

296 4147 419 4233 πολλὴν
441 4150 503 4234 γάρ
518 4150 589 4232 περί
603 4149 657 4215 τόν
679 4147 757 4213 λαόν
772 4158 828 4213 τοῦ
850 4147 933 4216 Θεοῦ
949 4170 1049 4215 κατα-
1091 4151 1128 4214 in
1144 4150 1391 4214 incrementum
1410 4149 1652 4228 accusationis·
1661 4152 1701 4210 ut
1711 4148 1771 4228 qui
1786 4164 1844 4211 no-
1916 4153 1920 4162 ’

299 4250 449 4346 μαθόντες
464 4250 623 4336 πρόνοιαν,
639 4253 698 4337 τήν
721 4251 773 4316 διόι
788 4261 850 4317 τῶν
865 4263 1048 4338 προφητῶν,
1091 4259 1217 4318 verunt
1238 4253 1468 4334 multiplicem
1491 4269 1575 4330 erga
1596 4253 1760 4333 populum
1782 4251 1843 4314 Dei

300 4357 358 4441 τήν
374 4355 427 4420 διὰ
441 4364 502 4422 τῦν
519 4351 636 4440 ἱερέων,
651 4357 710 4442 τήν
726 4354 760 4421 ἐν
780 4355 919 4443 πολίμιμ,
934 4359 993 4443 τήν
1015 4357 1050 4425 ἐν
1091 4358 1353 4442 providentiam,
1376 4359 1451 4419 tum
1477 4372 1537 4437 per
1558 4355 1748 4436 prophetas,
1770 4359 1843 4418 tum

301 4457 421 4546 εἰρήνη.
1093 4481 1154 4545 per
1180 4460 1383 4540 sacerdotes,
1410 4464 1485 4524 tum
1511 4460 1547 4523 in
1576 4458 1675 4539 balle,
1704 4463 1778 4523 tum
1809 4460 1845 4522 in

341 4687 373 4731 ν.
391 4669 421 4749 8,
446 4668 477 4732 θ.
493 4665 610 4732 Σύνετε
626 4665 677 4752 δή,
697 4667 831 4752 ἄφρονες
853 4666 950 4754 ἐντῷ
971 4668 1049 4756 λαῷ,
1093 4584 1218 4733 Ραήῗιθ.
1235 4666 1430 4750 Ιαίοίίίρίῖο,
1448 4667 1640 4749 ίιωίριὲινιίοε
1660 4665 1698 4731 ta
1713 4664 1843 4748 γνωριεῖν,

333 4833 361 4874 ν.
374 4815 400 4871 θ.
411 4815 478 4874 vat
491 4815 517 4886 5,
530 4815 573 4871 12.
586 4815 684 4872 Facile
695 4814 846 4873 invehitur
861 4815 925 4890 ipsa
937 4820 984 4874 tot
995 4816 1051 4874 eri·
1127 4834 1156 4875 v.
1168 4818 1195 4887 Θ,
1207 4817 1233 4872 θ.
1247 4815 1314 4874 Vat.
1329 4815 1371 4870 10.
1391 4813 1486 4882 Quam
1503 4813 1665 4887 psalmista
1682 4818 1786 4884 erogat
1801 4827 1846 4868 re·

297 4901 425 4958 minibus
435 4900 596 4974 impetitus,
606 4901 748 4959 οᾶνετεαε
757 4919 914 4976 perversos
921 4903 1051 4980 Scriptu·
1093 4907 1149 4973 cte,
1161 4902 1226 4976 ipse
1242 4901 1388 4974 interpres
1405 4899 1523 4958 landem
1536 4916 1608 4957 sane
1618 4905 1749 4957 meretur
1760 4903 1847 4956 διδασ-

297 4986 834 5130 ταεαηίιίηῦοτφεροίοε.1ίεεθίαν.θθ.
1093 4991 1414 5060 mmmmmdc-

334 5089 362 5132 ν.
394 5112 401 5128 .
441 5078 480 5129 at.
530 5113 537 5130 .
