4006 6090
303 382 368 446 aaa
965 361 1194 456 'carcanus

349 521 405 588 Ἐν
419 533 464 610 τῷ
486 526 619 613 οθρανῷ,
643 527 712 594 ἀντί
733 537 788 594 τοῦ
811 529 844 594 ἐν
867 535 934 605 ταῖς
949 526 1052 613 ἁγίαις
1140 534 1184 595 Ιιι
1197 531 1281 611 σοῖο,
1300 529 1335 594 id
1351 532 1452 595 estin
1468 529 1541 611 ejus
1568 531 1695 594 sanctis
1712 530 1848 593 virtuti·

306 627 405 692 circo
419 628 595 716 δυνάμεσιν.
608 631 767 700 Τέτακται
781 634 842 718 γὰρ
854 634 961 698 ἐκεῖνα
976 632 1053 698 πίιν-
1096 635 1169 702 bus.
1197 637 1261 700 Illa
1284 635 1374 697 enim
1401 635 1516 697 omnia
1537 633 1673 696 firmata
1694 638 1784 711 sunt,
1808 637 1842 694 et

305 751 355 814 τα,
371 734 426 796 καί
448 734 577 819 οὐδεμία
599 736 694 821 λόγου
717 737 903 824 παράβασις.
921 734 1053 821 Οὐρανῷ
1096 742 1231 804 nullum
1247 741 1283 803 in
1299 742 1347 805 eis
1363 739 1504 802 verbum
1527 739 1685 818 praeterit.
1713 740 1757 802 Ia
1771 737 1844 801 cclc

306 835 449 922 δὲλέγω,
467 839 504 902 σὺ
520 841 563 924 μὴ
579 839 815 926 παρερχομένων,
836 841 921 906 ἀλλὰ
935 838 990 905 καί
1012 839 1054 917 ὡς
1097 848 1210 908 autem
1223 844 1308 924 dico,
1324 861 1392 907 non
1408 844 1466 906 illo
1483 841 1620 923 quidem
1637 841 1774 920 caduco,
1787 841 1846 904 sed

306 940 429 1026 είρηται
444 941 552 1027 θρόνος
567 945 647 1008 είνοιι
662 954 717 1009 τοῦ
733 944 826 1011 Θεοῦ.
843 944 882 1009 Ei
898 943 933 1008 δὲ
948 941 1053 1020 θέλεις
1097 948 1187 1030 quod
1201 948 1326 1012 dicitur
1344 929 1442 1029 guasi
1457 947 1599 1010 thronus
1623 946 1693 1010 Dei.
1714 946 1748 1008 si
1764 960 1843 1006 vero

307 1044 528 1130 ἀκριδέσιερον
557 1047 721 1132 θεωρῆσαι
755 1050 791 1113 τό
817 1046 981 1133 εἰρημένον
1009 1055 1054 1133 τῷ
1097 1053 1247 1116 volueris
1276 1053 1425 1133 penitius
1455 1051 1581 1114 intueri
1612 1065 1801 1114 sermonem
1823 1065 1845 1109 a

306 1147 464 1235 προφήτῃ,
481 1149 608 1228 egerere
625 1172 677 1236 μοι
690 1153 732 1216 τόι
746 1152 875 1237 οθρόινια
889 1153 944 1215 καί
967 1153 1007 1216 τὰ
1022 1151 1053 1214 ὲ·
1097 1157 1260 1240 propheta
1278 1157 1550 1237 pronunciatum,
1567 1152 1742 1218 considera
1761 1151 1846 1213 mihi

307 1252 432 1338 πίνειν·
448 1253 577 1339 ῡῦδεμίν
591 1253 769 1338 πανᾶὅασῑς
785 1263 842 1338 τῆς
857 1251 994 1338 ἡλιακῆς
1009 1274 1055 1318 κι-
1098 1262 1248 1325 coelestia
1263 1265 1297 1323 et
1315 1265 1466 1338 terrena;
1490 1259 1585 1321 nulla
1607 1255 1846 1339 praetermissio

307 1356 437 1442 νήσεως,
461 1357 545 1422 ἀλλὰ
560 1360 613 1423 τόν
635 1359 751 1445 θρόμον
770 1361 868 1425 αῦτοῦ
891 1357 1056 1443 ἀπαραῦό-
1099 1368 1151 1429 est
1165 1369 1277 1428 motus
1288 1365 1419 1443 solaris,
1435 1363 1493 1428 sed
1509 1379 1646 1426 cursum
1662 1377 1764 1424 suum
1775 1378 1845 1424 ser·

307 1481 368 1539 τως
390 1471 496 1546 τηρεῖ·
518 1462 565 1526 ἴδε
580 1463 634 1526 καὶ
650 1471 706 1548 τίς
730 1461 866 1548 σελήνης
889 1466 961 1540 τοὺς
984 1463 1054 1548 δρὸ-
1097 1474 1157 1534 vat
1171 1469 1351 1532 intermitti
1363 1468 1530 1546 nescium3
1546 1464 1622 1528 vide
1636 1465 1739 1528 etiam
1750 1465 1842 1526 luna

309 1587 387 1651 μους
405 1567 460 1629 καί
475 1566 560 1644 τάξιν
579 1567 634 1629 καὶ
657 1563 819 1652 σχήματα,
839 1565 953 1649 ἂνάὸα,
977 1568 1057 1653 μετὰ
1098 1575 1271 1638 curricula
1285 1577 1320 1636 et
1341 1571 1493 1634 ordinem
1516 1576 1549 1634 et
1564 1569 1712 1649 figuras3
1728 1584 1844 1631 ascen·

310 1678 421 1752 ταῦτα,
438 1671 492 1733 καί
507 1670 559 1734 ἐπὶ
573 1679 646 1746 τοῦς
662 1667 797 1754 ἀστέρας
808 1673 862 1737 καί
874 1673 932 1757 τὴν
943 1671 1057 1756 λοιπὴν
1099 1679 1140 1743 de
1170 1694 1270 1759 porro
1295 1675 1338 1740 ad
1363 1676 1473 1739 sidere
1501 1679 1535 1737 et
1561 1675 1727 1754 reliquam
1754 1687 1845 1734 orea-

308 1780 429 1855 κτθῦῑνι
453 1774 508 1836 καὶ
522 1770 665 1857 ef’eim
688 1773 815 1839 ἅπαντα
835 1772 979 1860 τῷλόγῳ
1001 1783 1057 1839 τοῦ
1099 1782 1235 1860 tionem,
1253 1784 1288 1842 et
1308 1779 1463 1842 invenies
1485 1778 1599 1840 omnia
1624 1793 1665 1839 en
1683 1775 1786 1839 verbo
1809 1779 1844 1838 et

307 1876 580 1962 διακοσμήσαντος
597 1875 769 1963 ἰθυνόμενα.
1098 1891 1263 1969 apparatu
1280 1885 1446 1948 creatoris
1459 1886 1620 1964 perpetuo
1636 1881 1751 1960 dirigi.

352 1981 417 2049 Καί
440 1984 506 2069 μετ’
517 1981 619 2069 ὀλίγα.
642 1984 682 2050 Εἰ
700 1985 734 2050 δὲ
753 1987 824 2069 περὶ
847 1982 945 2071 όιγίων
967 1983 1058 2050 δυνά·
1142 1991 1270 2069 sipost
1283 1988 1406 2069 aliqua.
1423 1989 1457 2050 Si
1472 1992 1587 2050 autem
1602 1986 1666 2050 hoc
1681 1985 1722 2049 de
1748 2001 1843 2048 sanc-

310 2111 392 2176 μεων
406 2091 477 2174 φῂς,
501 2088 645 2177 ἀγγέλων
661 2093 742 2176 φημί
761 2093 815 2156 καί
838 2089 1056 2177 ἀρχαγγέλων,
1098 2097 1144 2160 tis
1159 2093 1382 2177 potestatibus
1402 2091 1538 2170 dixeris,
1559 2090 1600 2153 de
1625 2089 1770 2168 angelis,
1799 2089 1849 2152 in·

308 2193 415 2271 κνλῶς
431 2196 503 2278 pls·
518 2193 662 2280 ἀκίνητοι
675 2197 747 2280 γὰρ,
764 2195 884 2281 μᾶλλον
904 2195 939 2260 δὲ
955 2192 1059 2260 δυσκί-
1100 2218 1213 2282 quam,
1229 2205 1263 2264 et
1277 2197 1503 2276 archangelis,
1519 2195 1606 2259 belle
1618 2194 1712 2258 dicis.
1726 2195 1848 2255 Immo-

309 2297 399 2382 νητνῑ
413 2300 489 2364 εἰσιν
504 2301 580 2384 πρὸς
602 2301 637 2364 τὸ
658 2301 777 2365 κακόν·
800 2310 892 2364 τοῦτο
916 2302 977 2385 γὰρ
993 2297 1058 2363 πεί·
1100 2307 1185 2371 biles
1200 2305 1291 2368 enim
1307 2306 1397 2382 sunt,
1414 2303 1517 2365 immo
1531 2301 1575 2364 ad
1591 2299 1719 2362 malum
1737 2313 1844 2376 reger-

310 2402 355 2468 θει
372 2424 410 2489 με
425 2401 528 2489 λέγειν
544 2405 561 2468 ό
575 2405 680 2469 πεσὼν
695 2403 853 2488 ἑωσφόρος
865 2403 903 2467 δι’
915 2405 1056 2488 ἔπαρσιν,
1100 2411 1185 2473 rime
1201 2408 1374 2490 propensi3
1398 2406 1433 2470 id
1449 2404 1539 2486 quod
1561 2403 1673 2466 dicere
1695 2418 1749 2464 me
1764 2417 1855 2479 sug«

310 2508 379 2572 ἐπεί
394 2510 453 2572 οῦκ
468 2508 537 2591 ἔχει
556 2509 609 2572 τὸν
624 2506 720 2592 λόγον
735 2517 791 2571 τοῦ
808 2506 901 2574 Θεοῦ.
926 2505 981 2584 Τίς
995 2508 1058 2592 γὰρ
1101 2515 1193 2592 gerit
1206 2511 1341 2576 Lucifer
1356 2513 1424 2589 ille,
1440 2510 1556 2590 lapsus
1571 2525 1631 2589 per
1641 2506 1846 2588 superbiam,

310 2613 432 2697 μετοχὴ
456 2611 637 2695 δικαιοσύνη
653 2613 707 2676 καὶ
730 2608 861 2696 ἀνομίαι
883 2610 1000 2688 Καλῶς
1023 2611 1058 2674 δὲ
1101 2618 1203 2682 verbo
1219 2617 1344 2698 quippe
1360 2615 1422 2679 Dei
1437 2615 1630 2678 destitutus.
1647 2609 1849 2687 «Quaenim

311 2716 371 2781 οὐκ
384 2716 428 2792 εἰς
443 2718 497 2780 τὸν
513 2713 969 2800 αἰῦνατῶναῑὼνωνῆεῑιτὸν
985 2715 1058 2780 alo·
1102 2722 1315 2806 participatio
1341 2719 1484 2800 justitie
1510 2735 1589 2781 cum
1615 2713 1850 2796 iniquitates»

312 2821 560 2900 coronalem,
581 2819 665 2884 ἀλλὰ
681 2819 725 2896 εἰς
746 2823 800 2884 τόν
823 2819 931 2902 αἰῶνα,
950 2817 1058 2902 Κύριε,
1102 2831 1187 2907 Apte
1210 2829 1324 2888 autem
1347 2841 1415 2886 non
1438 2823 1474 2885 in
1497 2823 1622 2884 saecula
1637 2821 1850 2896 saeclorum,

313 2921 440 3010 όλόγος
462 2946 519 2989 σου
542 2923 679 3009 διαμένει
701 2922 792 3008 ἐντῷ
815 2923 956 3008 οὐρανῷ·
979 2923 1060 3008 μετὰ
1103 2932 1159 2993 rel
1173 2929 1382 2993 insaeculum
1405 2927 1531 3004 saeculi,
1557 2925 1615 2988 sed
1636 2925 1848 3001 incoatum,

313 3030 376 3115 γὰρ
390 3031 444 3094 τὸν
459 3029 557 3094 οιίῦνοι
573 3030 590 3095 ὁ
606 3030 736 3114 οῦρανός
747 3029 802 3092 καί
816 3025 837 3110 ἡ
853 3035 895 3111 γῆ
910 3026 1061 3112 παρελεό·
1102 3032 1249 3112 Domine,
1265 3029 1501 3095 ambroniacam
1512 3032 1683 3108 ,cormarici
1707 3030 1745 3092 io
1770 3025 1827 3092 σαί
1846 3073 1853 3088 .

311 3154 429 3198 σονται.
452 3132 508 3198 Ἐν
531 3135 576 3212 οίς
598 3131 634 3198 δέ
652 3133 769 3198 ἑστινό
790 3132 885 3217 λόγος
907 3129 1060 3218 διαμένων
1104 3141 1189 3202 Nam
1204 3141 1280 3219 post
1291 3137 1465 3214 seculum,
1477 3135 1600 3197 coelum
1613 3137 1648 3196 et
1659 3137 1749 3195 terra
1764 3137 1856 3193 tran-

312 3237 466 3321 (δυνατὸν
488 3238 550 3322 γὰρ
573 3236 691 3303 τέλειον
714 3237 803 3316 είναι,
827 3237 981 3301 δοκοῦντα
1004 3236 1061 3322 μὲν
1104 3243 1230 3306 sibunt.
1263 3242 1301 3304 ln
1333 3239 1457 3320 quibus
1488 3243 1602 3301 autem
1634 3241 1685 3300 est
1713 3234 1855 3298 verbum

312 3340 363 3405 ἐπὶ
377 3349 438 3425 γῆς
452 3341 628 3427 τυγχάνειν,
650 3343 686 3405 τὸ
701 3340 736 3404 δὲ
757 3338 931 3426 πολίτευμα
945 3342 1062 3426 ἔχοντα
1104 3362 1305 3429 permanens
1320 3343 1500 3428 (perfectus
1517 3346 1631 3404 autem
1648 3357 1720 3404 esse
1745 3341 1857 3420 potest

311 3443 346 3508 ἐν
358 3445 402 3529 τί)
414 3446 560 3530 diali),
576 3447 674 3522 corae
690 3443 774 3509 ἐστὶν
789 3445 823 3510 ἕν
835 3445 941 3521 αὐτοῖς
953 3446 1007 3509 καὶ
1019 3442 1061 3521 ὡς
1104 3455 1163 3534 qui
1179 3452 1313 3516 videtur
1328 3452 1364 3513 in
1396 3453 1487 3512 terra
1507 3447 1642 3526 degere,
1668 3445 1728 3510 sed
1754 3442 1854 3523 cujus

312 3549 347 3614 ἐν
362 3549 484 3634 Οὐρανῷ
498 3547 520 3632 θ
536 3547 680 3633 &diem-
1104 3557 1314 3622 conversatio
1336 3556 1372 3618 in
1398 3553 1492 3616 coelis
1515 3549 1586 3633 est),
1613 3550 1729 3614 eodem
1752 3547 1852 3610 modo

1104 3661 1285 3725 habitatin
1301 3660 1350 3722 eis
1365 3658 1501 3734 veritas,
1524 3656 1612 3719 sicut
1628 3654 1664 3718 in
1680 3654 1774 3716 coelo.

356 3777 388 3823 ν.
405 3760 457 3823 90.
473 3757 529 3835 nte
551 3760 664 3844 γενεὰν
679 3759 734 3822 καί
753 3756 902 3843 γενοίινὴ
926 3755 1061 3842 ἀλήθειά
1147 3783 1179 3828 v.
1196 3767 1248 3828 90.
1262 3761 1555 3846 regenerationem
1570 3763 1601 3823 et
1617 3757 1854 3840 persecutionem

312 3882 387 3927 σου·
403 3861 613 3948 ἐθεμελίωσας
628 3865 686 3949 τὴν
701 3872 773 3948 γῆν,
788 3865 843 3927 καὶ
858 3861 1005 3948 διαμένει.
1103 3870 1225 3936 emtas
1237 3872 1303 3946 trra,
1313 3864 1473 3948 fundasti
1487 3868 1617 3942 ulrum,
1633 3865 1664 3926 et
1671 3861 1850 3942 ρεννιονιεί.

356 3965 418 4031 Δόο
444 3967 503 4032 εἰσί
522 3968 629 4050 γενεαί
651 3966 684 4030 αί
710 3964 899 4052 χωρήσασαι
920 3968 979 4052 τὴν
1004 3975 1059 4030 τοῦ
1147 3975 1231 4038 Dure
1245 3976 1327 4036 sunt
1341 3969 1590 4048 generationes,
1614 3983 1690 4046 quae
1713 3963 1857 4043 capiunt

312 4071 395 4139 Θεοῦ
409 4069 646 4155 &illececebra
658 4080 718 4138 τῦν
729 4069 889 4137 Ἰουδαίων
900 4071 987 4153 λαός,
999 4071 1016 4135 ό
1028 4071 1058 4135 ἔ·
1103 4078 1164 4144 Dei
1180 4077 1369 4153 veritatem,
1400 4071 1529 4135 scilicet
1555 4071 1700 4151 populus
1720 4064 1854 4132 Judeo-

311 4196 379 4263 χων
394 4176 446 4240 τόν
461 4175 557 4261 νόμον
571 4178 626 4240 καὶ
642 4174 816 4260 προφήτας,
832 4178 887 4240 καί
903 4172 1059 4260 ἐκκλησία
1103 4198 1191 4258 rum,
1208 4179 1267 4260 qui
1283 4179 1394 4255 legem
1422 4174 1525 4238 habet
1540 4179 1641 4254 atque
1663 4172 1854 4253 prophetas,

311 4280 345 4361 ἐξ
367 4281 481 4348 ὲθνῦν·
503 4283 559 4346 καί
580 4283 665 4346 κατὰ
686 4283 745 4366 τὴν
768 4290 822 4346 τοῦ
845 4281 985 4366 Χριστοῦ
1009 4280 1061 4345 ἐκ·
1106 4290 1140 4350 et
1153 4283 1304 4348 Ecclesia
1318 4281 1485 4360 gentium.
1501 4277 1648 4359 Eiquod
1666 4279 1796 4358 spectat
1811 4273 1854 4336 ad

312 4385 447 4470 νλησίαν
463 4387 522 4449 οὐκ
544 4387 588 4462 εἰς
603 4388 714 4470 γενεὰς
736 4388 790 4450 καί
812 4388 923 4471 γενεὰς
944 4383 966 4469 ἡ
984 4384 1062 4470 ἀλή-
1108 4387 1232 4452 Christi
1247 4385 1444 4462 Ecclesiam,
1460 4384 1586 4446 veritas
1603 4381 1665 4444 Dei
1681 4397 1748 4442 non
1763 4384 1854 4442 tran-

313 4487 383 4554 θεια
397 4498 453 4554 τοῦ
468 4487 562 4570 Θεοῦ,
576 4488 648 4553 ἀλλ’
660 4490 703 4566 είς
713 4492 826 4575 γενεὰν
837 4491 895 4574 clv
907 4489 1062 4575 προτέραν
1107 4493 1152 4556 sit
1167 4493 1203 4555 in
1218 4489 1459 4570 generationes
1483 4493 1517 4550 et
1540 4486 1781 4566 generationes
1801 4499 1858 4545 va-

312 4694 356 4749 lta
367 4699 401 4749 ut
410 4711 517 4750 nomen
527 4699 627 4767 ponat,
641 4695 690 4750 ubi
703 4695 862 4752 scholiasta
881 4701 982 4751 noster
999 4711 1064 4768 per·
1106 4695 1236 4769 gundum
1255 4698 1334 4750 essct
1356 4697 1419 4748 tam
1442 4707 1508 4747 cunr
1530 4690 1653 4761 vulgato
1677 4667 1707 4743 in
1724 4685 1853 4760 psalmos

313 4780 413 4854 spicue
438 4781 576 4850 ostendit,
599 4781 699 4836 dicens
719 4789 766 4837 καί
787 4787 842 4852 μετ’
862 4785 950 4852 όλῑγα,
972 4781 1064 4837 conti·
1110 4777 1479 4851 Athanasioffaldedubioe
1492 4775 1687 4845 auctoritatis,
1695 4793 1782 4847 quam
1792 4791 1859 4828 cum

313 4885 402 4923 nuam
410 4868 516 4924 seriem
526 4867 662 4939 Origenis
673 4869 730 4924 sibi
743 4875 811 4924 aute
822 4870 921 4924 oculos
933 4868 1063 4944 praefigi3
1108 4884 1262 4942 anonymo,
1275 4884 1362 4939 quem
1373 4865 1462 4921 toties
1476 4861 1631 4919 Gordcrius
1641 4861 1673 4916 in
1684 4860 1781 4916 locum
1792 4859 1859 4917 ori·

314 4952 464 5009 dominum
476 4960 620 5026 practerea
637 4972 722 5011 suum
741 4955 849 5011 clamat
859 4953 1063 5012 commentarii
1106 4957 1192 5030 genis
1204 4954 1366 5024 accersivit,
1379 4952 1470 5008 etiam
1481 4950 1532 5007 ubi
1544 4949 1656 5005 scholia
1667 4965 1720 5022 per
1734 4963 1765 5003 se
1777 4947 1858 5002 clara

315 5039 437 5096 indoles.
1102 5046 1240 5114 ignotum
1261 5038 1453 5112 interpretem
1473 5035 1633 5093 nominant.
1651 5033 1799 5093 Caeterum
1815 5034 1860 5090 ul·

349 5145 378 5184 ν.
390 5129 433 5184 θθ.
447 5127 514 5184 Vat.
527 5127 552 5197 ό,
565 5129 608 5199 11,
621 5129 663 5184 16.
676 5127 698 5186 J
699 5145 752 5184 can
768 5129 792 5200 1,
805 5145 824 5185 1.
837 5127 896 5184 Hic
906 5145 978 5188 vero
999 5127 1058 5184 liti-
1103 5127 1179 5186 tima
1191 5127 1247 5184 soli
1259 5125 1341 5184 codd.
1355 5123 1451 5181 nostri
1463 5121 1581 5180 habeut
