4044 6104
853 430 1058 498 cosumus
1662 429 1727 495 415

187 567 247 637 ίαν
259 571 283 657 ὴ
297 568 423 656 Ἰησοῦν
437 569 493 636 τὸν
506 566 675 656 λεγόμενον
687 567 842 654 lipia-:dm
856 567 934 655 ᾐτή-
978 573 1104 636 Pilato:
1123 591 1140 632 ι
1157 573 1263 648 Quem
1274 569 1379 635 vultis
1395 569 1490 635 vobis
1501 569 1669 636 dimittam
1682 587 1725 635 ex

188 694 284 740 σαντο
300 672 495 760 ἀπολυθῆναι
507 675 564 760 μὲν
575 677 629 740 τὸν
640 671 822 759 Βαραὸὃαν,
833 677 888 740 τὸν
899 674 935 739 δὲ
979 674 1120 755 duobus,
1136 675 1333 755 Barabbam,
1350 692 1394 737 an
1408 677 1529 739 ,iesum
1550 677 1613 756 qui
1632 676 1730 740 Chri·

188 777 313 864 Ἰησοῦν
335 776 689 862 &solemmacensis
711 797 746 844 τε
762 776 859 844 ίὸίιυν
880 777 936 842 καί
979 780 1077 843 stusl
1104 799 1122 838 ν
1148 782 1363 858 rogum
1376 779 1502 842 dimitti
1528 779 1727 859 Barabbam,

188 881 335 966 ἔκραζον,
357 883 417 967 τὴν
439 881 559 947 ἑαυτῶν
579 878 763 967 ἀντιλογίαν
784 881 939 948 ἔνδιιινί-
979 885 1098 946 desum
1114 886 1228 946 autem
1254 881 1476 964 pessumdari,
1490 901 1530 946 ac
1550 884 1729 948 vehemen-

189 1005 286 1072 μενοι,
308 985 363 1050 dut
383 987 438 1050 καί
457 983 621 1070 εἰρηκότος
641 985 792 1052 Πιλάτου·
814 983 935 1062 Ἀθῶός
979 990 1032 1049 ter
1047 985 1577 1066 clamabantetvooilerabantur,
1590 987 1727 1050 illorum

189 1090 253 1176 εἰμι
267 1088 330 1154 ἀπὸ
344 1097 400 1154 τοῦ
415 1090 547 1174 αἵματος
561 1088 682 1154 τούτου.
693 1087 797 1176 Ὑμεῖς
809 1087 937 1174 ὄψεσθε·
981 1089 1280 1154 contradictionem
1288 1107 1386 1153 suam
1396 1093 1614 1170 ostentantes,
1623 1108 1730 1172 quan-

190 1191 370 1277 ίιποιιριθείς
385 1193 402 1255 δ
417 1191 494 1270 λαὸς
509 1193 605 1257 είπεν·
622 1192 667 1259 'lo
684 1191 763 1278 αίμα
778 1190 937 1278 αῦτοῶέφ’
981 1193 1023 1256 do
1034 1195 1136 1257 etiam
1149 1193 1281 1257 dicente
1294 1194 1451 1257 Pilatozs
1473 1196 1639 1258 Innocens
1649 1213 1726 1259 sum
1768 1255 1770 1261 ,

190 1293 276 1382 ἡμᾶς
290 1297 346 1361 καί
360 1296 412 1360 ίπί
425 1297 466 1360 τοι
480 1295 578 1362 τέκνα
591 1294 691 1383 ἡμῶν.
707 1295 801 1362 Τοῦτ’
813 1298 868 1362 οὖν
883 1295 938 1361 ad-
982 1299 1183 1376 asanguine
1198 1297 1311 1378 hujus.
1327 1298 1394 1362 Vos
1409 1298 1521 1362 videte
1534 1299 1541 1360 Ι
1560 1319 1576 1357 υ
1591 1315 1729 1380 respon-

191 1409 235 1487 τῷ
257 1411 301 1488 τῷ
322 1397 402 1486 desp
423 1400 583 1487 Πνειίματι
604 1400 829 1488 προθειορήσας
844 1401 862 1467 ὁ
876 1401 937 1468 Δα-
983 1402 1226 1483 denspopulus
1242 1403 1370 1466 aiebat:
1390 1401 1657 1480 «sanguisejus
1673 1419 1732 1466 su-

192 1505 250 1587 υίδ,
267 1507 395 1591 εὔχεται
417 1503 567 1590 ρυσθῆναι
589 1505 652 1572 ἀπὸ
674 1515 736 1572 τῶν
755 1506 938 1592 ἀντιλογιῶν
983 1524 1044 1588 per
1055 1523 1115 1570 nos
1128 1509 1162 1570 et
1169 1523 1271 1586 super
1282 1505 1551 1570 illiosnostros.»
1569 1507 1649 1580 Qum
1665 1507 1731 1584 igi·

191 1618 246 1674 τοῠ
268 1609 358 1692 λαοῦ,
374 1610 425 1674 ίνα
441 1607 563 1695 μήποτε
586 1609 684 1675 αὐτοῦ
706 1609 728 1695 ἡ
754 1611 840 1698 ψυχὴ
859 1614 939 1697 μετὰ
982 1611 1087 1674 turin
1109 1611 1226 1674 eodem
1244 1610 1359 1673 divino
1382 1611 1510 1691 Spiritu
1522 1611 1629 1674 David
1655 1628 1728 1692 pro-

191 1713 245 1776 τὸν
266 1711 407 1777 θάνατον
430 1711 710 1800 αιγνιαταριθμτγθῇ
726 1722 766 1800 τῇ
782 1723 839 1779 τοῦ
855 1713 938 1782 Θεοῦ
982 1715 1140 1797 spiciens,
1155 1718 1256 1794 rogat
1270 1714 1356 1796 eripi
1366 1714 1407 1778 de
1413 1715 1530 1795 populi
1543 1712 1726 1778 contradic·

190 1813 365 1902 δυσσεὸείρ.
381 1815 435 1881 Διὸ
452 1815 577 1902 ἔλεγεν·
594 1817 693 1884 Ρῶσαί
705 1839 744 1904 μα
755 1819 940 1905 ἀντιλογιῶν
982 1818 1143 1897 tionibus,
1170 1835 1212 1881 ue
1239 1835 1390 1899 unquam
1413 1820 1528 1882 anima
1553 1837 1627 1900 sua,
1653 1825 1731 1902 post

192 1917 282 2003 λαοῦ,
298 1920 353 1983 καί
363 1921 480 2004 προιίυν
494 1919 567 2004 ἑξῆς
578 1919 672 2012 πάλιν
684 1918 772 2006 φησί·
789 1919 867 2006 [ltu
882 1922 938 1988 αλ-
983 1924 1136 2000 mortem,
1151 1927 1414 1986 connumeretur
1434 1922 1470 1984 in
1482 1923 1546 1986 hac
1567 1925 1733 1988 adversus

194 2021 309 2108 λίιριοι
338 2023 513 2109 ίψεύσαντό
536 2025 617 2110 μοι].
640 2023 706 2090 Πολ
729 2024 889 2110 ἀλλότριοι
909 2025 941 2090 ἐ·
983 2025 1092 2087 Deum
1108 2022 1290 2104 impietate.
1306 2023 1384 2088 Ideo
1399 2025 1550 2089 dicebat:
1568 2027 1669 2107 Ενίρσ
1682 2045 1732 2091 otc

195 2126 434 2215 παλαιιίιθησαν,
450 2131 506 2194 καί
527 2125 694 2214 ὲχὼλαναν
718 2128 781 2194 ἀπὸ
796 2139 857 2196 τῶν
877 2128 941 2217 τρί·
983 2125 1331 2193 &recrudescentem
1335 2127 1461 2208 papali.
1473 2131 1517 2192 Et
1530 2147 1730 2211 progressus

194 2229 256 2296 ὁιυν
271 2233 383 2298 αὐτῶν.
629 2273 633 2284 ·
983 2247 1092 2314 porro,
1125 2249 1245 2295 rursus
1270 2233 1501 2313 persequitur:
1516 2232 1602 2298 lilii
1629 2233 1732 2298 oleat

983 2331 1114 2399 micci
1126 2339 1203 2399 αυιί
1224 2334 1316 2400 milri.
1338 2335 1424 2399 Filii
1438 2335 1541 2401 σῖτ’σαί
1561 2337 1734 2403 immorati

983 2441 1071 2520 mat,
1090 2443 1122 2504 ct
1146 2438 1409 2506 clocdt'ccoctuat
1423 2457 1444 2505 c
1457 2442 1582 2508 semitis
1595 2444 1677 2510 scis.

236 2539 326 2623 Υίοίς
342 2541 400 2631 μὲν
421 2541 483 2631 γὰρ
499 2542 612 2624 αὖτοὺς
635 2541 786 2634 ὀνομάζει
808 2543 861 2612 διὰ
882 2547 943 2632 τὴν
1028 2543 1135 2609 Filios
1150 2543 1288 2625 quidem
1303 2561 1360 2608 eos
1375 2545 1565 2628 compellat,
1577 2545 1619 2610 ob
1631 2563 1739 2624 gene-

193 2648 372 2733 τοῦγένους
395 2647 547 2736 διαδοχὴν
568 2650 624 2715 καί
646 2651 681 2716 τὸ
703 2649 829 2738 σπίρμα
849 2652 884 2716 τὸ
907 2648 942 2731 ἒξ
986 2649 1034 2714 ris
1045 2649 1292 2714 successionem
1305 2654 1339 2712 ct
1349 2667 1465 2714 semen
1477 2649 1640 2732 Abrahae3
1656 2651 1736 2716 clic-

192 2749 359 2838 ‘Adpcdp·
382 2750 564 2837 ἀλλοτρίους
579 2754 615 2819 δὲ
629 2753 726 2820 καλεῖ
740 2753 792 2821 διὰ
806 2757 860 2821 τὸν
873 2752 943 2840 τρί-
985 2771 1044 2836 noe
1080 2759 1195 2818 autem
1225 2758 1325 2816 vocat
1350 2752 1392 2817 ob
1421 2771 1554 2818 morum
1577 2755 1735 2819 indolem.

195 2873 264 2922 πον.
288 2855 484 2923 Μεταὸαλὼν
505 2857 541 2921 δὲ
563 2859 615 2924 ἐπί
636 2860 673 2924 τὸ
695 2855 803 2944 ἕτερον
823 2858 941 2945 τάγμα,
986 2859 1167 2922 Transiens
1181 2862 1295 2920 autem
1321 2856 1365 2920 ad
1394 2859 1540 2921 alterum
1571 2858 1734 2940 ordinem,

195 2959 372 3026 λευκότατα
383 2962 441 3046 τὴν
451 2971 513 3027 τῶν
524 2962 620 3028 ἐθνῶν
633 2971 855 3048 προαναιριυνεῐ
865 2962 943 3049 κλῆ-
986 2961 1255 3026 luculentissime
1280 2962 1439 3040 gentium
1460 2963 1671 3027 vocationem
1701 2964 1738 3028 in

195 3081 245 3128 σιν
258 3064 313 3127 καί
327 3064 386 3148 τὴν
401 3059 580 3150 μέλλουσαν
601 3065 676 3152 παρ’
687 3065 793 3144 αὐτοῖς
815 3075 879 3145 τοῖς
895 3066 943 3133 id·
986 3071 1199 3130 antecessum
1218 3067 1413 3147 proclamat,
1432 3084 1473 3130 ac
1501 3067 1571 3131 fore
1588 3071 1628 3130 ut
1654 3067 1740 3156 ipsis

195 3184 278 3232 νεσιν
293 3165 504 3260 ἀπονίμεσθαι
528 3171 582 3234 οιαὶ
604 3171 663 3256 τὴν
685 3165 787 3257 τιμήν·
803 3169 850 3235 διό
866 3190 944 3256 φησι
987 3169 1150 3248 gentibus
1175 3170 1277 3232 etlam
1308 3167 1416 3234 honor
1440 3170 1650 3236 decernatur.
1681 3174 1739 3236 Ait

197 3269 210 3354 [
218 3317 315 3334 ......
339 3269 405 3356 Κα]
421 3268 587 3354 νοστήσεις
611 3291 650 3357 pr
669 3271 714 3350 είς
735 3272 880 3359 κεφαλὴν
895 3273 944 3340 lll-
988 3287 1121 3351 ergos..
1143 3271 1322 3338 Constitutus
1336 3289 1386 3337 ιιιο
1410 3273 1448 3336 ic
1462 3279 1559 3355 caput
1579 3275 1736 3357 pralium,

195 3375 275 3439 νῶν·
289 3372 366 3450 λαὸς
380 3374 416 3439 ὃν
431 3369 492 3439 οίικ
506 3376 614 3460 ἔγνυν,
630 3373 798 3441 emortuae
814 3396 876 3462 μοι,
899 3378 945 3454 είς
980 3374 1124 3457 populus
1139 3391 1232 3456 quem
1252 3393 1316 3440 ccc
1338 3378 1477 3458 copam,
1492 3379 1629 3444 remisit
1641 3379 1736 3459 midi,

198 3478 301 3563 ἀκοὴν
317 3475 408 3543 ὠτίου
425 3476 605 3562 ὑιτίριουσὲν
621 3491 681 3564 μοι.
704 3478 767 3545 Ὧν
780 3481 816 3544 τὸ
832 3478 944 3544 ἁποτέ-
987 3479 1026 3544 ic
1039 3478 1156 3543 auditu
1170 3478 1267 3544 acris
1279 3478 1414 3544 obedivit
1427 3482 1520 3546 mili.

195 3582 299 3668 λεσμα
313 3584 369 3648 καί
383 3580 405 3666 ἡ
421 3591 483 3648 τῶν
497 3581 600 3668 λόγων
622 3580 759 3666 ίκὸασις,
775 3583 827 3648 διὰ
842 3593 899 3669 της
914 3584 944 3650 ἐ·
1034 3584 1114 3658 Quae
1136 3582 1275 3646 oracula
1300 3583 1349 3647 ita
1364 3583 1485 3648 effectu
1508 3591 1543 3650 et
1557 3587 1651 3650 exitu
1678 3587 1739 3651 im·

196 3684 337 3773 νεργείας
351 3685 556 3772 θεῶρουμένη
572 3695 628 3752 τοῦ
644 3684 736 3772 ἁγίου
751 3686 944 3774 Πνείματος,
988 3687 1080 3768 pieta
1101 3688 1193 3764 sunt,
1211 3702 1271 3765 per
1291 3685 1475 3750 efficaciam
1490 3691 1577 3753 sacri
1593 3692 1739 3772 Spiritus

195 3799 359 3857 πιστοῦται
383 3792 443 3877 τὴν
473 3789 657 3878 πρόγνωσιν.
689 3787 743 3870 Ι1“ίς
771 3794 834 3878 γαρ
864 3789 945 3877 ὁρῶν
989 3789 1152 3873 propheta
1178 3791 1296 3872 procul
1322 3792 1558 3874 prospiciente,
1589 3797 1627 3858 ut
1656 3793 1740 3860 fides

197 3895 270 3962 καθ’
291 3895 368 3981 ὅλης
390 3903 448 3982 τῆς
472 3894 726 3980 τῶνάνθρώπων
748 3895 945 3982 οἰκουμένης,
989 3895 1150 3958 vaticinio
1177 3896 1380 3976 imponatur.
1396 3897 1477 3971 Quis
1503 3898 1605 3981 enim,
1621 3899 1651 3962 si
1677 3917 1738 3980 per

75 4019 97 4106 ’ἱ
197 3999 284 4084 παρά
299 4020 334 4063 τε
348 3996 526 4082 Βαρδάροις
540 3999 595 4062 καί
606 4000 694 4083 παρὰ
705 4007 769 4076 τοῖς
780 3993 947 4084 Ἕλλησιν,
991 3999 1190 4061 universum
1206 3997 1321 4062 orbem
1348 3999 1534 4081 hominum,
1550 4003 1622 4066 sive
1649 4003 1740 4084 apud

175 4105 239 4170 1τίι
253 4102 327 4187 ἔθνη
351 4102 466 4185 πάντα,
486 4099 619 4188 παντοίᾳ
640 4101 765 4188 γλώττῃ
781 4105 836 4168 καί
857 4113 947 4191 φωνῇ
989 4100 1160 4183 barbaros,
1186 4103 1258 4165 sive
1276 4102 1366 4184 apud
1393 4103 1537 4184 Graecos,
1564 4108 1662 4170 oculo
1689 4109 1745 4171 lu·-

198 4208 264 4276 ἄνω
286 4207 342 4271 ιιαί
362 4204 451 4270 κάτον
473 4213 512 4290 τῇ
536 4204 642 4292 μνήμῃ
663 4206 871 4293 περιφέροντα
892 4209 947 4273 τὸν
991 4209 1077 4270 strat
1087 4222 1203 4270 omnes
1215 4208 1366 4288 populos,
1379 4209 1438 4289 qui
1450 4226 1665 4293 quacumque
1677 4212 1741 4275 lin·

199 4309 306 4393 Δαυίδ,
330 4308 426 4374 αὐτοῦ
448 4329 483 4373 τε
497 4309 636 4394 τοῦνομα
657 4315 802 4397 τιμῶντα,
818 4313 874 4377 καί
889 4314 947 4391 τὰς
992 4327 1063 4388 gua
1085 4314 1120 4374 et
1138 4327 1229 4392 voce,
1251 4328 1398 4392 sursum,
1418 4312 1584 4394 deorsum,
1596 4317 1739 4378 circum-

200 4414 297 4478 αὐτοῦ
328 4413 433 4497 ριυνίις
460 4409 648 4497 περιέποντα
673 4413 707 4478 ἐν
736 4415 852 4494 πάσαις
878 4426 947 4494 ταῖς
992 4413 1107 4476 ferunt
1143 4414 1313 4478 memoria
1341 4417 1614 4483 commendatum
1638 4421 1739 4483 Davi-

200 4517 340 4602 Χριστοῶ
362 4511 555 4601 ἐκκλησίαις,
577 4518 633 4582 τὸν
654 4514 689 4597 ἐξ
713 4519 812 4585 ἐθνῶν
832 4541 951 4606 συγκε-
992 4517 1082 4596 dem,
1096 4535 1286 4600 nomenque
1309 4516 1382 4598 ejns
1394 4519 1523 4584 honore
1534 4539 1743 4604 prosequun-

200 4615 395 4706 αροιημίνον
409 4617 498 4700 λαὸν,
513 4619 550 4683 ὃν
568 4617 717 4685 οὐδέποτε
729 4619 888 4706 γνώριμον
900 4623 949 4686 lo·
993 4625 1061 4699 tur,
1077 4622 1135 4702 qui
1152 4620 1225 4700 eJus
1243 4639 1346 4686 voces
1356 4624 1512 4687 intonant
1526 4643 1590 4706 per
1607 4626 1743 4690 univer·

201 4743 302 4810 γηιιεν
314 4723 332 4789 ὁ
344 4721 450 4805 Δαυὶδ,
463 4721 653 4788 δουλεύοντα
662 4732 734 4802 ταῖς
743 4723 838 4789 Δαυίδ
849 4725 949 4810 ὁμνιμ-
994 4741 1049 4788 sas
1072 4724 1198 4788 Christi
1217 4727 1395 4789 ecclesias:
1413 4728 1576 4808 ecquis,si
1589 4730 1747 4794 intuetur

202 4826 291 4911 δίαις,
299 4829 354 4893 καί
361 4825 563 4892 ὑπακούοντα
571 4829 625 4892 καὶ
633 4838 875 4914 συνυπρχοῠντα
882 4837 951 4908 ταῖς
995 4829 1159 4910 populum
1174 4845 1216 4891 er
1234 4829 1396 4907 gentibus
1412 4829 1607 4912 conflatum,
1622 4835 1745 4898 Davidi

203 4929 363 5015 πρόπαλαι
384 4930 436 4996 ὑπ’
455 4931 553 4995 αυτοῦ
578 4941 687 5017 γραφῇ
709 4930 952 5016 παραδοθείσαις
995 4935 1091 4998 nullo
1107 4933 1208 5013 signo
1223 4939 1351 5014 notum,
1364 4933 1475 4998 officia
1489 4939 1748 5019 servipraestan·

204 5031 410 5119 ψαλμιρδίαις,
434 5035 493 5098 οὐκ
507 5033 547 5099 ἂν
570 5033 852 5120 συνομαλογήοειεν
874 5035 951 5121 ἀλή-
996 5043 1066 5102 tem
1080 5037 1243 5101 davidicis
1259 5037 1395 5120 hymnis
1411 5043 1445 5104 et
1459 5041 1610 5122 canticis,
1624 5047 1746 5125 repeti-

204 5139 291 5205 θειαν
313 5146 377 5215 τοῐς
396 5137 628 5225 προκειμένοιςς
651 5138 789 5207 Δύναται
802 5139 837 5206 δὲ
853 5151 955 5208 ταῦτα
997 5146 1098 5224 toque
1110 5147 1214 5207 cantu
1228 5143 1425 5208 audientem
1445 5164 1484 5208 ae
1508 5147 1679 5231 reciproco
1696 5168 1750 5214 so
