4044 6104
884 489 1087 552 EUSEBNJS
1350 528 1352 534 ν
1685 495 1743 556 391

204 625 257 687 νδν
272 631 328 687 τοῦ
339 621 423 689 Θεοῦ
436 621 534 706 πόλει,
548 623 599 686 ὅτε
611 623 778 710 γενόμενος
790 624 950 709 άνθρυπσς
995 647 1074 696 oves
1101 635 1134 691 et
1161 629 1261 693 boves
1289 637 1322 694 et
1344 631 1509 712 jumenta,
1541 651 1687 716 avesque
1712 639 1744 696 et

204 728 238 792 ἐν
254 736 293 812 τῇ
310 726 453 813 βασιλείᾳ
467 737 528 792 τῶν
551 729 700 812 οὐρανῶν,
716 731 771 794 καί
790 732 951 806 καταστάς
998 733 1114 814 pisces,
1129 734 1253 798 eisdem
1278 736 1472 801 bominibus
1497 745 1666 801 reservata
1688 757 1739 802 sa-

206 827 311 895 ἐπίτὰ
326 833 405 917 ἔργα
424 839 485 896 τῶν
507 842 622 917 χειρῶν
644 843 699 898 τοῦ
717 833 812 917 Θεοῦ,
832 835 952 920 θεωρὸς
998 854 1040 898 ne
1064 843 1114 899 est
1129 855 1293 916 germana
1316 841 1450 918 angelis
1470 844 1540 904 vita
1564 843 1597 904 in
1615 843 1743 905 coelesti

204 937 293 999 ἔσται
320 936 422 1000 αὐτῶν
443 957 478 1000 τε
500 945 561 1000 τῶν
583 936 732 1021 οὐρανῶν,
761 935 898 1023 σελήνης
917 959 952 1002 τε
997 940 1134 1003 civitate
1157 942 1236 1020 Dei,
1260 943 1394 1022 quando
1419 949 1572 1024 receptus
1594 943 1693 1008 homo
1710 945 1743 1006 in

205 1041 260 1103 καί
275 1038 414 1124 ἀστέρων
437 1042 491 1104 καί
505 1049 567 1106 τῶν
584 1040 617 1106 ἐν
632 1043 774 1126 οὐρανοῖς
794 1043 951 1108 ἁπάντων.
998 1058 1142 1120 regnum
1159 1046 1331 1123 coelorum,
1343 1049 1377 1107 et
1394 1046 1572 1126 praelectus
1587 1047 1745 1128 operibus

205 1142 260 1209 Ἐν
279 1143 314 1208 δὲ
329 1154 367 1229 τη
384 1147 461 1230 πρὸς
476 1143 640 1229 Ἑῶραίσυς
657 1146 817 1232 ἐπιστολῇ,
834 1148 885 1211 ἐπὶ
900 1149 953 1213 τὸν
998 1161 1161 1208 manuum
1175 1148 1253 1226 Dei,
1266 1149 1402 1225 legatus
1418 1165 1608 1230 praesesque
1624 1149 1745 1213 borum

206 1257 335 1333 σῶτηρα
356 1247 529 1332 ἐξειληφῶς
544 1250 561 1314 ὁ
576 1248 670 1334 λόγος
692 1253 746 1315 καί
766 1250 820 1315 τά·
843 1249 954 1316 Πάντα
998 1251 1746 1331 eritcoelorum,lunaeetsiderumetomnium

206 1349 362 1430 ὑπέταξας
377 1352 526 1418 ὑποκάτω
537 1361 598 1418 τῶν
609 1353 713 1419 ποδῶν
729 1355 888 1436 αὐτοῠ,είς
900 1357 953 1419 τὸν
998 1369 1112 1416 rerum
1124 1373 1357 1436 supernarum.
1375 1360 1418 1419 At
1439 1359 1529 1421 enirn
1545 1359 1687 1440 epistola
1702 1357 1744 1420 ad

71 1488 76 1496 ·
207 1454 364 1540 μέλλοντα
379 1457 478 1522 αἰῶνα
491 1456 643 1541 προσάγει
654 1460 713 1543 τὴν
725 1457 875 1523 διάνοιαν.
892 1456 954 1521 lle-
999 1457 1156 1522 Hebraeos
1179 1477 1368 1523 sermonem
1395 1457 1571 1526 assumens
1595 1479 1637 1524 ex
1664 1462 1743 1525 hoc:

206 1561 247 1624 τὰ
262 1561 394 1645 γάρτην
417 1559 598 1625 συντέλειαν
620 1571 675 1626 τοῦ
699 1561 853 1644 παρόντος
877 1562 953 1648 βίου,
1003 1562 1116 1624 Omnia
1126 1563 1360 1642 adjectitium
1368 1563 1596 1645 pedibttsrjus,
1612 1569 1748 1628 senten·

205 1673 261 1728 τοῦ
288 1663 360 1730 νέου
383 1665 495 1740 αἰῶνος
521 1663 777 1750 ἑπιστησορίνου,
801 1663 874 1729 καθ’
884 1663 956 1754 δγὴ
1001 1667 1083 1729 tiam
1099 1669 1314 1748 persequitur
1339 1671 1373 1732 in
1395 1670 1548 1733 buturum
1574 1670 1748 1732 saeculum.

207 1767 351 1854 βασιλεία
372 1777 434 1833 τῶν
456 1769 596 1853 οὐρανῶν
618 1769 714 1853 καὶὴ
747 1766 880 1853 δευτέρα
901 1778 957 1832 τοῦ
1001 1773 1154 1851 Namque
1177 1771 1358 1852 profligato
1380 1773 1551 1836 curriculo
1571 1773 1746 1852 praesentis

207 1881 349 1956 σιιτηρσς
363 1871 454 1959 ἡμῶν
468 1874 522 1937 καί
537 1873 660 1953 ἔνδοξος
675 1874 849 1958 δεοφάνεια
860 1894 960 1957 προσ·
1002 1875 1091 1953 vitoe,
1107 1891 1214 1955 quum
1238 1893 1363 1939 novum
1387 1877 1625 1957 supervenerit
1646 1892 1749 1938 sacu-

206 1976 349 2054 δσκᾰται,
365 1976 470 2041 πάντα
491 1977 702 2042 ὑποτάσσεται
723 1979 809 2042 κατὰ
823 1980 881 2062 την
898 1976 957 2061 φη·
1001 1979 1083 2058 lum,
1092 1979 1126 2041 iu
1139 1997 1206 2059 quo
1219 1997 1365 2058 regnum
1378 1982 1539 2044 ciclorum
1552 1984 1587 2042 et
1597 1979 1745 2042 secundo

207 2099 310 2144 σασαν
342 2082 419 2163 πρὸς
450 2083 544 2146 αὐτὸν
573 2092 629 2147 τοῦ
662 2081 788 2167 Πατρύς
820 2083 955 2167 ἐπαγγε-
1000 2084 1183 2147 salvatoris
1196 2085 1302 2147 nostri
1315 2083 1747 2166 gloriosaquetheophania

207 2181 289 2248 λίαν·
305 2183 415 2248 Κάθου
429 2183 468 2249 ἐκ
483 2184 590 2264 δεξιῶν
602 2207 671 2272 μου,
687 2185 746 2264 ἕως
761 2186 800 2251 δν
823 2185 866 2251 θῶ
882 2187 954 2261 τοὺς
1000 2192 1206 2268 expectatur,
1222 2189 1337 2250 omnia
1352 2187 1586 2268 subjicientur,
1608 2193 1693 2252 teste
1710 2206 1750 2250 aa

206 2285 337 2372 ἐχθρούς
349 2310 405 2353 σου
417 2288 586 2354 ὑποπόδιον
601 2300 662 2354 τῶν
678 2291 782 2354 ποδῶν
797 2312 863 2355 σου.
999 2309 1075 2372 quae
1085 2293 1247 2373 adipsum
1259 2311 1280 2355 a
1292 2294 1390 2356 Patre
1401 2293 1579 2374 promissio
1592 2291 1748 2356 tacmest:

1000 2417 1016 2452 «
1029 2395 1112 2458 Sede
1125 2414 1145 2458 a
1160 2397 1288 2460 dextris
1305 2397 1400 2476 meis,
1421 2397 1526 2460 donec
1542 2413 1664 2478 ponam
1681 2397 1744 2459 ini·

999 2500 1102 2562 micos
1118 2505 1194 2564 tuos
1210 2502 1394 2565 scabellum
1411 2500 1535 2582 pedum
1551 2506 1698 2564 tuorum.
1714 2523 1731 2558 »
1821 2524 1824 2532 =

249 2621 280 2664 v.
297 2603 329 2666 o.
353 2601 403 2666 Τά
424 2605 551 2668 πετεινά
572 2613 628 2667 τοῦ
650 2605 784 2687 οὐρανοῦ
800 2606 855 2668 καὶ
877 2605 950 2680 τοὺς
1042 2619 1075 2665 v:
1092 2607 1121 2666 9.
1148 2604 1295 2669 Volucres
1309 2604 1381 2668 ccli
1394 2605 1542 2684 εἰρίοισι
1556 2606 1669 2666 πιανῶ.

88 2725 91 2734 ·
205 2705 315 2791 ἰχθύας
330 2714 387 2790 της
402 2705 582 2792 θαλάσσης.

250 2809 299 2875 Τά
310 2812 511 2896 πετεινὰμὲν,
519 2814 591 2888 τοὺς
603 2811 797 2897 ἐπηρμένους
809 2815 954 2878 νατίιτύν
1046 2813 1213 2892 volucres,
1241 2830 1362 2895 nempe
1386 2830 1443 2878 eos
1459 2815 1518 2893 qui
1541 2814 1577 2876 in
1593 2813 1665 2876 vita
1689 2832 1743 2876 su-

206 2913 273 2999 βίον
288 2919 344 2981 καί
358 2916 399 2980 τά
413 2915 522 3000 ὑψηλά
532 2927 820 3000 καταφρονοῦντας,
832 2919 905 2993 τοὺς
920 2917 956 2980 δὲ
999 2915 1159 2996 perbinnt
1188 2921 1222 2980 et
1250 2918 1411 2981 sublimia
1436 2916 1605 2996 affectant,
1635 2917 1746 2998 pisces

121 3059 125 3067 -
205 3019 425 3105 ἀλογωτάτσυς
441 3022 536 3106 φησίν
551 3019 670 3106 ἰχθύας.
999 3037 1079 3083 vero
1094 3021 1211 3100 signat
1224 3022 1378 3085 homines
1390 3021 1535 3086 rudioris
1551 3022 1692 3101 ingenii.

251 3146 281 3189 v.
307 3127 356 3190 10.
380 3125 488 3210 Κύριε,
511 3124 660 3209 ὁΚύριος
686 3123 785 3210 ἡμῶν,
809 3123 851 3202 ὡς
873 3124 952 3190 bno·
1042 3145 1073 3188 v.
1098 3125 1149 3188 10.
1166 3126 1310 3205 Domine,
1329 3127 1488 3190 Dominus
1505 3130 1623 3204 mater,
1648 3141 1746 3206 quom

207 3233 326 3313 μαστὸν
341 3229 441 3315 ὄνομά
456 3249 513 3294 σου
528 3229 562 3293 ἐν
577 3215 665 3313 πάσῃ
680 3239 720 3313 τη
735 3239 788 3313 γῇ.
997 3228 1188 3294 admirabile
1199 3247 1311 3294 υσιιιαι
1323 3235 1415 3293 ταυτα
1425 3231 1462 3294 iu
1473 3231 1627 3296 catomo
1638 3233 1747 3293 terra!

252 3333 297 3398 Τὸ
312 3334 411 3419 ὄνομα
426 3336 461 3398 τὸ
476 3333 656 3417 θαυμαστὸν
671 3333 692 3417 ἡ
709 3331 866 3417 παρουσία
887 3332 953 3397 ἐστὶ
1041 3335 1169 3397 Nomen
1185 3335 1383 3398 admirabile
1400 3339 1451 3398 eat
1470 3336 1638 3416 apparitio
1653 3335 1747 3397 Chri-

206 3447 262 3504 τοῦ
275 3437 426 3522 Χριστοῦ,
441 3437 462 3522 ἣ
480 3447 584 3503 πᾶσαν
595 3435 760 3522 ἐπλήρωσε
777 3439 835 3522 την
851 3439 953 3502 οίκου-
997 3440 1052 3519 sti,
1079 3457 1155 3521 quae
1185 3441 1383 3505 uuiversum
1407 3441 1590 3522 complevit
1620 3440 1744 3503 orbem.

207 3539 313 3626 μένην.
329 3542 543 3623 Διπλασιάζτι,
559 3544 594 3606 τὸ
613 3541 724 3627 θαῦμα
739 3539 951 3626 ἑκπληττύμε-
997 3543 1141 3607 Gemina
1155 3548 1208 3607 est
1223 3559 1288 3606 vox
1304 3544 1474 3624 prophetae
1491 3543 1694 3620 mirabundi,
1709 3549 1747 3604 ut

205 3667 267 3726 νος,
284 3645 327 3722 ῶς
342 3647 433 3730 ἔφην,
449 3646 500 3711 ἐπί
514 3656 552 3731 τῇ
574 3643 727 3731 γενομένη
751 3654 812 3709 τῶν
834 3644 954 3728 άνθρῶ-
996 3647 1078 3726 dixi,
1090 3647 1132 3710 0b
1147 3647 1259 3709 datam
1277 3646 1471 3710 hominibus
1483 3647 1544 3710 Dei
1559 3647 1745 3710 scientiam.

206 3770 272 3814 πυν
286 3749 474 3836 isopleura.

241 3991 268 4031 v.
281 3976 307 4044 9,
320 3973 414 4030 Vatia.
429 3974 470 4028 16.
1034 3991 1061 4030 ν.
1075 3974 1116 4028 10.
1129 3971 1203 4026 ibid.
1215 3969 1274 4029 vid.
1286 3969 1395 4025 Ensab.
1410 3969 1454 4026 ad.
1468 3971 1499 4024 in
1512 3987 1538 4025 v.
1553 3973 1577 4024 l.

847 4189 1015 4266 Paalmus
1040 4187 1116 4268 IX.

252 4443 282 4485 v.
303 4427 332 4486 1.
349 4423 405 4500 Είς
419 4425 454 4488 rt
471 4421 560 4500 τέλος
576 4423 653 4508 ὑπὲρ
670 4431 731 4487 τῶν
746 4419 883 4507 κρυφίων
899 4431 954 4484 τοῦ
1044 4443 1075 4484 v.
1094 4425 1121 4484 l.
1139 4423 1291 4504 Iufiucnt
1300 4439 1363 4501 pro
1378 4419 1600 4501 occrdtisfllii.

208 4525 291 4590 noo.
317 4529 416 4595 Vatia.
434 4529 508 4608 628,
527 4530 555 4591 1.
1055 4543 1065 4564 ·

251 4629 365 4716 Σαφῶς
380 4629 516 4696 ἐνταῦθα
538 4627 732 4716 προφητείας
747 4629 820 4694 Υίσῡ
836 4649 954 4715 μνημο-
1046 4633 1160 4694 Palam
1181 4647 1286 4711 quum
1304 4630 1479 4711 prophetia
1507 4631 1541 4692 in
1558 4629 1620 4692 hoc
1647 4629 1748 4690 titulo

204 4735 356 4820 νρυσύφης
372 4735 413 4819 (τί
426 4738 481 4800 καί
496 4735 530 4800 ἐν
545 4733 684 4802 πλείοσιν
705 4732 888 4820 μαρτυρίαις
903 4734 956 4796 αιί-
1002 4735 1065 4797 filii
1078 4735 1280 4810 meminerit,
1293 4730 1464 4813 (caeterum
1479 4733 1565 4796 idem
1577 4733 1747 4795 renuntia·

242 4961 289 5013 Po.
313 4955 701 5030 rx,arqumeut.·vstio.18.
724 4955 831 5012 Matth.
857 4973 901 5013 ιιι.
916 4957 957 5011 17.
1003 4970 1082 5008 mum
1103 4952 1260 5024 allegorias
1282 4951 1411 5024 exponit,
1433 4969 1467 5006 ao
1485 4951 1545 5007 t'sre
1565 4951 1603 5006 ad
1620 4950 1754 5022 singulos

205 5045 419 5102 Eusebiumnil
436 5044 543 5101 elarius
556 5042 655 5116 prodit
672 5060 759 5115 quarn
778 5042 886 5116 triplex
908 5045 960 5097 aut
1004 5040 1165 5098 versiculos
1189 5039 1318 5095 orditur:
1343 5041 1420 5092 Κατά
1445 5042 1474 5092 at
1497 5041 1649 5107 ἀναγωγὴν.
1674 5035 1751 5092 Hinc

204 5133 379 5207 quatruplax
389 5128 582 5205 parenthesis,
595 5129 696 5185 statim
715 5129 752 5184 ab
765 5129 894 5186 exordio.
914 5128 960 5184 Ad
1005 5125 1102 5181 Maius
1126 5123 1248 5181 deduxit
1273 5125 1361 5181 aliam
1391 5123 1605 5198 expositionem
1625 5124 1753 5198 priorem

204 5221 366 5278 sententias
378 5218 507 5292 cyrillus
520 5215 641 5288 accedit,
655 5215 759 5272 dainda
775 5221 870 5271 totum
879 5215 956 5287 psal·
1000 5213 1092 5270 fuisse
1105 5213 1251 5270 omissam.
1266 5213 1357 5270 Recte
1369 5212 1426 5267 ns?
1444 5210 1554 5267 dubito.
