<?xml version="1.0" encoding="UTF-8"?>
<!DOCTYPE html PUBLIC "-//W3C//DTD XHTML 1.0 Transitional//EN"
    "http://www.w3.org/TR/xhtml1/DTD/xhtml1-transitional.dtd">
<html xmlns="http://www.w3.org/1999/xhtml" xml:lang="en" lang="en">
 <head>
  <title>
</title>
<meta http-equiv="Content-Type" content="text/html;charset=utf-8" />
  <meta name='ocr-system' content='tesseract 3.04.00' />
  <meta name='ocr-capabilities' content='ocr_page ocr_carea ocr_par ocr_line ocrx_word'/>
</head>
<body>
  <div class='ocr_page' id='page_1' title='image "./lta-11000/analectasacrasp00pitrgoog/analectasacrasp00pitrgoog_0547.png"; bbox 0 0 3966 6108; ppageno 0'>
   <div class='ocr_carea' id='block_1_1' title="bbox 289 385 1157 458">
    <p class='ocr_par' dir='ltr' id='par_1_1' title="bbox 289 385 1157 458">
     <span class='ocr_line' id='line_1_1' title="bbox 289 385 1157 458; baseline 0.01 -11"><span class='ocrx_word' id='word_1_1' title='bbox 289 385 353 448; x_wconf 83' lang='lat'><strong>534</strong></span> <span class='ocrx_word' id='word_1_2' title='bbox 951 391 1157 458; x_wconf 86' lang='lat' dir='ltr'>EUSEBIUS</span> 
     </span>
    </p>
   </div>
   <div class='ocr_carea' id='block_1_2' title="bbox 271 499 1964 1967">
    <p class='ocr_par' dir='ltr' id='par_1_2' title="bbox 288 499 1964 617">
     <span class='ocr_line' id='line_1_2' title="bbox 288 499 1964 617; baseline 0.008 -29.245"><span class='ocrx_word' id='word_1_3' title='bbox 288 525 358 588; x_wconf 70' lang='lat' dir='ltr'><strong>“rb</strong></span> <span class='ocrx_word' id='word_1_4' title='bbox 373 516 453 610; x_wconf 82' lang='grc' dir='ltr'><strong>ἄνθη</strong></span> <span class='ocrx_word' id='word_1_5' title='bbox 466 523 555 611; x_wconf 85' lang='grc' dir='ltr'><strong>ὤφθη</strong></span> <span class='ocrx_word' id='word_1_6' title='bbox 568 525 602 591; x_wconf 89' lang='grc' dir='ltr'><strong>ἐν</strong></span> <span class='ocrx_word' id='word_1_7' title='bbox 616 535 656 613; x_wconf 73' lang='grc' dir='ltr'><strong>τῇ</strong></span> <span class='ocrx_word' id='word_1_8' title='bbox 671 535 724 614; x_wconf 75' lang='grc' dir='ltr'><strong>γῇ,</strong></span> <span class='ocrx_word' id='word_1_9' title='bbox 738 529 847 612; x_wconf 86' lang='grc' dir='ltr'><strong>καιρός</strong></span> <span class='ocrx_word' id='word_1_10' title='bbox 863 536 919 615; x_wconf 74' lang='grc' dir='ltr'><strong>τῆς</strong></span> <span class='ocrx_word' id='word_1_11' title='bbox 934 535 1032 616; x_wconf 75' lang='grc' dir='ltr'><strong>τομῆς</strong></span> <span class='ocrx_word' id='word_1_12' title='bbox 1079 548 1174 595; x_wconf 78' lang='lat' dir='ltr'><strong>«res</strong></span> <span class='ocrx_word' id='word_1_13' title='bbox 1192 534 1445 614; x_wconf 83' lang='lat' dir='ltr'><strong>apparuerunt</strong></span> <span class='ocrx_word' id='word_1_14' title='bbox 1437 552 1472 598; x_wconf 88' lang='grc' dir='ltr'><strong>ιιι</strong></span> <span class='ocrx_word' id='word_1_15' title='bbox 1494 539 1585 598; x_wconf 85' lang='lat' dir='ltr'><strong>terra</strong></span> <span class='ocrx_word' id='word_1_16' title='bbox 1586 539 1753 617; x_wconf 90' lang='lat' dir='ltr'><strong>,tempus</strong></span> <span class='ocrx_word' id='word_1_17' title='bbox 1774 553 1836 617; x_wconf 86' lang='lat' dir='ltr'><strong>pu·</strong></span> <span class='ocrx_word' id='word_1_18' title='bbox 1963 499 1964 526; x_wconf 35' lang='grc' dir='ltr'><strong>Λ</strong></span> 
     </span>
    </p>

    <p class='ocr_par' dir='ltr' id='par_1_3' title="bbox 271 627 1840 770">
     <span class='ocr_line' id='line_1_3' title="bbox 271 627 1840 770; baseline 0.006 -77"><span class='ocrx_word' id='word_1_19' title='bbox 271 627 448 770; x_wconf 52' lang='lat' dir='ltr'><strong>‘lies</strong></span> <span class='ocrx_word' id='word_1_20' title='bbox 378 650 437 694; x_wconf 75' lang='grc' dir='ltr'><strong>αντε</strong></span> <span class='ocrx_word' id='word_1_21' title='bbox 439 631 548 716; x_wconf 76' lang='grc' dir='ltr'><strong>,φωνὴ</strong></span> <span class='ocrx_word' id='word_1_22' title='bbox 561 639 615 696; x_wconf 87' lang='grc' dir='ltr'><strong>τοῦ</strong></span> <span class='ocrx_word' id='word_1_23' title='bbox 626 641 781 716; x_wconf 82' lang='grc' dir='ltr'><strong>τρυγῶνος</strong></span> <span class='ocrx_word' id='word_1_24' title='bbox 791 633 934 718; x_wconf 82' lang='grc' dir='ltr'><strong>ἠκουοθη</strong></span> <span class='ocrx_word' id='word_1_25' title='bbox 948 634 981 699; x_wconf 92' lang='grc' dir='ltr'><strong>ἐν</strong></span> <span class='ocrx_word' id='word_1_26' title='bbox 991 643 1031 720; x_wconf 75' lang='grc' dir='ltr'><strong>τῇ</strong></span> <span class='ocrx_word' id='word_1_27' title='bbox 1079 635 1181 698; x_wconf 80' lang='lat' dir='ltr'><strong>«tat</strong></span> <span class='ocrx_word' id='word_1_28' title='bbox 1172 636 1258 699; x_wconf 78' lang='lat' dir='ltr'><strong>ionis</strong></span> <span class='ocrx_word' id='word_1_29' title='bbox 1286 638 1352 700; x_wconf 89' lang='lat' dir='ltr'><strong>cito</strong></span> <span class='ocrx_word' id='word_1_30' title='bbox 1378 639 1483 718; x_wconf 82' lang='lat' dir='ltr'><strong>venit,</strong></span> <span class='ocrx_word' id='word_1_31' title='bbox 1509 655 1576 702; x_wconf 86' lang='lat' dir='ltr'><strong>vox</strong></span> <span class='ocrx_word' id='word_1_32' title='bbox 1601 641 1755 704; x_wconf 91' lang='lat' dir='ltr'><strong>turturis</strong></span> <span class='ocrx_word' id='word_1_33' title='bbox 1778 657 1840 702; x_wconf 92' lang='lat' dir='ltr'><strong>au·</strong></span> 
     </span>
    </p>

    <p class='ocr_par' dir='ltr' id='par_1_4' title="bbox 318 733 1840 824">
     <span class='ocr_line' id='line_1_4' title="bbox 318 733 1840 824; baseline 0.005 -25.399"><span class='ocrx_word' id='word_1_34' title='bbox 318 733 511 820; x_wconf 76' lang='grc' dir='ltr'><strong>γρθ)μῶν,ἠ</strong></span> <span class='ocrx_word' id='word_1_35' title='bbox 529 735 681 820; x_wconf 78' lang='grc' dir='ltr'><strong>οόκηέξή</strong></span> <span class='ocrx_word' id='word_1_36' title='bbox 683 757 793 821; x_wconf 85' lang='grc' dir='ltr'><strong>νεγιιεν</strong></span> <span class='ocrx_word' id='word_1_37' title='bbox 815 737 961 817; x_wconf 80' lang='grc' dir='ltr'><strong>ὀλύνθους</strong></span> <span class='ocrx_word' id='word_1_38' title='bbox 976 739 1031 804; x_wconf 79' lang='grc' dir='ltr'><strong>αὐ·</strong></span> <span class='ocrx_word' id='word_1_39' title='bbox 1078 740 1190 804; x_wconf 79' lang='lat' dir='ltr'><strong>«dita</strong></span> <span class='ocrx_word' id='word_1_40' title='bbox 1205 741 1280 804; x_wconf 88' lang='lat' dir='ltr'><strong>est</strong></span> <span class='ocrx_word' id='word_1_41' title='bbox 1272 759 1307 804; x_wconf 90' lang='grc' dir='ltr'><strong>ιιι</strong></span> <span class='ocrx_word' id='word_1_42' title='bbox 1330 745 1421 805; x_wconf 83' lang='lat' dir='ltr'><strong>terra</strong></span> <span class='ocrx_word' id='word_1_43' title='bbox 1439 747 1561 822; x_wconf 89' lang='lat' dir='ltr'><strong>nostra,</strong></span> <span class='ocrx_word' id='word_1_44' title='bbox 1583 741 1667 806; x_wconf 89' lang='lat' dir='ltr'><strong>ficus</strong></span> <span class='ocrx_word' id='word_1_45' title='bbox 1683 744 1840 824; x_wconf 83' lang='lat' dir='ltr'><strong>protulit</strong></span> 
     </span>
    </p>

    <p class='ocr_par' dir='ltr' id='par_1_5' title="bbox 288 835 1841 1009">
     <span class='ocr_line' id='line_1_5' title="bbox 288 835 1841 928; baseline 0.005 -25.133"><span class='ocrx_word' id='word_1_46' title='bbox 288 838 385 922; x_wconf 79' lang='grc' dir='ltr'><strong>“τής,</strong></span> <span class='ocrx_word' id='word_1_47' title='bbox 401 837 431 903; x_wconf 90' lang='lat' dir='ltr'><strong>oi</strong></span> <span class='ocrx_word' id='word_1_48' title='bbox 446 840 581 925; x_wconf 80' lang='grc' dir='ltr'><strong>ἄμπελοι</strong></span> <span class='ocrx_word' id='word_1_49' title='bbox 594 838 684 928; x_wconf 76' lang='grc' dir='ltr'><strong>ἡμῶν</strong></span> <span class='ocrx_word' id='word_1_50' title='bbox 698 841 882 926; x_wconf 75' lang='grc' dir='ltr'><strong>τυπρίςουσι</strong></span> <span class='ocrx_word' id='word_1_51' title='bbox 895 835 976 928; x_wconf 55' lang='grc' dir='ltr'><strong>ίὅ),</strong></span> <span class='ocrx_word' id='word_1_52' title='bbox 1078 858 1253 921; x_wconf 81' lang='lat' dir='ltr'><strong>«grossos</strong></span> <span class='ocrx_word' id='word_1_53' title='bbox 1282 860 1378 925; x_wconf 88' lang='lat' dir='ltr'><strong>suos,</strong></span> <span class='ocrx_word' id='word_1_54' title='bbox 1408 845 1495 910; x_wconf 85' lang='lat' dir='ltr'><strong>vites</strong></span> <span class='ocrx_word' id='word_1_55' title='bbox 1525 851 1649 910; x_wconf 80' lang='lat' dir='ltr'><strong>nostra</strong></span> <span class='ocrx_word' id='word_1_56' title='bbox 1684 847 1841 912; x_wconf 90' lang='lat' dir='ltr'><strong>erubue-</strong></span> 
     </span>
     <span class='ocr_line' id='line_1_6' title="bbox 1078 952 1674 1009; baseline 0.005 -4"><span class='ocrx_word' id='word_1_57' title='bbox 1078 952 1244 1009; x_wconf 78' lang='lat' dir='ltr'><strong>crunt.»</strong></span> <span class='ocrx_word' id='word_1_58' title='bbox 1670 997 1674 1008; x_wconf 88' lang='grc'><em>,</em></span> 
     </span>
    </p>

    <p class='ocr_par' dir='ltr' id='par_1_6' title="bbox 284 1044 1910 1756">
     <span class='ocr_line' id='line_1_7' title="bbox 329 1044 1910 1140; baseline 0.003 -27"><span class='ocrx_word' id='word_1_59' title='bbox 329 1044 385 1124; x_wconf 84' lang='grc' dir='ltr'><strong>Ὦς</strong></span> <span class='ocrx_word' id='word_1_60' title='bbox 396 1045 545 1127; x_wconf 88' lang='grc' dir='ltr'><strong>λαόόντος</strong></span> <span class='ocrx_word' id='word_1_61' title='bbox 557 1058 612 1114; x_wconf 85' lang='grc' dir='ltr'><strong>τοῦ</strong></span> <span class='ocrx_word' id='word_1_62' title='bbox 623 1047 747 1134; x_wconf 79' lang='grc' dir='ltr'><strong>πρώτου</strong></span> <span class='ocrx_word' id='word_1_63' title='bbox 757 1047 837 1114; x_wconf 83' lang='grc' dir='ltr'><strong>λαοῦ</strong></span> <span class='ocrx_word' id='word_1_64' title='bbox 849 1047 908 1126; x_wconf 80' lang='grc' dir='ltr'><strong>ἕως</strong></span> <span class='ocrx_word' id='word_1_65' title='bbox 919 1058 1031 1133; x_wconf 83' lang='grc' dir='ltr'><strong>καιροῦ</strong></span> <span class='ocrx_word' id='word_1_66' title='bbox 1120 1051 1361 1115; x_wconf 84' lang='lat' dir='ltr'><strong>Reminiscitur</strong></span> <span class='ocrx_word' id='word_1_67' title='bbox 1377 1052 1479 1134; x_wconf 89' lang='lat' dir='ltr'><strong>primi</strong></span> <span class='ocrx_word' id='word_1_68' title='bbox 1501 1054 1629 1134; x_wconf 91' lang='lat' dir='ltr'><strong>populi,</strong></span> <span class='ocrx_word' id='word_1_69' title='bbox 1653 1058 1694 1117; x_wconf 92' lang='lat' dir='ltr'><strong>ut</strong></span> <span class='ocrx_word' id='word_1_70' title='bbox 1712 1054 1779 1136; x_wconf 93' lang='lat' dir='ltr'><strong>qui</strong></span> <span class='ocrx_word' id='word_1_71' title='bbox 1795 1054 1840 1118; x_wconf 92' lang='lat' dir='ltr'><strong>ad</strong></span> <span class='ocrx_word' id='word_1_72' title='bbox 1904 1126 1910 1140; x_wconf 59' lang='lat'><strong>,</strong></span> 
     </span>
     <span class='ocr_line' id='line_1_8' title="bbox 285 1139 1840 1248; baseline 0.004 -34"><span class='ocrx_word' id='word_1_73' title='bbox 285 1151 345 1236; x_wconf 83' lang='grc' dir='ltr'><strong>τὴν</strong></span> <span class='ocrx_word' id='word_1_74' title='bbox 359 1151 451 1215; x_wconf 73' lang='grc' dir='ltr'><strong>σκιὰν</strong></span> <span class='ocrx_word' id='word_1_75' title='bbox 465 1161 523 1237; x_wconf 74' lang='grc' dir='ltr'><strong>τῆς</strong></span> <span class='ocrx_word' id='word_1_76' title='bbox 538 1152 571 1216; x_wconf 90' lang='grc' dir='ltr'><strong>ἐν</strong></span> <span class='ocrx_word' id='word_1_77' title='bbox 587 1159 631 1238; x_wconf 84' lang='grc' dir='ltr'><strong>τῷ</strong></span> <span class='ocrx_word' id='word_1_78' title='bbox 645 1152 730 1237; x_wconf 82' lang='grc' dir='ltr'><strong>νόμῳ</strong></span> <span class='ocrx_word' id='word_1_79' title='bbox 745 1151 959 1234; x_wconf 83' lang='grc' dir='ltr'><strong>διδασκαλίας,</strong></span> <span class='ocrx_word' id='word_1_80' title='bbox 975 1155 1031 1248; x_wconf 79' lang='grc' dir='ltr'><strong>καί</strong></span> <span class='ocrx_word' id='word_1_81' title='bbox 1073 1157 1207 1234; x_wconf 88' lang='lat' dir='ltr'><strong>tempus</strong></span> <span class='ocrx_word' id='word_1_82' title='bbox 1237 1155 1364 1237; x_wconf 86' lang='lat' dir='ltr'><strong>recepit</strong></span> <span class='ocrx_word' id='word_1_83' title='bbox 1390 1156 1545 1221; x_wconf 91' lang='lat' dir='ltr'><strong>umbram</strong></span> <span class='ocrx_word' id='word_1_84' title='bbox 1571 1139 1741 1221; x_wconf 76' lang='lat' dir='ltr'><strong>doctrinm</strong></span> <span class='ocrx_word' id='word_1_85' title='bbox 1769 1157 1840 1222; x_wconf 92' lang='lat' dir='ltr'><strong>sub</strong></span> 
     </span>
     <span class='ocr_line' id='line_1_9' title="bbox 285 1252 1835 1341; baseline 0.005 -23"><span class='ocrx_word' id='word_1_86' title='bbox 285 1252 328 1333; x_wconf 82' lang='grc' dir='ltr'><strong>ὡς</strong></span> <span class='ocrx_word' id='word_1_87' title='bbox 353 1253 461 1333; x_wconf 82' lang='grc' dir='ltr'><strong>δόντος</strong></span> <span class='ocrx_word' id='word_1_88' title='bbox 480 1257 539 1340; x_wconf 72' lang='grc' dir='ltr'><strong>τὴν</strong></span> <span class='ocrx_word' id='word_1_89' title='bbox 567 1257 674 1341; x_wconf 80' lang='grc' dir='ltr'><strong>φωνὴν</strong></span> <span class='ocrx_word' id='word_1_90' title='bbox 693 1266 748 1321; x_wconf 84' lang='grc' dir='ltr'><strong>τοῦ</strong></span> <span class='ocrx_word' id='word_1_91' title='bbox 779 1265 934 1340; x_wconf 86' lang='grc' dir='ltr'><strong>τρυγῶνος</strong></span> <span class='ocrx_word' id='word_1_92' title='bbox 956 1258 1032 1322; x_wconf 82' lang='grc' dir='ltr'><strong>ὑπο·</strong></span> <span class='ocrx_word' id='word_1_93' title='bbox 1073 1256 1161 1335; x_wconf 87' lang='lat' dir='ltr'><strong>lege,</strong></span> <span class='ocrx_word' id='word_1_94' title='bbox 1177 1260 1211 1319; x_wconf 87' lang='lat' dir='ltr'><strong>et</strong></span> <span class='ocrx_word' id='word_1_95' title='bbox 1225 1258 1338 1321; x_wconf 85' lang='lat' dir='ltr'>emisit</span> <span class='ocrx_word' id='word_1_96' title='bbox 1358 1275 1475 1322; x_wconf 87' lang='lat' dir='ltr'><strong>vocem</strong></span> <span class='ocrx_word' id='word_1_97' title='bbox 1493 1261 1647 1324; x_wconf 87' lang='lat' dir='ltr'><strong>turturis.</strong></span> <span class='ocrx_word' id='word_1_98' title='bbox 1671 1261 1835 1325; x_wconf 87' lang='lat' dir='ltr'><strong>Verbum</strong></span> 
     </span>
     <span class='ocr_line' id='line_1_10' title="bbox 287 1356 1836 1446; baseline 0.005 -26"><span class='ocrx_word' id='word_1_99' title='bbox 287 1356 463 1446; x_wconf 78' lang='grc' dir='ltr'><strong>μιμνήσκει.</strong></span> <span class='ocrx_word' id='word_1_100' title='bbox 495 1356 799 1446; x_wconf 82' lang='grc' dir='ltr'><strong>Προοκαλεσόρενος</strong></span> <span class='ocrx_word' id='word_1_101' title='bbox 828 1360 863 1423; x_wconf 86' lang='grc' dir='ltr'><strong>δὲ</strong></span> <span class='ocrx_word' id='word_1_102' title='bbox 886 1359 904 1425; x_wconf 88' lang='grc' dir='ltr'><strong>ό</strong></span> <span class='ocrx_word' id='word_1_103' title='bbox 926 1359 1030 1446; x_wconf 82' lang='grc' dir='ltr'><strong>Λόγος</strong></span> <span class='ocrx_word' id='word_1_104' title='bbox 1073 1363 1198 1439; x_wconf 87' lang='lat' dir='ltr'><strong>autem,</strong></span> <span class='ocrx_word' id='word_1_105' title='bbox 1214 1364 1393 1442; x_wconf 79' lang='lat' dir='ltr'>postquam</span> <span class='ocrx_word' id='word_1_106' title='bbox 1416 1362 1628 1427; x_wconf 82' lang='lat' dir='ltr'><strong>Hierusalem</strong></span> <span class='ocrx_word' id='word_1_107' title='bbox 1650 1366 1836 1445; x_wconf 87' lang='lat' dir='ltr'><strong>invitavit,</strong></span> 
     </span>
     <span class='ocr_line' id='line_1_11' title="bbox 285 1461 1836 1550; baseline 0.002 -21"><span class='ocrx_word' id='word_1_108' title='bbox 285 1463 345 1548; x_wconf 87' lang='grc' dir='ltr'><strong>τὴν</strong></span> <span class='ocrx_word' id='word_1_109' title='bbox 367 1461 586 1550; x_wconf 78' lang='grc' dir='ltr'><strong>Ἰερουσαλὴμ,</strong></span> <span class='ocrx_word' id='word_1_110' title='bbox 606 1462 833 1548; x_wconf 75' lang='grc' dir='ltr'><strong>προσκαλεῖται</strong></span> <span class='ocrx_word' id='word_1_111' title='bbox 854 1462 962 1529; x_wconf 86' lang='grc' dir='ltr'><strong>λοιπόν</strong></span> <span class='ocrx_word' id='word_1_112' title='bbox 976 1465 1031 1529; x_wconf 81' lang='grc' dir='ltr'><strong>καί</strong></span> <span class='ocrx_word' id='word_1_113' title='bbox 1073 1465 1215 1528; x_wconf 76' lang='lat' dir='ltr'><strong>accersit</strong></span> <span class='ocrx_word' id='word_1_114' title='bbox 1234 1481 1333 1546; x_wconf 87' lang='lat' dir='ltr'><strong>porro</strong></span> <span class='ocrx_word' id='word_1_115' title='bbox 1353 1466 1454 1529; x_wconf 88' lang='lat' dir='ltr'><strong>etiam</strong></span> <span class='ocrx_word' id='word_1_116' title='bbox 1476 1467 1640 1548; x_wconf 89' lang='lat' dir='ltr'><strong>populum</strong></span> <span class='ocrx_word' id='word_1_117' title='bbox 1663 1471 1836 1547; x_wconf 88' lang='lat' dir='ltr'><strong>gentium</strong></span> 
     </span>
     <span class='ocr_line' id='line_1_12' title="bbox 284 1565 1839 1654; baseline 0.003 -24"><span class='ocrx_word' id='word_1_118' title='bbox 284 1568 358 1644; x_wconf 86' lang='grc' dir='ltr'><strong>τοὺς</strong></span> <span class='ocrx_word' id='word_1_119' title='bbox 374 1565 436 1632; x_wconf 84' lang='grc' dir='ltr'><strong>ἀπὸ</strong></span> <span class='ocrx_word' id='word_1_120' title='bbox 452 1575 512 1633; x_wconf 90' lang='grc' dir='ltr'><strong>τῶν</strong></span> <span class='ocrx_word' id='word_1_121' title='bbox 534 1568 631 1634; x_wconf 82' lang='grc' dir='ltr'><strong>ἐθνῶν</strong></span> <span class='ocrx_word' id='word_1_122' title='bbox 653 1568 705 1633; x_wconf 86' lang='grc' dir='ltr'><strong>διόι</strong></span> <span class='ocrx_word' id='word_1_123' title='bbox 725 1567 852 1633; x_wconf 80' lang='grc' dir='ltr'><strong>τούτων.</strong></span> <span class='ocrx_word' id='word_1_124' title='bbox 876 1567 945 1652; x_wconf 83' lang='grc' dir='ltr'><strong>(Εῐς</strong></span> <span class='ocrx_word' id='word_1_125' title='bbox 966 1568 1029 1654; x_wconf 81' lang='grc' dir='ltr'><strong>γάρ</strong></span> <span class='ocrx_word' id='word_1_126' title='bbox 1072 1585 1132 1651; x_wconf 90' lang='lat' dir='ltr'><strong>per</strong></span> <span class='ocrx_word' id='word_1_127' title='bbox 1147 1568 1219 1632; x_wconf 85' lang='lat' dir='ltr'><strong>baec</strong></span> <span class='ocrx_word' id='word_1_128' title='bbox 1234 1568 1337 1632; x_wconf 89' lang='lat' dir='ltr'><strong>verba</strong></span> <span class='ocrx_word' id='word_1_129' title='bbox 1352 1567 1459 1652; x_wconf 84' lang='lat' dir='ltr'><strong>(unus</strong></span> <span class='ocrx_word' id='word_1_130' title='bbox 1478 1571 1569 1633; x_wconf 92' lang='lat' dir='ltr'><strong>enim</strong></span> <span class='ocrx_word' id='word_1_131' title='bbox 1593 1575 1644 1634; x_wconf 87' lang='lat' dir='ltr'><strong>est</strong></span> <span class='ocrx_word' id='word_1_132' title='bbox 1659 1573 1839 1636; x_wconf 85' lang='lat' dir='ltr'>Dominus</span> 
     </span>
     <span class='ocr_line' id='line_1_13' title="bbox 288 1669 1514 1756; baseline 0.002 -21"><span class='ocrx_word' id='word_1_133' title='bbox 288 1669 356 1735; x_wconf 80' lang='grc' dir='ltr'><strong>ἐστι</strong></span> <span class='ocrx_word' id='word_1_134' title='bbox 370 1669 487 1754; x_wconf 86' lang='grc' dir='ltr'><strong>Κύριος</strong></span> <span class='ocrx_word' id='word_1_135' title='bbox 502 1672 557 1735; x_wconf 86' lang='grc' dir='ltr'><strong>καί</strong></span> <span class='ocrx_word' id='word_1_136' title='bbox 571 1669 732 1737; x_wconf 83' lang='grc' dir='ltr'><strong>Ἰουδαίων</strong></span> <span class='ocrx_word' id='word_1_137' title='bbox 746 1673 801 1737; x_wconf 80' lang='grc' dir='ltr'><strong>καὶ</strong></span> <span class='ocrx_word' id='word_1_138' title='bbox 816 1670 934 1755; x_wconf 89' lang='grc' dir='ltr'><strong>ἐθνῶν).</strong></span> <span class='ocrx_word' id='word_1_139' title='bbox 973 1687 975 1692; x_wconf 82' lang='grc'><em>·</em></span> <span class='ocrx_word' id='word_1_140' title='bbox 1073 1675 1096 1737; x_wconf 89' lang='lat' dir='ltr'><strong>J</strong></span> <span class='ocrx_word' id='word_1_141' title='bbox 1097 1671 1268 1736; x_wconf 86' lang='lat' dir='ltr'><strong>udaeorum</strong></span> <span class='ocrx_word' id='word_1_142' title='bbox 1285 1679 1319 1736; x_wconf 90' lang='lat' dir='ltr'><strong>et</strong></span> <span class='ocrx_word' id='word_1_143' title='bbox 1330 1671 1514 1756; x_wconf 73' lang='lat' dir='ltr'><strong>gentiuml:</strong></span> 
     </span>
    </p>

    <p class='ocr_par' dir='ltr' id='par_1_7' title="bbox 286 1772 1839 1967">
     <span class='ocr_line' id='line_1_14' title="bbox 331 1772 1838 1863; baseline -0.013 -1"><span class='ocrx_word' id='word_1_144' title='bbox 331 1778 345 1811; x_wconf 79' lang='lat'><strong>‘⁴</strong></span> <span class='ocrx_word' id='word_1_145' title='bbox 361 1772 460 1860; x_wconf 69' lang='lat' dir='ltr'><strong>Ae⁰i²⁰</strong></span> <span class='ocrx_word' id='word_1_146' title='bbox 475 1775 539 1840; x_wconf 63' lang='grc' dir='ltr'><strong>ἀπὸ</strong></span> <span class='ocrx_word' id='word_1_147' title='bbox 562 1775 709 1858; x_wconf 62' lang='lat' dir='ltr'><strong>Astacon,</strong></span> <span class='ocrx_word' id='word_1_148' title='bbox 725 1776 841 1862; x_wconf 61' lang='lat' dir='ltr'><strong>vinco,</strong></span> <span class='ocrx_word' id='word_1_149' title='bbox 857 1777 948 1863; x_wconf 72' lang='grc' dir='ltr'><strong>δεῦρο</strong></span> <span class='ocrx_word' id='word_1_150' title='bbox 967 1778 1030 1845; x_wconf 82' lang='grc' dir='ltr'><strong>ἀπὸ</strong></span> <span class='ocrx_word' id='word_1_151' title='bbox 1119 1798 1136 1837; x_wconf 89' lang='lat'>«</span> <span class='ocrx_word' id='word_1_152' title='bbox 1150 1778 1235 1839; x_wconf 89' lang='lat' dir='ltr'><strong>Veni</strong></span> <span class='ocrx_word' id='word_1_153' title='bbox 1247 1778 1642 1858; x_wconf 86' lang='lat' dir='ltr'><strong>aLibano,sponsa‚veni</strong></span> <span class='ocrx_word' id='word_1_154' title='bbox 1653 1796 1674 1841; x_wconf 90' lang='lat' dir='ltr'><strong>a</strong></span> <span class='ocrx_word' id='word_1_155' title='bbox 1685 1779 1838 1844; x_wconf 90' lang='lat' dir='ltr'><strong>Libano.</strong></span> 
     </span>
     <span class='ocr_line' id='line_1_15' title="bbox 286 1876 1839 1967; baseline 0.001 -24"><span class='ocrx_word' id='word_1_156' title='bbox 286 1876 465 1963; x_wconf 81' lang='grc' dir='ltr'><strong>“Λιόάνου,</strong></span> <span class='ocrx_word' id='word_1_157' title='bbox 489 1879 603 1966; x_wconf 82' lang='grc' dir='ltr'><strong>ἐλειίαῃ</strong></span> <span class='ocrx_word' id='word_1_158' title='bbox 618 1881 673 1945; x_wconf 83' lang='grc' dir='ltr'><strong>καί</strong></span> <span class='ocrx_word' id='word_1_159' title='bbox 695 1879 838 1965; x_wconf 78' lang='grc' dir='ltr'><strong>διελεύσρ</strong></span> <span class='ocrx_word' id='word_1_160' title='bbox 861 1880 1029 1967; x_wconf 71' lang='grc' dir='ltr'><strong>ἀπ’ἀρχης</strong></span> <span class='ocrx_word' id='word_1_161' title='bbox 1076 1901 1097 1940; x_wconf 74' lang='grc' dir='ltr'><strong>α</strong></span> <span class='ocrx_word' id='word_1_162' title='bbox 1116 1880 1239 1944; x_wconf 82' lang='lat' dir='ltr'><strong>Venias</strong></span> <span class='ocrx_word' id='word_1_163' title='bbox 1262 1883 1297 1943; x_wconf 86' lang='lat' dir='ltr'><strong>et</strong></span> <span class='ocrx_word' id='word_1_164' title='bbox 1318 1882 1478 1945; x_wconf 81' lang='lat' dir='ltr'><strong>transibis</strong></span> <span class='ocrx_word' id='word_1_165' title='bbox 1501 1882 1543 1945; x_wconf 90' lang='lat' dir='ltr'><strong>ab</strong></span> <span class='ocrx_word' id='word_1_166' title='bbox 1567 1882 1665 1946; x_wconf 87' lang='lat' dir='ltr'><strong>initio</strong></span> <span class='ocrx_word' id='word_1_167' title='bbox 1692 1881 1792 1962; x_wconf 86' lang='lat' dir='ltr'><strong>fidei,</strong></span> <span class='ocrx_word' id='word_1_168' title='bbox 1817 1901 1839 1945; x_wconf 87' lang='lat' dir='ltr'><strong>a</strong></span> 
     </span>
    </p>
   </div>
   <div class='ocr_carea' id='block_1_3' title="bbox 287 1979 1964 2072">
    <p class='ocr_par' dir='ltr' id='par_1_8' title="bbox 287 1979 1964 2072">
     <span class='ocr_line' id='line_1_16' title="bbox 287 1979 1964 2072; baseline 0.002 -25"><span class='ocrx_word' id='word_1_169' title='bbox 287 1979 469 2066; x_wconf 77' lang='grc' dir='ltr'><strong>“πίοτεως,</strong></span> <span class='ocrx_word' id='word_1_170' title='bbox 494 1983 557 2052; x_wconf 83' lang='grc' dir='ltr'><strong>ἀπὸ</strong></span> <span class='ocrx_word' id='word_1_171' title='bbox 579 1984 722 2069; x_wconf 80' lang='grc' dir='ltr'><strong>κεφαλῆς</strong></span> <span class='ocrx_word' id='word_1_172' title='bbox 746 1984 859 2070; x_wconf 81' lang='grc' dir='ltr'><strong>Σανείρ</strong></span> <span class='ocrx_word' id='word_1_173' title='bbox 881 1986 936 2049; x_wconf 78' lang='grc' dir='ltr'><strong>καί</strong></span> <span class='ocrx_word' id='word_1_174' title='bbox 958 1985 1029 2072; x_wconf 88' lang='grc' dir='ltr'><strong>Ἑρ-</strong></span> <span class='ocrx_word' id='word_1_175' title='bbox 1075 1985 1224 2064; x_wconf 81' lang='lat' dir='ltr'><strong>«capite</strong></span> <span class='ocrx_word' id='word_1_176' title='bbox 1247 1985 1345 2048; x_wconf 84' lang='lat' dir='ltr'><strong>Sanir</strong></span> <span class='ocrx_word' id='word_1_177' title='bbox 1371 1989 1405 2048; x_wconf 90' lang='lat' dir='ltr'><strong>et</strong></span> <span class='ocrx_word' id='word_1_178' title='bbox 1427 1988 1584 2066; x_wconf 87' lang='lat' dir='ltr'><strong>Hermon,</strong></span> <span class='ocrx_word' id='word_1_179' title='bbox 1611 1988 1834 2067; x_wconf 88' lang='lat' dir='ltr'><strong>aspeluncis</strong></span> <span class='ocrx_word' id='word_1_180' title='bbox 1963 1995 1964 2028; x_wconf 67' lang='lat' dir='ltr'><strong>l</strong></span> 
     </span>
    </p>
   </div>
   <div class='ocr_carea' id='block_1_4' title="bbox 241 2086 1835 2906">
    <p class='ocr_par' dir='ltr' id='par_1_9' title="bbox 241 2086 1787 2277">
     <span class='ocr_line' id='line_1_17' title="bbox 285 2086 1787 2174; baseline 0.001 -23.022"><span class='ocrx_word' id='word_1_181' title='bbox 285 2086 392 2173; x_wconf 59' lang='lat' dir='ltr'><strong>“aba</strong></span> <span class='ocrx_word' id='word_1_182' title='bbox 419 2086 482 2151; x_wconf 79' lang='grc' dir='ltr'><strong>ἀπὸ</strong></span> <span class='ocrx_word' id='word_1_183' title='bbox 505 2088 647 2174; x_wconf 78' lang='grc' dir='ltr'><strong>ρανδρῶν</strong></span> <span class='ocrx_word' id='word_1_184' title='bbox 668 2088 812 2172; x_wconf 85' lang='grc' dir='ltr'><strong>λεόντων,</strong></span> <span class='ocrx_word' id='word_1_185' title='bbox 842 2087 905 2154; x_wconf 77' lang='grc' dir='ltr'><strong>ἀπὸ</strong></span> <span class='ocrx_word' id='word_1_186' title='bbox 931 2087 1028 2174; x_wconf 86' lang='grc' dir='ltr'><strong>όρέων</strong></span> <span class='ocrx_word' id='word_1_187' title='bbox 1075 2088 1263 2168; x_wconf 85' lang='lat' dir='ltr'><strong>«leonum,</strong></span> <span class='ocrx_word' id='word_1_188' title='bbox 1276 2090 1483 2153; x_wconf 89' lang='lat' dir='ltr'><strong>amontibus</strong></span> <span class='ocrx_word' id='word_1_189' title='bbox 1499 2091 1750 2172; x_wconf 78' lang='lat' dir='ltr'><strong>leopardorum</strong></span> <span class='ocrx_word' id='word_1_190' title='bbox 1767 2111 1787 2152; x_wconf 85' lang='lat'><strong>»</strong></span> 
     </span>
     <span class='ocr_line' id='line_1_18' title="bbox 241 2187 600 2277; baseline 0.003 -21"><span class='ocrx_word' id='word_1_191' title='bbox 241 2203 245 2211; x_wconf 83' lang='grc'><em>“</em></span> <span class='ocrx_word' id='word_1_192' title='bbox 285 2187 600 2277; x_wconf 48' lang='grc' dir='ltr'><strong>Ηπαρδαλέωνίί)</strong></span> 
     </span>
    </p>

    <p class='ocr_par' dir='ltr' id='par_1_10' title="bbox 281 2245 1835 2698">
     <span class='ocr_line' id='line_1_19' title="bbox 326 2245 1835 2382; baseline 0.001 -22.015"><span class='ocrx_word' id='word_1_193' title='bbox 326 2292 409 2360; x_wconf 72' lang='lat' dir='ltr'><strong>’Ara</strong></span> <span class='ocrx_word' id='word_1_194' title='bbox 424 2298 486 2381; x_wconf 78' lang='grc' dir='ltr'><strong>γὰρ</strong></span> <span class='ocrx_word' id='word_1_195' title='bbox 503 2294 760 2382; x_wconf 80' lang='grc' dir='ltr'><strong>εἰδωλολατρείας</strong></span> <span class='ocrx_word' id='word_1_196' title='bbox 774 2297 830 2362; x_wconf 79' lang='grc' dir='ltr'><strong>καί</strong></span> <span class='ocrx_word' id='word_1_197' title='bbox 850 2296 1028 2382; x_wconf 73' lang='grc' dir='ltr'><strong>θηριώδους</strong></span> <span class='ocrx_word' id='word_1_198' title='bbox 1115 2297 1251 2377; x_wconf 80' lang='lat' dir='ltr'><strong>Etenim</strong></span> <span class='ocrx_word' id='word_1_199' title='bbox 1273 2245 1430 2378; x_wconf 86' lang='lat' dir='ltr'><strong>sponsam</strong></span> <span class='ocrx_word' id='word_1_200' title='bbox 1452 2298 1577 2361; x_wconf 81' lang='lat' dir='ltr'><strong>invitat</strong></span> <span class='ocrx_word' id='word_1_201' title='bbox 1595 2297 1638 2362; x_wconf 89' lang='lat' dir='ltr'><strong>ad</strong></span> <span class='ocrx_word' id='word_1_202' title='bbox 1656 2297 1765 2362; x_wconf 89' lang='lat' dir='ltr'><strong>fidem</strong></span> <span class='ocrx_word' id='word_1_203' title='bbox 1789 2299 1835 2362; x_wconf 92' lang='lat' dir='ltr'><strong>ab</strong></span> 
     </span>
     <span class='ocr_line' id='line_1_20' title="bbox 283 2397 1834 2486; baseline 0.003 -22"><span class='ocrx_word' id='word_1_204' title='bbox 283 2397 400 2484; x_wconf 84' lang='grc' dir='ltr'><strong>τρόπου</strong></span> <span class='ocrx_word' id='word_1_205' title='bbox 411 2400 636 2485; x_wconf 80' lang='grc' dir='ltr'><strong>προσκαλεῖται</strong></span> <span class='ocrx_word' id='word_1_206' title='bbox 649 2401 749 2486; x_wconf 68' lang='grc' dir='ltr'><strong>αὐτὴν</strong></span> <span class='ocrx_word' id='word_1_207' title='bbox 760 2401 805 2479; x_wconf 83' lang='grc' dir='ltr'><strong>εἰς</strong></span> <span class='ocrx_word' id='word_1_208' title='bbox 816 2398 928 2466; x_wconf 87' lang='grc' dir='ltr'><strong>πίστιν</strong></span> <span class='ocrx_word' id='word_1_209' title='bbox 940 2399 1030 2486; x_wconf 69' lang='lat' dir='ltr'><strong>Kin—</strong></span> <span class='ocrx_word' id='word_1_210' title='bbox 1073 2399 1239 2464; x_wconf 88' lang='lat' dir='ltr'><strong>idolorum</strong></span> <span class='ocrx_word' id='word_1_211' title='bbox 1254 2403 1359 2481; x_wconf 89' lang='lat' dir='ltr'><strong>cultu,</strong></span> <span class='ocrx_word' id='word_1_212' title='bbox 1373 2402 1567 2468; x_wconf 89' lang='lat' dir='ltr'><strong>abellninis</strong></span> <span class='ocrx_word' id='word_1_213' title='bbox 1585 2404 1751 2468; x_wconf 85' lang='lat' dir='ltr'><strong>moribus.</strong></span> <span class='ocrx_word' id='word_1_214' title='bbox 1766 2406 1834 2468; x_wconf 89' lang='lat' dir='ltr'><strong>Vo-</strong></span> 
     </span>
     <span class='ocr_line' id='line_1_21' title="bbox 282 2501 1830 2594; baseline 0.003 -26"><span class='ocrx_word' id='word_1_215' title='bbox 282 2501 373 2569; x_wconf 79' lang='grc' dir='ltr'><strong>θεῖσα</strong></span> <span class='ocrx_word' id='word_1_216' title='bbox 385 2503 565 2572; x_wconf 90' lang='grc' dir='ltr'><strong>τοίνυν</strong></span> <span class='ocrx_word' id='word_1_217' title='bbox 503 2505 565 2585; x_wconf 82' lang='grc' dir='ltr'><strong>ἐξέ</strong></span> <span class='ocrx_word' id='word_1_218' title='bbox 567 2505 645 2572; x_wconf 92' lang='grc' dir='ltr'><strong>νῶν</strong></span> <span class='ocrx_word' id='word_1_219' title='bbox 656 2508 710 2570; x_wconf 78' lang='grc' dir='ltr'><strong>καί</strong></span> <span class='ocrx_word' id='word_1_220' title='bbox 724 2505 788 2592; x_wconf 71' lang='grc' dir='ltr'><strong>ἠδη</strong></span> <span class='ocrx_word' id='word_1_221' title='bbox 805 2514 1027 2594; x_wconf 81' lang='grc' dir='ltr'><strong>κατανυγεῖσα,</strong></span> <span class='ocrx_word' id='word_1_222' title='bbox 1072 2505 1304 2569; x_wconf 84' lang='lat' dir='ltr'><strong>oatainterim</strong></span> <span class='ocrx_word' id='word_1_223' title='bbox 1327 2507 1552 2584; x_wconf 82' lang='lat' dir='ltr'><strong>exgentibus</strong></span> <span class='ocrx_word' id='word_1_224' title='bbox 1575 2507 1830 2589; x_wconf 84' lang='lat' dir='ltr'><strong>etcordeJam</strong></span> 
     </span>
     <span class='ocr_line' id='line_1_22' title="bbox 281 2605 1671 2698; baseline 0.001 -25"><span class='ocrx_word' id='word_1_225' title='bbox 281 2605 367 2694; x_wconf 81' lang='grc' dir='ltr'><strong>λέγει</strong></span> <span class='ocrx_word' id='word_1_226' title='bbox 382 2610 458 2694; x_wconf 86' lang='grc' dir='ltr'><strong>πρός</strong></span> <span class='ocrx_word' id='word_1_227' title='bbox 474 2611 527 2676; x_wconf 85' lang='grc' dir='ltr'><strong>τόν</strong></span> <span class='ocrx_word' id='word_1_228' title='bbox 541 2609 646 2698; x_wconf 84' lang='grc' dir='ltr'><strong>Λόγον</strong></span> <span class='ocrx_word' id='word_1_229' title='bbox 660 2619 779 2677; x_wconf 81' lang='grc' dir='ltr'><strong>ταῦτα·</strong></span> <span class='ocrx_word' id='word_1_230' title='bbox 803 2659 807 2676; x_wconf 55' lang='grc'><strong>,,</strong></span> <span class='ocrx_word' id='word_1_231' title='bbox 1072 2612 1283 2688; x_wconf 89' lang='lat' dir='ltr'><strong>compuncta,</strong></span> <span class='ocrx_word' id='word_1_232' title='bbox 1298 2609 1340 2673; x_wconf 89' lang='lat' dir='ltr'><strong>ad</strong></span> <span class='ocrx_word' id='word_1_233' title='bbox 1356 2610 1504 2674; x_wconf 83' lang='lat' dir='ltr'><strong>Verbum</strong></span> <span class='ocrx_word' id='word_1_234' title='bbox 1520 2611 1591 2675; x_wconf 85' lang='lat' dir='ltr'><strong>haec</strong></span> <span class='ocrx_word' id='word_1_235' title='bbox 1606 2613 1671 2675; x_wconf 88' lang='lat' dir='ltr'><strong>ait:</strong></span> 
     </span>
    </p>

    <p class='ocr_par' dir='ltr' id='par_1_11' title="bbox 286 2712 1831 2906">
     <span class='ocr_line' id='line_1_23' title="bbox 327 2712 1830 2802; baseline -0.001 -22"><span class='ocrx_word' id='word_1_236' title='bbox 327 2712 572 2800; x_wconf 78' lang='grc' dir='ltr'><strong>“’Λπο,ιγγεῖλόν</strong></span> <span class='ocrx_word' id='word_1_237' title='bbox 595 2737 647 2801; x_wconf 77' lang='grc' dir='ltr'><strong>μοι</strong></span> <span class='ocrx_word' id='word_1_238' title='bbox 661 2717 696 2781; x_wconf 88' lang='grc' dir='ltr'><strong>δν</strong></span> <span class='ocrx_word' id='word_1_239' title='bbox 710 2714 914 2801; x_wconf 78' lang='grc' dir='ltr'><strong>ἠγόπησενὴ</strong></span> <span class='ocrx_word' id='word_1_240' title='bbox 938 2713 1027 2802; x_wconf 78' lang='grc' dir='ltr'><strong>ψυχή</strong></span> <span class='ocrx_word' id='word_1_241' title='bbox 1118 2713 1285 2776; x_wconf 78' lang='lat' dir='ltr'><strong>«Nuntia</strong></span> <span class='ocrx_word' id='word_1_242' title='bbox 1314 2713 1399 2777; x_wconf 92' lang='lat' dir='ltr'><strong>mihi</strong></span> <span class='ocrx_word' id='word_1_243' title='bbox 1429 2731 1530 2796; x_wconf 91' lang='lat' dir='ltr'><strong>quem</strong></span> <span class='ocrx_word' id='word_1_244' title='bbox 1559 2716 1678 2795; x_wconf 78' lang='lat' dir='ltr'><strong>diligit</strong></span> <span class='ocrx_word' id='word_1_245' title='bbox 1706 2717 1830 2780; x_wconf 88' lang='lat' dir='ltr'><strong>anima</strong></span> 
     </span>
     <span class='ocr_line' id='line_1_24' title="bbox 286 2815 1831 2906; baseline 0.001 -24"><span class='ocrx_word' id='word_1_246' title='bbox 286 2819 387 2904; x_wconf 68' lang='lat' dir='ltr'><strong>“nou</strong></span> <span class='ocrx_word' id='word_1_247' title='bbox 411 2815 479 2883; x_wconf 85' lang='grc' dir='ltr'><strong>Ποῦ</strong></span> <span class='ocrx_word' id='word_1_248' title='bbox 507 2818 701 2906; x_wconf 83' lang='grc' dir='ltr'><strong>ποιμαίνεις,</strong></span> <span class='ocrx_word' id='word_1_249' title='bbox 724 2829 786 2884; x_wconf 84' lang='grc' dir='ltr'><strong>ποῦ</strong></span> <span class='ocrx_word' id='word_1_250' title='bbox 812 2819 968 2898; x_wconf 80' lang='grc' dir='ltr'><strong>τοιτόζεις</strong></span> <span class='ocrx_word' id='word_1_251' title='bbox 994 2820 1028 2885; x_wconf 87' lang='grc' dir='ltr'><strong>ἐν</strong></span> <span class='ocrx_word' id='word_1_252' title='bbox 1074 2837 1091 2876; x_wconf 77' lang='grc' dir='ltr'><strong>ι</strong></span> <span class='ocrx_word' id='word_1_253' title='bbox 1115 2833 1200 2880; x_wconf 88' lang='lat' dir='ltr'><strong>mea.</strong></span> <span class='ocrx_word' id='word_1_254' title='bbox 1225 2817 1289 2882; x_wconf 90' lang='lat' dir='ltr'><strong>Ubi</strong></span> <span class='ocrx_word' id='word_1_255' title='bbox 1312 2820 1444 2900; x_wconf 76' lang='lat' dir='ltr'><strong>pascis?</strong></span> <span class='ocrx_word' id='word_1_256' title='bbox 1465 2819 1525 2882; x_wconf 92' lang='lat' dir='ltr'><strong>ubi</strong></span> <span class='ocrx_word' id='word_1_257' title='bbox 1547 2820 1651 2884; x_wconf 88' lang='lat' dir='ltr'><strong>cubas</strong></span> <span class='ocrx_word' id='word_1_258' title='bbox 1667 2822 1704 2884; x_wconf 92' lang='lat' dir='ltr'><strong>in</strong></span> <span class='ocrx_word' id='word_1_259' title='bbox 1726 2821 1831 2884; x_wconf 87' lang='lat' dir='ltr'><strong>meri·</strong></span> 
     </span>
    </p>
   </div>
   <div class='ocr_carea' id='block_1_5' title="bbox 283 2919 1964 3009">
    <p class='ocr_par' dir='ltr' id='par_1_12' title="bbox 283 2919 1964 3009">
     <span class='ocr_line' id='line_1_25' title="bbox 283 2919 1964 3009; baseline -0.002 -21"><span class='ocrx_word' id='word_1_260' title='bbox 283 2920 507 3008; x_wconf 66' lang='grc' dir='ltr'><strong>ιιρεα·ι)μ6ρίςι;</strong></span> <span class='ocrx_word' id='word_1_261' title='bbox 532 2919 654 3008; x_wconf 79' lang='grc' dir='ltr'><strong>μήποτε</strong></span> <span class='ocrx_word' id='word_1_262' title='bbox 666 2920 806 3009; x_wconf 77' lang='grc' dir='ltr'><strong>γένωμαι</strong></span> <span class='ocrx_word' id='word_1_263' title='bbox 825 2922 867 3001; x_wconf 83' lang='grc' dir='ltr'><strong>ὡς</strong></span> <span class='ocrx_word' id='word_1_264' title='bbox 883 2922 1028 3009; x_wconf 81' lang='grc' dir='ltr'><strong>περιόαλ-</strong></span> <span class='ocrx_word' id='word_1_265' title='bbox 1074 2920 1192 2985; x_wconf 72' lang='lat' dir='ltr'><strong>«dial</strong></span> <span class='ocrx_word' id='word_1_266' title='bbox 1214 2939 1256 2984; x_wconf 92' lang='lat' dir='ltr'><strong>ne</strong></span> <span class='ocrx_word' id='word_1_267' title='bbox 1278 2921 1363 2985; x_wconf 86' lang='lat' dir='ltr'><strong>forte</strong></span> <span class='ocrx_word' id='word_1_268' title='bbox 1386 2921 1465 2986; x_wconf 87' lang='lat' dir='ltr'><strong>fiam</strong></span> <span class='ocrx_word' id='word_1_269' title='bbox 1487 2925 1577 2987; x_wconf 89' lang='lat' dir='ltr'><strong>siout</strong></span> <span class='ocrx_word' id='word_1_270' title='bbox 1598 2924 1827 3002; x_wconf 79' lang='lat' dir='ltr'><strong>circumvaga</strong></span> <span class='ocrx_word' id='word_1_271' title='bbox 1963 2997 1964 3000; x_wconf 8' lang='grc' dir='ltr'><strong>Ἴ</strong></span> 
     </span>
    </p>
   </div>
   <div class='ocr_carea' id='block_1_6' title="bbox 282 3021 1829 3324">
    <p class='ocr_par' dir='ltr' id='par_1_13' title="bbox 282 3021 1829 3324">
     <span class='ocr_line' id='line_1_26' title="bbox 283 3021 1708 3113; baseline -0.001 -23"><span class='ocrx_word' id='word_1_272' title='bbox 283 3028 299 3061; x_wconf 76' lang='grc'>“</span> <span class='ocrx_word' id='word_1_273' title='bbox 314 3023 431 3111; x_wconf 80' lang='grc' dir='ltr'><strong>λορένη</strong></span> <span class='ocrx_word' id='word_1_274' title='bbox 448 3025 497 3090; x_wconf 87' lang='grc' dir='ltr'><strong>ἐπ’</strong></span> <span class='ocrx_word' id='word_1_275' title='bbox 509 3025 637 3111; x_wconf 79' lang='grc' dir='ltr'><strong>ἀγέλαις</strong></span> <span class='ocrx_word' id='word_1_276' title='bbox 652 3024 782 3113; x_wconf 82' lang='grc' dir='ltr'><strong>ἑταίρων</strong></span> <span class='ocrx_word' id='word_1_277' title='bbox 798 3048 854 3093; x_wconf 86' lang='grc' dir='ltr'><strong>σου</strong></span> <span class='ocrx_word' id='word_1_278' title='bbox 867 3021 920 3112; x_wconf 75' lang='lat'><strong>¹⁸).</strong></span> <span class='ocrx_word' id='word_1_279' title='bbox 937 3076 952 3110; x_wconf 88' lang='lat'><strong>‚,</strong></span> <span class='ocrx_word' id='word_1_280' title='bbox 1074 3045 1091 3084; x_wconf 80' lang='grc' dir='ltr'><strong>α</strong></span> <span class='ocrx_word' id='word_1_281' title='bbox 1115 3025 1151 3088; x_wconf 93' lang='lat' dir='ltr'><strong>in</strong></span> <span class='ocrx_word' id='word_1_282' title='bbox 1166 3026 1330 3104; x_wconf 78' lang='lat' dir='ltr'><strong>gregibus</strong></span> <span class='ocrx_word' id='word_1_283' title='bbox 1345 3026 1513 3090; x_wconf 85' lang='lat' dir='ltr'><strong>sodalium</strong></span> <span class='ocrx_word' id='word_1_284' title='bbox 1528 3031 1675 3092; x_wconf 90' lang='lat' dir='ltr'><strong>tuorum.</strong></span> <span class='ocrx_word' id='word_1_285' title='bbox 1688 3049 1708 3088; x_wconf 80' lang='grc' dir='ltr'><strong>υ</strong></span> 
     </span>
     <span class='ocr_line' id='line_1_27' title="bbox 303 3126 1826 3218; baseline 0.003 -27"><span class='ocrx_word' id='word_1_286' title='bbox 303 3128 443 3214; x_wconf 71' lang='grc' dir='ltr'><strong>,Πέτραν</strong></span> <span class='ocrx_word' id='word_1_287' title='bbox 458 3132 520 3216; x_wconf 79' lang='grc' dir='ltr'><strong>γὰρ</strong></span> <span class='ocrx_word' id='word_1_288' title='bbox 542 3132 662 3218; x_wconf 80' lang='grc' dir='ltr'><strong>ἔχουσα</strong></span> <span class='ocrx_word' id='word_1_289' title='bbox 676 3140 733 3217; x_wconf 75' lang='grc' dir='ltr'><strong>τῆς</strong></span> <span class='ocrx_word' id='word_1_290' title='bbox 748 3132 792 3210; x_wconf 81' lang='grc' dir='ltr'><strong>τίς</strong></span> <span class='ocrx_word' id='word_1_291' title='bbox 814 3132 920 3198; x_wconf 77' lang='grc' dir='ltr'><strong>πολλὰ</strong></span> <span class='ocrx_word' id='word_1_292' title='bbox 935 3153 1028 3218; x_wconf 80' lang='grc' dir='ltr'><strong>μετα-</strong></span> <span class='ocrx_word' id='word_1_293' title='bbox 1090 3126 1093 3132; x_wconf 77' lang='grc'>’</span> <span class='ocrx_word' id='word_1_294' title='bbox 1114 3129 1216 3192; x_wconf 85' lang='lat' dir='ltr'><strong>Facto</strong></span> <span class='ocrx_word' id='word_1_295' title='bbox 1241 3131 1332 3193; x_wconf 88' lang='lat' dir='ltr'><strong>enim</strong></span> <span class='ocrx_word' id='word_1_296' title='bbox 1350 3129 1422 3210; x_wconf 79' lang='lat' dir='ltr'><strong>Jam</strong></span> <span class='ocrx_word' id='word_1_297' title='bbox 1444 3131 1594 3212; x_wconf 86' lang='lat' dir='ltr'><strong>periculo</strong></span> <span class='ocrx_word' id='word_1_298' title='bbox 1620 3134 1826 3197; x_wconf 89' lang='lat' dir='ltr'><strong>mutationis</strong></span> 
     </span>
     <span class='ocr_line' id='line_1_28' title="bbox 282 3230 1829 3324; baseline 0.003 -31"><span class='ocrx_word' id='word_1_299' title='bbox 282 3230 389 3318; x_wconf 81' lang='grc' dir='ltr'><strong>θολής,</strong></span> <span class='ocrx_word' id='word_1_300' title='bbox 405 3231 493 3320; x_wconf 76' lang='grc' dir='ltr'><strong>ἠξίου</strong></span> <span class='ocrx_word' id='word_1_301' title='bbox 508 3234 716 3321; x_wconf 75' lang='grc' dir='ltr'><strong>στηριχθῆναι</strong></span> <span class='ocrx_word' id='word_1_302' title='bbox 729 3234 839 3302; x_wconf 80' lang='grc' dir='ltr'><strong>λοιπὸν</strong></span> <span class='ocrx_word' id='word_1_303' title='bbox 854 3239 907 3302; x_wconf 79' lang='grc' dir='ltr'><strong>καὶ</strong></span> <span class='ocrx_word' id='word_1_304' title='bbox 923 3235 1026 3324; x_wconf 75' lang='grc' dir='ltr'><strong>βεὸαι-</strong></span> <span class='ocrx_word' id='word_1_305' title='bbox 1071 3231 1282 3312; x_wconf 80' lang='lat' dir='ltr'><strong>multiplicis,</strong></span> <span class='ocrx_word' id='word_1_306' title='bbox 1302 3235 1451 3314; x_wconf 77' lang='lat' dir='ltr'><strong>postulat</strong></span> <span class='ocrx_word' id='word_1_307' title='bbox 1465 3239 1504 3298; x_wconf 79' lang='lat' dir='ltr'><strong>ut</strong></span> <span class='ocrx_word' id='word_1_308' title='bbox 1517 3234 1653 3300; x_wconf 83' lang='lat' dir='ltr'><strong>demum</strong></span> <span class='ocrx_word' id='word_1_309' title='bbox 1670 3237 1829 3300; x_wconf 72' lang='lat' dir='ltr'><strong>stabilita</strong></span> 
     </span>
    </p>
   </div>
   <div class='ocr_carea' id='block_1_7' title="bbox 281 3323 1964 3427">
    <p class='ocr_par' dir='ltr' id='par_1_14' title="bbox 281 3323 1964 3427">
     <span class='ocr_line' id='line_1_29' title="bbox 281 3323 1964 3427; baseline 0.005 -30"><span class='ocrx_word' id='word_1_310' title='bbox 281 3335 410 3423; x_wconf 70' lang='grc' dir='ltr'><strong>τυθῆναι,</strong></span> <span class='ocrx_word' id='word_1_311' title='bbox 426 3336 548 3425; x_wconf 73' lang='grc' dir='ltr'><strong>μήποτε</strong></span> <span class='ocrx_word' id='word_1_312' title='bbox 562 3339 656 3407; x_wconf 72' lang='grc' dir='ltr'><strong>πάλιν</strong></span> <span class='ocrx_word' id='word_1_313' title='bbox 670 3340 755 3427; x_wconf 73' lang='grc' dir='ltr'><strong>πάθῃ</strong></span> <span class='ocrx_word' id='word_1_314' title='bbox 772 3344 807 3406; x_wconf 74' lang='grc' dir='ltr'><strong>τὸ</strong></span> <span class='ocrx_word' id='word_1_315' title='bbox 822 3323 909 3407; x_wconf 61' lang='lat' dir='ltr'><strong>atil,</strong></span> <span class='ocrx_word' id='word_1_316' title='bbox 1071 3338 1105 3398; x_wconf 90' lang='lat' dir='ltr'><strong>et</strong></span> <span class='ocrx_word' id='word_1_317' title='bbox 1119 3334 1328 3402; x_wconf 76' lang='lat' dir='ltr'><strong>confirmata</strong></span> <span class='ocrx_word' id='word_1_318' title='bbox 1339 3335 1408 3418; x_wconf 88' lang='lat' dir='ltr'><strong>fiat,</strong></span> <span class='ocrx_word' id='word_1_319' title='bbox 1425 3354 1467 3401; x_wconf 88' lang='lat' dir='ltr'><strong>ne</strong></span> <span class='ocrx_word' id='word_1_320' title='bbox 1490 3337 1574 3402; x_wconf 81' lang='lat' dir='ltr'><strong>sorte</strong></span> <span class='ocrx_word' id='word_1_321' title='bbox 1593 3357 1712 3404; x_wconf 86' lang='lat' dir='ltr'><strong>rursus</strong></span> <span class='ocrx_word' id='word_1_322' title='bbox 1730 3339 1826 3404; x_wconf 92' lang='lat' dir='ltr'><strong>idem</strong></span> <span class='ocrx_word' id='word_1_323' title='bbox 1963 3389 1964 3406; x_wconf 44' lang='lat' dir='ltr'><strong>t</strong></span> 
     </span>
    </p>
   </div>
   <div class='ocr_carea' id='block_1_8' title="bbox 281 3439 1964 3948">
    <p class='ocr_par' dir='ltr' id='par_1_15' title="bbox 281 3439 1964 3948">
     <span class='ocr_line' id='line_1_30' title="bbox 1070 3439 1964 3526; baseline 0.011 -25"><span class='ocrx_word' id='word_1_324' title='bbox 1070 3439 1231 3522; x_wconf 88' lang='lat' dir='ltr'><strong>patiatur.</strong></span> <span class='ocrx_word' id='word_1_325' title='bbox 1963 3509 1964 3526; x_wconf 65' lang='grc'><strong>,</strong></span> 
     </span>
     <span class='ocr_line' id='line_1_31' title="bbox 306 3545 1827 3635; baseline 0.003 -26"><span class='ocrx_word' id='word_1_326' title='bbox 306 3545 547 3632; x_wconf 72' lang='grc' dir='ltr'><strong>,Παρακληθτίς</strong></span> <span class='ocrx_word' id='word_1_327' title='bbox 573 3546 591 3613; x_wconf 87' lang='grc' dir='ltr'><strong>ό</strong></span> <span class='ocrx_word' id='word_1_328' title='bbox 621 3547 724 3635; x_wconf 74' lang='grc' dir='ltr'><strong>Λόγος</strong></span> <span class='ocrx_word' id='word_1_329' title='bbox 750 3547 892 3616; x_wconf 75' lang='grc' dir='ltr'><strong>διδάσκει</strong></span> <span class='ocrx_word' id='word_1_330' title='bbox 916 3547 1026 3616; x_wconf 69' lang='grc' dir='ltr'><strong>λοιπὸν</strong></span> <span class='ocrx_word' id='word_1_331' title='bbox 1115 3546 1312 3610; x_wconf 82' lang='lat' dir='ltr'><strong>Invocatum</strong></span> <span class='ocrx_word' id='word_1_332' title='bbox 1323 3545 1827 3613; x_wconf 85' lang='lat' dir='ltr'><strong>Verbumsiceamdocetdein·</strong></span> 
     </span>
     <span class='ocr_line' id='line_1_32' title="bbox 281 3637 1163 3738; baseline -0.006 -22"><span class='ocrx_word' id='word_1_333' title='bbox 281 3651 380 3738; x_wconf 73' lang='grc' dir='ltr'><strong>αλιι-ὴν</strong></span> <span class='ocrx_word' id='word_1_334' title='bbox 396 3652 447 3717; x_wconf 80' lang='grc' dir='ltr'><strong>διὰ</strong></span> <span class='ocrx_word' id='word_1_335' title='bbox 460 3651 596 3717; x_wconf 79' lang='grc' dir='ltr'><strong>τούτων·</strong></span> <span class='ocrx_word' id='word_1_336' title='bbox 909 3637 911 3642; x_wconf 66' lang='grc'><strong>’</strong></span> <span class='ocrx_word' id='word_1_337' title='bbox 1071 3665 1163 3730; x_wconf 87' lang='lat' dir='ltr'><strong>ceps;</strong></span> 
     </span>
     <span class='ocr_line' id='line_1_33' title="bbox 302 3753 1825 3843; baseline -0.001 -23"><span class='ocrx_word' id='word_1_338' title='bbox 302 3804 305 3812; x_wconf 67' lang='lat'><strong>,</strong></span> <span class='ocrx_word' id='word_1_339' title='bbox 326 3753 432 3820; x_wconf 71' lang='lat' dir='ltr'><strong>“’Edv</strong></span> <span class='ocrx_word' id='word_1_340' title='bbox 441 3756 573 3840; x_wconf 80' lang='grc' dir='ltr'><strong>μὴγνῶς</strong></span> <span class='ocrx_word' id='word_1_341' title='bbox 585 3756 733 3841; x_wconf 81' lang='grc' dir='ltr'><strong>σεαυτὴν,</strong></span> <span class='ocrx_word' id='word_1_342' title='bbox 745 3753 767 3841; x_wconf 77' lang='grc' dir='ltr'>ἡ</span> <span class='ocrx_word' id='word_1_343' title='bbox 780 3755 865 3842; x_wconf 76' lang='grc' dir='ltr'><strong>καλὴ</strong></span> <span class='ocrx_word' id='word_1_344' title='bbox 879 3756 913 3822; x_wconf 87' lang='grc' dir='ltr'><strong>ἐν</strong></span> <span class='ocrx_word' id='word_1_345' title='bbox 923 3777 1028 3843; x_wconf 85' lang='grc' dir='ltr'><strong>γυναι·</strong></span> <span class='ocrx_word' id='word_1_346' title='bbox 1117 3774 1134 3814; x_wconf 81' lang='grc' dir='ltr'><strong>ι</strong></span> <span class='ocrx_word' id='word_1_347' title='bbox 1156 3754 1229 3818; x_wconf 86' lang='lat' dir='ltr'><strong>Nisi</strong></span> <span class='ocrx_word' id='word_1_348' title='bbox 1245 3757 1279 3818; x_wconf 87' lang='lat' dir='ltr'><strong>te</strong></span> <span class='ocrx_word' id='word_1_349' title='bbox 1290 3754 1501 3834; x_wconf 82' lang='lat' dir='ltr'><strong>cognoveris,</strong></span> <span class='ocrx_word' id='word_1_350' title='bbox 1514 3770 1533 3816; x_wconf 96' lang='lat' dir='ltr'><strong>o</strong></span> <span class='ocrx_word' id='word_1_351' title='bbox 1545 3754 1687 3836; x_wconf 90' lang='lat' dir='ltr'><strong>pulchra</strong></span> <span class='ocrx_word' id='word_1_352' title='bbox 1699 3755 1736 3820; x_wconf 92' lang='lat' dir='ltr'><strong>in</strong></span> <span class='ocrx_word' id='word_1_353' title='bbox 1749 3773 1825 3819; x_wconf 90' lang='lat' dir='ltr'><strong>mu·</strong></span> 
     </span>
     <span class='ocr_line' id='line_1_34' title="bbox 285 3857 1820 3948; baseline -0.001 -24"><span class='ocrx_word' id='word_1_354' title='bbox 285 3862 299 3895; x_wconf 79' lang='lat'><strong>‘⁴</strong></span> <span class='ocrx_word' id='word_1_355' title='bbox 315 3857 371 3942; x_wconf 81' lang='grc' dir='ltr'><strong>ξίν,</strong></span> <span class='ocrx_word' id='word_1_356' title='bbox 391 3858 503 3939; x_wconf 75' lang='grc' dir='ltr'><strong>ἔξελθε,</strong></span> <span class='ocrx_word' id='word_1_357' title='bbox 519 3862 557 3926; x_wconf 84' lang='grc' dir='ltr'><strong>σὺ</strong></span> <span class='ocrx_word' id='word_1_358' title='bbox 580 3860 614 3925; x_wconf 85' lang='grc' dir='ltr'><strong>ἐν</strong></span> <span class='ocrx_word' id='word_1_359' title='bbox 629 3857 774 3945; x_wconf 83' lang='grc' dir='ltr'><strong>πτέρναις</strong></span> <span class='ocrx_word' id='word_1_360' title='bbox 791 3870 853 3927; x_wconf 90' lang='grc' dir='ltr'><strong>τῶν</strong></span> <span class='ocrx_word' id='word_1_361' title='bbox 868 3860 1026 3948; x_wconf 80' lang='grc' dir='ltr'><strong>ποιμνίων,</strong></span> <span class='ocrx_word' id='word_1_362' title='bbox 1073 3878 1090 3918; x_wconf 81' lang='grc' dir='ltr'><strong>τ</strong></span> <span class='ocrx_word' id='word_1_363' title='bbox 1113 3858 1264 3939; x_wconf 75' lang='lat' dir='ltr'><strong>lienibus,</strong></span> <span class='ocrx_word' id='word_1_364' title='bbox 1284 3859 1392 3922; x_wconf 86' lang='lat' dir='ltr'><strong>exitu</strong></span> <span class='ocrx_word' id='word_1_365' title='bbox 1409 3859 1444 3921; x_wconf 91' lang='lat' dir='ltr'><strong>in</strong></span> <span class='ocrx_word' id='word_1_366' title='bbox 1459 3859 1616 3937; x_wconf 84' lang='lat' dir='ltr'><strong>vestigiis</strong></span> <span class='ocrx_word' id='word_1_367' title='bbox 1630 3864 1820 3940; x_wconf 87' lang='lat' dir='ltr'><strong>pastorum,</strong></span> 
     </span>
    </p>
   </div>
   <div class='ocr_carea' id='block_1_9' title="bbox 282 3961 1964 4051">
    <p class='ocr_par' dir='ltr' id='par_1_16' title="bbox 282 3961 1964 4051">
     <span class='ocr_line' id='line_1_35' title="bbox 282 3961 1964 4051; baseline -0.004 -23"><span class='ocrx_word' id='word_1_368' title='bbox 282 3965 369 4028; x_wconf 75' lang='lat' dir='ltr'><strong>“acl</strong></span> <span class='ocrx_word' id='word_1_369' title='bbox 383 3961 528 4048; x_wconf 81' lang='grc' dir='ltr'><strong>ποίμαινε</strong></span> <span class='ocrx_word' id='word_1_370' title='bbox 543 3965 600 4042; x_wconf 87' lang='grc' dir='ltr'><strong>τόις</strong></span> <span class='ocrx_word' id='word_1_371' title='bbox 615 3961 739 4049; x_wconf 81' lang='grc' dir='ltr'><strong>ἐρίφους</strong></span> <span class='ocrx_word' id='word_1_372' title='bbox 754 3984 822 4046; x_wconf 84' lang='grc' dir='ltr'><strong>σου,</strong></span> <span class='ocrx_word' id='word_1_373' title='bbox 837 3963 889 4030; x_wconf 83' lang='grc' dir='ltr'><strong>ἐπί</strong></span> <span class='ocrx_word' id='word_1_374' title='bbox 904 3964 1027 4051; x_wconf 67' lang='lat' dir='ltr'><strong>monad-</strong></span> <span class='ocrx_word' id='word_1_375' title='bbox 1073 3966 1149 4025; x_wconf 80' lang='lat' dir='ltr'><strong>oet</strong></span> <span class='ocrx_word' id='word_1_376' title='bbox 1173 3979 1271 4042; x_wconf 90' lang='lat' dir='ltr'><strong>pasce</strong></span> <span class='ocrx_word' id='word_1_377' title='bbox 1294 3961 1406 4026; x_wconf 83' lang='lat' dir='ltr'><strong>haedos</strong></span> <span class='ocrx_word' id='word_1_378' title='bbox 1432 3965 1509 4025; x_wconf 92' lang='lat' dir='ltr'><strong>tuos</strong></span> <span class='ocrx_word' id='word_1_379' title='bbox 1525 3962 1561 4025; x_wconf 92' lang='lat' dir='ltr'><strong>in</strong></span> <span class='ocrx_word' id='word_1_380' title='bbox 1591 3961 1823 4026; x_wconf 86' lang='lat' dir='ltr'><strong>tabernaculis</strong></span> <span class='ocrx_word' id='word_1_381' title='bbox 1963 3961 1964 3978; x_wconf 33' lang='lat' dir='ltr'><strong>l</strong></span> 
     </span>
    </p>
   </div>
   <div class='ocr_carea' id='block_1_10' title="bbox 279 4062 1820 4663">
    <p class='ocr_par' dir='ltr' id='par_1_17' title="bbox 281 4062 1379 4154">
     <span class='ocr_line' id='line_1_36' title="bbox 281 4062 1379 4154; baseline -0.007 -22"><span class='ocrx_word' id='word_1_382' title='bbox 281 4070 391 4154; x_wconf 68' lang='lat' dir='ltr'><strong>“uoci</strong></span> <span class='ocrx_word' id='word_1_383' title='bbox 404 4076 465 4132; x_wconf 90' lang='grc' dir='ltr'><strong>τῶν</strong></span> <span class='ocrx_word' id='word_1_384' title='bbox 480 4065 634 4154; x_wconf 80' lang='grc' dir='ltr'><strong>ποιμένων</strong></span> <span class='ocrx_word' id='word_1_385' title='bbox 647 4062 700 4154; x_wconf 74' lang='lat'><strong>¹⁹).</strong></span> <span class='ocrx_word' id='word_1_386' title='bbox 717 4117 732 4151; x_wconf 92' lang='grc'><strong>,</strong></span> <span class='ocrx_word' id='word_1_387' title='bbox 1072 4084 1090 4124; x_wconf 79' lang='grc' dir='ltr'><strong>τι</strong></span> <span class='ocrx_word' id='word_1_388' title='bbox 1113 4064 1379 4128; x_wconf 82' lang='lat' dir='ltr'><strong>bubulcorum.»</strong></span> 
     </span>
    </p>

    <p class='ocr_par' dir='ltr' id='par_1_18' title="bbox 279 4168 1820 4570">
     <span class='ocr_line' id='line_1_37' title="bbox 324 4168 1820 4260; baseline -0.001 -24"><span class='ocrx_word' id='word_1_389' title='bbox 324 4168 516 4260; x_wconf 82' lang='grc' dir='ltr'><strong>Οὐδύναται</strong></span> <span class='ocrx_word' id='word_1_390' title='bbox 530 4172 592 4257; x_wconf 82' lang='grc' dir='ltr'><strong>γάρ</strong></span> <span class='ocrx_word' id='word_1_391' title='bbox 604 4193 649 4250; x_wconf 88' lang='grc' dir='ltr'><strong>τις</strong></span> <span class='ocrx_word' id='word_1_392' title='bbox 663 4181 778 4257; x_wconf 87' lang='grc' dir='ltr'><strong>γνῶναι</strong></span> <span class='ocrx_word' id='word_1_393' title='bbox 789 4169 879 4254; x_wconf 82' lang='grc' dir='ltr'><strong>Θεὸν,</strong></span> <span class='ocrx_word' id='word_1_394' title='bbox 894 4173 936 4258; x_wconf 78' lang='grc' dir='ltr'><strong>μὴ</strong></span> <span class='ocrx_word' id='word_1_395' title='bbox 950 4170 1025 4257; x_wconf 78' lang='grc' dir='ltr'><strong>πρό·</strong></span> <span class='ocrx_word' id='word_1_396' title='bbox 1114 4170 1217 4232; x_wconf 89' lang='lat' dir='ltr'><strong>Nemo</strong></span> <span class='ocrx_word' id='word_1_397' title='bbox 1229 4169 1319 4233; x_wconf 89' lang='lat' dir='ltr'><strong>enim</strong></span> <span class='ocrx_word' id='word_1_398' title='bbox 1332 4169 1417 4250; x_wconf 88' lang='lat' dir='ltr'><strong>potis</strong></span> <span class='ocrx_word' id='word_1_399' title='bbox 1425 4171 1476 4232; x_wconf 92' lang='lat' dir='ltr'><strong>est</strong></span> <span class='ocrx_word' id='word_1_400' title='bbox 1487 4186 1623 4234; x_wconf 89' lang='lat' dir='ltr'><strong>noscere</strong></span> <span class='ocrx_word' id='word_1_401' title='bbox 1635 4171 1756 4252; x_wconf 89' lang='lat' dir='ltr'><strong>Deum,</strong></span> <span class='ocrx_word' id='word_1_402' title='bbox 1768 4170 1820 4234; x_wconf 92' lang='lat' dir='ltr'><strong>ni·</strong></span> 
     </span>
     <span class='ocr_line' id='line_1_38' title="bbox 279 4271 1818 4362; baseline -0.003 -22"><span class='ocrx_word' id='word_1_403' title='bbox 279 4295 370 4360; x_wconf 84' lang='grc' dir='ltr'><strong>τερον</strong></span> <span class='ocrx_word' id='word_1_404' title='bbox 384 4278 477 4361; x_wconf 84' lang='grc' dir='ltr'><strong>γνοὺς</strong></span> <span class='ocrx_word' id='word_1_405' title='bbox 489 4273 792 4353; x_wconf 75' lang='grc' dir='ltr'><strong>ἑαυτόνΕόαεδείας</strong></span> <span class='ocrx_word' id='word_1_406' title='bbox 804 4277 921 4362; x_wconf 83' lang='grc' dir='ltr'><strong>γὰρτίς</strong></span> <span class='ocrx_word' id='word_1_407' title='bbox 933 4275 1025 4360; x_wconf 80' lang='grc' dir='ltr'><strong>Θεὸν,</strong></span> <span class='ocrx_word' id='word_1_408' title='bbox 1069 4271 1099 4334; x_wconf 86' lang='lat' dir='ltr'><strong>si</strong></span> <span class='ocrx_word' id='word_1_409' title='bbox 1106 4271 1200 4351; x_wconf 88' lang='lat' dir='ltr'><strong>prius</strong></span> <span class='ocrx_word' id='word_1_410' title='bbox 1208 4273 1339 4334; x_wconf 89' lang='lat' dir='ltr'><strong>noverit</strong></span> <span class='ocrx_word' id='word_1_411' title='bbox 1346 4289 1382 4335; x_wconf 91' lang='lat' dir='ltr'><strong>se</strong></span> <span class='ocrx_word' id='word_1_412' title='bbox 1390 4273 1512 4353; x_wconf 90' lang='lat' dir='ltr'><strong>ipsum.</strong></span> <span class='ocrx_word' id='word_1_413' title='bbox 1525 4274 1663 4337; x_wconf 88' lang='lat' dir='ltr'><strong>Pietatis</strong></span> <span class='ocrx_word' id='word_1_414' title='bbox 1676 4275 1769 4339; x_wconf 91' lang='lat' dir='ltr'><strong>enim</strong></span> <span class='ocrx_word' id='word_1_415' title='bbox 1782 4275 1818 4337; x_wconf 92' lang='lat' dir='ltr'><strong>in</strong></span> 
     </span>
     <span class='ocr_line' id='line_1_39' title="bbox 281 4377 1818 4465; baseline 0.001 -27"><span class='ocrx_word' id='word_1_416' title='bbox 281 4379 365 4465; x_wconf 73' lang='grc' dir='ltr'><strong>ἀρχὴ</strong></span> <span class='ocrx_word' id='word_1_417' title='bbox 383 4377 546 4463; x_wconf 80' lang='grc' dir='ltr'><strong>αίσθησῖς·</strong></span> <span class='ocrx_word' id='word_1_418' title='bbox 568 4378 712 4463; x_wconf 78' lang='grc' dir='ltr'><strong>αἴσθησις</strong></span> <span class='ocrx_word' id='word_1_419' title='bbox 728 4378 772 4460; x_wconf 73' lang='grc' dir='ltr'><strong>δὲ,</strong></span> <span class='ocrx_word' id='word_1_420' title='bbox 788 4378 848 4465; x_wconf 76' lang='grc' dir='ltr'><strong>οὐχ</strong></span> <span class='ocrx_word' id='word_1_421' title='bbox 863 4378 885 4464; x_wconf 78' lang='grc' dir='ltr'>ἡ</span> <span class='ocrx_word' id='word_1_422' title='bbox 902 4378 1024 4465; x_wconf 72' lang='grc' dir='ltr'><strong>ἔξωθεν,</strong></span> <span class='ocrx_word' id='word_1_423' title='bbox 1069 4377 1177 4438; x_wconf 88' lang='lat' dir='ltr'><strong>Deum</strong></span> <span class='ocrx_word' id='word_1_424' title='bbox 1200 4377 1338 4439; x_wconf 91' lang='lat' dir='ltr'><strong>initium</strong></span> <span class='ocrx_word' id='word_1_425' title='bbox 1361 4381 1413 4440; x_wconf 86' lang='lat' dir='ltr'><strong>est</strong></span> <span class='ocrx_word' id='word_1_426' title='bbox 1441 4393 1570 4456; x_wconf 86' lang='lat' dir='ltr'><strong>sensus,</strong></span> <span class='ocrx_word' id='word_1_427' title='bbox 1593 4393 1713 4441; x_wconf 89' lang='lat' dir='ltr'><strong>sensus</strong></span> <span class='ocrx_word' id='word_1_428' title='bbox 1736 4393 1818 4442; x_wconf 88' lang='lat' dir='ltr'><strong>vero</strong></span> 
     </span>
     <span class='ocr_line' id='line_1_40' title="bbox 281 4479 1817 4570; baseline -0.003 -22"><span class='ocrx_word' id='word_1_429' title='bbox 281 4482 385 4569; x_wconf 77' lang='grc' dir='ltr'><strong>ἀλλ’τ)</strong></span> <span class='ocrx_word' id='word_1_430' title='bbox 402 4484 508 4570; x_wconf 73' lang='grc' dir='ltr'><strong>ψυχῆς</strong></span> <span class='ocrx_word' id='word_1_431' title='bbox 524 4482 645 4550; x_wconf 81' lang='grc' dir='ltr'><strong>διάνοια</strong></span> <span class='ocrx_word' id='word_1_432' title='bbox 660 4481 897 4569; x_wconf 63' lang='lat' dir='ltr'><strong>perdideram.</strong></span> <span class='ocrx_word' id='word_1_433' title='bbox 1069 4496 1136 4542; x_wconf 92' lang='lat' dir='ltr'><strong>non</strong></span> <span class='ocrx_word' id='word_1_434' title='bbox 1152 4483 1324 4561; x_wconf 86' lang='lat' dir='ltr'><strong>externus,</strong></span> <span class='ocrx_word' id='word_1_435' title='bbox 1340 4481 1400 4545; x_wconf 90' lang='lat' dir='ltr'><strong>sed</strong></span> <span class='ocrx_word' id='word_1_436' title='bbox 1415 4481 1474 4563; x_wconf 88' lang='lat' dir='ltr'><strong>qui</strong></span> <span class='ocrx_word' id='word_1_437' title='bbox 1489 4499 1568 4544; x_wconf 87' lang='lat' dir='ltr'><strong>oum</strong></span> <span class='ocrx_word' id='word_1_438' title='bbox 1590 4479 1655 4546; x_wconf 88' lang='lat' dir='ltr'><strong>fide</strong></span> <span class='ocrx_word' id='word_1_439' title='bbox 1672 4488 1723 4546; x_wconf 90' lang='lat' dir='ltr'><strong>est</strong></span> <span class='ocrx_word' id='word_1_440' title='bbox 1746 4481 1817 4547; x_wconf 91' lang='lat' dir='ltr'><strong>aui-</strong></span> 
     </span>
    </p>

    <p class='ocr_par' dir='ltr' id='par_1_19' title="bbox 944 4585 1319 4663">
     <span class='ocr_line' id='line_1_41' title="bbox 944 4585 1319 4663; baseline 0.016 -21"><span class='ocrx_word' id='word_1_441' title='bbox 944 4637 946 4642; x_wconf 90' lang='lat'><em>.</em></span> <span class='ocrx_word' id='word_1_442' title='bbox 1070 4601 1133 4648; x_wconf 84' lang='lat' dir='ltr'><strong>mae</strong></span> <span class='ocrx_word' id='word_1_443' title='bbox 1147 4585 1319 4663; x_wconf 86' lang='lat' dir='ltr'><strong>cogitatio.</strong></span> 
     </span>
    </p>
   </div>
   <div class='ocr_carea' id='block_1_11' title="bbox 323 4687 1815 4778">
    <p class='ocr_par' dir='ltr' id='par_1_20' title="bbox 323 4687 1815 4778">
     <span class='ocr_line' id='line_1_42' title="bbox 323 4687 1815 4778; baseline -0.007 -19"><span class='ocrx_word' id='word_1_444' title='bbox 323 4690 364 4759; x_wconf 88' lang='lat' dir='ltr'><strong>‘H</strong></span> <span class='ocrx_word' id='word_1_445' title='bbox 379 4689 601 4778; x_wconf 73' lang='grc' dir='ltr'><strong>Ἰερουσαλὴμ,</strong></span> <span class='ocrx_word' id='word_1_446' title='bbox 614 4689 950 4778; x_wconf 76' lang='grc' dir='ltr'><strong>όρῶοατὴνέγνληαιν</strong></span> <span class='ocrx_word' id='word_1_447' title='bbox 964 4699 1025 4757; x_wconf 89' lang='grc' dir='ltr'><strong>τῶν</strong></span> <span class='ocrx_word' id='word_1_448' title='bbox 1113 4688 1336 4768; x_wconf 86' lang='lat' dir='ltr'><strong>Hierusalem,</strong></span> <span class='ocrx_word' id='word_1_449' title='bbox 1357 4687 1476 4753; x_wconf 83' lang='lat' dir='ltr'><strong>videns</strong></span> <span class='ocrx_word' id='word_1_450' title='bbox 1498 4688 1710 4753; x_wconf 82' lang='lat' dir='ltr'><strong>vocationem</strong></span> <span class='ocrx_word' id='word_1_451' title='bbox 1732 4703 1815 4768; x_wconf 87' lang='lat' dir='ltr'><strong>gen·</strong></span> 
     </span>
    </p>
   </div>
   <div class='ocr_carea' id='block_1_12' title="bbox 275 4917 1340 5188">
    <p class='ocr_par' dir='ltr' id='par_1_21' title="bbox 275 4917 1340 5188">
     <span class='ocr_line' id='line_1_43' title="bbox 312 4917 1340 5018; baseline -0.003 -19"><span class='ocrx_word' id='word_1_452' title='bbox 312 4943 357 5018; x_wconf 82' lang='lat'><strong>16)</strong></span> <span class='ocrx_word' id='word_1_453' title='bbox 370 4917 453 4999; x_wconf 69' lang='lat' dir='ltr'><strong>oens.</strong></span> <span class='ocrx_word' id='word_1_454' title='bbox 467 4959 501 5014; x_wconf 89' lang='grc' dir='ltr'><strong>ιι,</strong></span> <span class='ocrx_word' id='word_1_455' title='bbox 513 4943 603 4999; x_wconf 81' lang='grc'><strong>10-13.</strong></span> <span class='ocrx_word' id='word_1_456' title='bbox 616 4940 687 4999; x_wconf 81' lang='lat' dir='ltr'><strong>(lod.</strong></span> <span class='ocrx_word' id='word_1_457' title='bbox 698 4947 882 5014; x_wconf 76' lang='grc' dir='ltr'><strong>αοιπριςουσιν,</strong></span> <span class='ocrx_word' id='word_1_458' title='bbox 895 4949 926 5001; x_wconf 84' lang='lat' dir='ltr'><strong>et</strong></span> <span class='ocrx_word' id='word_1_459' title='bbox 937 4943 1026 5018; x_wconf 82' lang='lat' dir='ltr'><strong>paulo</strong></span> <span class='ocrx_word' id='word_1_460' title='bbox 1104 4941 1151 5014; x_wconf 79' lang='lat'><strong>17)</strong></span> <span class='ocrx_word' id='word_1_461' title='bbox 1164 4940 1247 4997; x_wconf 83' lang='lat' dir='ltr'><strong>Cant</strong></span> <span class='ocrx_word' id='word_1_462' title='bbox 1261 4956 1301 5011; x_wconf 79' lang='grc' dir='ltr'><strong>ιν,</strong></span> <span class='ocrx_word' id='word_1_463' title='bbox 1313 4941 1340 4997; x_wconf 86' lang='grc'><strong>8.</strong></span> 
     </span>
     <span class='ocr_line' id='line_1_44' title="bbox 276 5027 1321 5102; baseline -0.001 -18"><span class='ocrx_word' id='word_1_464' title='bbox 276 5035 345 5102; x_wconf 80' lang='lat' dir='ltr'><strong>post</strong></span> <span class='ocrx_word' id='word_1_465' title='bbox 353 5033 528 5096; x_wconf 68' lang='lat' dir='ltr'><strong>catorbite</strong></span> <span class='ocrx_word' id='word_1_466' title='bbox 538 5033 587 5100; x_wconf 78' lang='grc' dir='ltr'><strong>τήν</strong></span> <span class='ocrx_word' id='word_1_467' title='bbox 599 5033 699 5100; x_wconf 78' lang='grc' dir='ltr'><strong>φωνήν.</strong></span> <span class='ocrx_word' id='word_1_468' title='bbox 712 5028 822 5088; x_wconf 80' lang='lat' dir='ltr'><strong>Maure.</strong></span> <span class='ocrx_word' id='word_1_469' title='bbox 833 5029 937 5088; x_wconf 83' lang='lat' dir='ltr'><strong>habet:</strong></span> <span class='ocrx_word' id='word_1_470' title='bbox 950 5035 1025 5088; x_wconf 81' lang='grc' dir='ltr'><strong>οιιίαν</strong></span> <span class='ocrx_word' id='word_1_471' title='bbox 1105 5027 1151 5101; x_wconf 87' lang='grc'><strong>18)</strong></span> <span class='ocrx_word' id='word_1_472' title='bbox 1164 5027 1248 5084; x_wconf 76' lang='lat' dir='ltr'><strong>(lant.</strong></span> <span class='ocrx_word' id='word_1_473' title='bbox 1261 5043 1282 5098; x_wconf 86' lang='lat'><strong>1,</strong></span> <span class='ocrx_word' id='word_1_474' title='bbox 1295 5029 1321 5084; x_wconf 75' lang='lat'><strong>7.</strong></span> 
     </span>
     <span class='ocr_line' id='line_1_45' title="bbox 275 5113 1319 5188; baseline -0.005 -14"><span class='ocrx_word' id='word_1_475' title='bbox 275 5117 360 5188; x_wconf 76' lang='grc' dir='ltr'><strong>τὴντ.</strong></span> <span class='ocrx_word' id='word_1_476' title='bbox 368 5133 396 5183; x_wconf 72' lang='grc' dir='ltr'><strong>,π</strong></span> <span class='ocrx_word' id='word_1_477' title='bbox 409 5135 433 5177; x_wconf 86' lang='grc' dir='ltr'><strong>ν.</strong></span> <span class='ocrx_word' id='word_1_478' title='bbox 445 5121 570 5184; x_wconf 70' lang='grc' dir='ltr'><strong>διδάσκει,</strong></span> <span class='ocrx_word' id='word_1_479' title='bbox 582 5121 629 5176; x_wconf 79' lang='grc' dir='ltr'><strong>καί</strong></span> <span class='ocrx_word' id='word_1_480' title='bbox 640 5119 737 5175; x_wconf 76' lang='grc' dir='ltr'><strong>εἰδότα.</strong></span> <span class='ocrx_word' id='word_1_481' title='bbox 1105 5115 1150 5188; x_wconf 88' lang='grc'><strong>19)</strong></span> <span class='ocrx_word' id='word_1_482' title='bbox 1163 5113 1246 5172; x_wconf 79' lang='lat' dir='ltr'><strong>Cant.</strong></span> <span class='ocrx_word' id='word_1_483' title='bbox 1260 5131 1281 5186; x_wconf 88' lang='grc' dir='ltr'><strong>ι,</strong></span> <span class='ocrx_word' id='word_1_484' title='bbox 1292 5114 1319 5170; x_wconf 90' lang='grc'><strong>8.</strong></span> 
     </span>
    </p>
   </div>
   <div class='ocr_carea' id='block_1_13' title="bbox 0 0 1988 6104">
    <p class='ocr_par' dir='ltr' id='par_1_22' title="bbox 0 0 1988 6104">
     <span class='ocr_line' id='line_1_46' title="bbox 0 0 1988 6104; baseline 0 0"><span class='ocrx_word' id='word_1_485' title='bbox 0 0 1988 6104; x_wconf 95' lang='lat' dir='ltr'><strong> </strong></span> 
     </span>
    </p>
   </div>
  </div>
 </body>
</html>
