4036 6090
275 433 336 494 150
934 434 1145 497 ORIGENES

266 568 397 657 Ἀγαπᾷ
420 571 537 657 Κύριος
553 575 610 651 τθις
626 574 728 651 πύλας
743 574 825 640 Σίων
848 574 926 659 ὑπὲρ
942 572 1018 639 πάν-
1069 575 1140 639 otia.
1165 574 1287 657 Detinet
1309 574 1468 638 Dominus
1484 577 1599 654 portas
1621 574 1700 638 Stoa
1717 589 1815 656 supet·

264 695 304 738 τα
320 676 361 739 τὰ
376 675 572 762 σκηνώματα
586 676 714 743 ’laedi
1068 679 1176 744 omnio
1191 679 1398 744 tabernacola
1412 679 1517 744 Jacob.

312 777 453 864 Θεμέλια
468 789 527 864 της
542 779 702 858 εθσεὸείας
714 782 754 846 τθι
769 780 838 846 θεῖα
848 779 1019 866 παιδεύμα-
1104 783 1328 848 monaterio
1337 785 1514 862 religionis
1523 789 1603 847 sunt
1611 783 1816 864 divinaprae-

263 902 322 946 τα·
338 884 396 968 ὄρη
421 883 456 947 δέ
472 885 557 969 ἅγια,
582 885 686 970 ἐφ’ων
707 894 807 950 ταῦτα
829 883 955 969 πέπηγε
978 884 1019 947 τθι
1071 893 1178 968 cepta.
1196 889 1324 951 Montes
1340 892 1455 951 autern
1471 889 1590 968 sancti,
1614 905 1716 970 super
1730 905 1816 970 quos

265 986 411 1073 θεμέλια,
434 989 463 1053 οἱ
485 1000 541 1055 τοῦ
564 991 713 1076 Σωτήρος
736 989 916 1056 ἀπόστολοι.
940 990 1018 1075 Περί
1069 994 1200 1053 structa
1218 989 1313 1054 fuere
1332 990 1562 1072 fundamenta,
1582 996 1663 1054 sunt
1677 994 1816 1073 Aposto-

263 1093 381 1158 τούτων
396 1094 457 1179 γὰρ
474 1095 536 1180 ἐφη
553 1096 607 1158 καί
628 1094 771 1173 Παῦλος·
786 1093 1018 1180 Ἐποικοδομη-
1067 1095 1110 1174 li;
1129 1093 1169 1156 de
1191 1085 1244 1157 his
1267 1095 1359 1158 enim
1376 1096 1503 1159 Paulus
1519 1096 1617 1160 dicit:
1636 1119 1653 1156 «
1667 1099 1817 1177 Superae·

264 1195 370 1273 θέντες
393 1198 438 1275 εἰς
452 1200 488 1262 τὸ
511 1197 661 1283 θεμέλιον
677 1208 738 1265 τῶν
761 1197 947 1263 ἀποστόλων
961 1199 1017 1262 καὶ
1065 1196 1192 1261 difioati
1225 1199 1260 1261 in
1292 1197 1552 1266 fundamentum
1587 1202 1815 1282 apostolorum

263 1305 452 1388 προφητῶν·
469 1303 520 1368 ἐπί
541 1302 660 1368 τούτων
683 1312 745 1368 τῶν
766 1301 863 1387 ἁγίων
886 1302 1017 1387 ὄρεωνὸ
1066 1305 1100 1363 et
1111 1302 1391 1382 prophetarum.»
1407 1304 1524 1367 Sacros
1536 1322 1638 1385 super
1649 1305 1710 1368 hos
1722 1322 1816 1368 mon-

263 1405 419 1493 δεσπότης
434 1407 570 1493 Χριστὸς
585 1405 746 1491 κατέπηξε
758 1409 799 1471 τὰ
809 1415 867 1491 τῆς
879 1405 1015 1472 εὐσεθεί-
1063 1409 1115 1468 tes
1130 1407 1294 1471 Dominus
1318 1407 1472 1471 Christus
1493 1411 1665 1489 compegit
1679 1411 1816 1489 religio·

264 1533 303 1590 ας
325 1511 471 1599 θεμέλια.
499 1506 545 1578 Ἢ
567 1510 735 1597 θεμελίους
758 1509 842 1579 Θεοῦ
864 1513 937 1588 τοὺς
959 1520 1016 1597 τῆς
1063 1511 1118 1572 nis
1145 1509 1375 1574 fundamenta.
1400 1512 1461 1574 Vel
1488 1514 1614 1592 positos
1640 1514 1675 1576 in
1699 1512 1817 1576 lunda

265 1615 388 1694 πόλεως
409 1614 576 1702 θεμελίους
600 1615 702 1696 καλεῖ,
725 1614 767 1691 ὡς
790 1613 935 1681 διἀίιτὸν
957 1616 1017 1680 οὐκ
1061 1615 1245 1677 mentaDei
1253 1619 1361 1694 vocat,
1370 1617 1430 1696 qui
1442 1616 1562 1678 urbem
1570 1617 1764 1698 stabiliunt,
1776 1621 1816 1681 ut

266 1719 513 1805 ἀνατραπέντας.
529 1718 613 1805 Ὀρη
630 1719 665 1784 δέ
681 1720 767 1805 ἅγια,
784 1721 843 1803 τήν
863 1718 945 1784 Σιὼν
960 1720 1016 1784 καί
1062 1719 1121 1800 qui
1134 1723 1272 1800 propter
1284 1720 1382 1783 illum
1390 1737 1458 1782 non
1465 1721 1622 1784 subversi
1631 1727 1722 1786 sunt.
1735 1725 1816 1787 San·

262 1827 322 1911 τήν
338 1822 558 1910 Ἰερουσαλήμ,
575 1823 617 1902 ὡς
628 1833 686 1888 τοῦ
697 1822 787 1908 ἁγίου
804 1821 889 1888 Θεοῦ
899 1821 1017 1902 δείξαν-
1063 1829 1134 1887 atos
1146 1829 1262 1886 autem
1273 1828 1404 1888 montes
1416 1825 1465 1886 ait
1479 1829 1610 1889 montes
1624 1827 1703 1889 Sion
1715 1831 1750 1889 et
1761 1829 1782 1891 J
1784 1845 1816 1890 e-

262 1951 316 2008 τος
331 1930 468 2014 ἐκεῖτήν
479 1927 595 1994 ἑαυτοῦ
610 1927 784 2010 κατοικίαν,
801 1927 841 1992 δι’
852 1926 892 2012 ἣν
906 1929 942 1992 οὐ
957 1949 1017 1992 πα-
1061 1931 1223 2008 rusalem3
1237 1947 1276 1992 aa
1292 1931 1321 1992 si
1337 1931 1428 1992 Deus
1440 1933 1579 1994 sanctus
1594 1931 1815 1996 declaraverit

261 2033 373 2120 ρεδθθη
398 2035 452 2098 καί
476 2033 560 2097 αίιτθι
581 2041 645 2110 τοῖς
661 2030 848 2116 Ἀσσυρίοις.
872 2029 927 2096 Διί
957 2053 1017 2117 φη-
1061 2034 1109 2097 ibi
1118 2050 1219 2097 suum
1230 2033 1451 2113 domicilium,
1460 2035 1693 2116 propterquod
1701 2053 1811 2117 neque

262 2159 323 2203 σιν·
339 2133 487 2222 Ἔστηκα
508 2136 564 2200 καί
588 2137 715 2200 ἅπαντα
737 2143 806 2200 σῶα
828 2136 879 2200 ἐπὶ
902 2143 959 2221 τῆς
974 2136 1017 2200 ol·
1061 2138 1097 2200 hi
1112 2143 1244 2201 montes
1267 2139 1415 2219 Assyriis
1431 2137 1547 2201 traditi
1564 2139 1713 2203 luerunt.
1734 2141 1813 2204 Ideo

262 2239 352 2319 κείας
375 2241 479 2326 ἕδρας.
497 2279 538 2289 -
555 2237 712 2326 Ἧγοῦμαι
733 2239 840 2318 καλῶς
862 2242 905 2326 μή
922 2261 1017 2326 προσ·
1060 2241 1126 2303 ait:
1154 2242 1264 2304 Statui
1288 2242 1390 2304 etiam
1421 2242 1492 2306 fore
1524 2249 1563 2306 ut
1589 2245 1704 2307 omnia
1726 2245 1810 2309 inte-

262 2346 385 2412 κεῖσθαι
407 2347 442 2410 τὸ
458 2343 540 2421 τίνος
563 2343 592 2408 οἱ
606 2342 750 2429 θεμέλιοι
772 2345 880 2425 αὐτοῦ,
902 2344 1016 2412 ἵν’ἐπι-
1061 2361 1125 2421 gra
1146 2349 1237 2407 stent
1259 2345 1294 2409 in
1322 2347 1457 2426 propria
1483 2346 1571 2410 sede.
1600 2348 1814 2412 Arbitramur

263 2447 464 2534 ζητήσαντες
487 2451 626 2533 εὕρωμεν
649 2449 682 2513 ἐν
704 2456 769 2525 τοῖς
795 2449 846 2533 ἐφ’
865 2448 937 2534 ἐξής
962 2452 1017 2516 τὸν
1061 2452 1138 2528 apte
1162 2465 1228 2511 non
1260 2449 1434 2528 designari
1458 2453 1535 2531 quis
1562 2453 1608 2516 sit
1631 2453 1688 2516 ille
1715 2453 1812 2532 eujus

265 2543 438 2638 λεγόμενον
453 2550 711 2637 τεθεμελιωκέναι
732 2553 792 2637 τήν
807 2551 889 2618 Σιὼν
906 2554 1015 2639 ἄνδρα,
1061 2556 1143 2614 sunt
1155 2551 1485 2632 fundamenta,unde
1498 2556 1706 2636 quaeritando
1718 2559 1811 2620 inve

264 2659 299 2734 ὃς
315 2658 370 2722 καὶ
385 2654 538 2742 ἐγεννήθη
562 2655 596 2721 ἐν
619 2657 709 2740 αὐτή,
733 2657 789 2720 καί
811 2654 1017 2742 ἐθεμελίωσεν
1060 2657 1196 2720 niamus
1210 2657 1245 2720 in
1257 2656 1312 2720 his
1327 2675 1403 2738 qua
1417 2664 1618 2740 sequuntur,
1635 2661 1809 2724 hominem

263 2760 373 2847 αὐτήν.
390 2759 427 2827 Ὁ
444 2761 479 2825 δέ
490 2759 649 2837 Ἀκύλας·
665 2758 855 2845 Θεμελίωσις
872 2763 969 2827 αὐτοῦ
981 2763 1014 2828 ἐν
1060 2778 1164 2843 aquo
1187 2763 1266 2826 Sion
1289 2762 1431 2827 fundata
1452 2763 1529 2844 fuit,
1546 2767 1645 2828 illum
1669 2768 1728 2846 qni
1751 2784 1811 2830 na·

262 2867 327 2952 θρει
341 2863 533 2952 ήγιασμένῳ.
549 2863 703 2949 Σημαίνει
718 2864 753 2928 δέ
768 2867 805 2929 τὸ
820 2865 946 2950 ἑδραῖον
956 2877 1016 2953 τῆς
1060 2868 1117 2929 tus
1130 2871 1181 2929 est
1192 2868 1228 2930 in
1240 2884 1289 2946 ea,
1302 2871 1336 2930 et
1343 2867 1501 2931 fundavit
1512 2885 1597 2932 eam.
1611 2870 1675 2934 Sed
1686 2871 1812 2952 'Aquila

262 2980 324 3036 τῶν
339 2968 494 3054 Ἑθραίων
505 2965 674 3048 πολιτείας,
690 2970 745 3032 καί
757 2971 792 3033 τὸ
803 2971 920 3036 οίκείον
934 2972 1012 3036 καθ·
1060 2973 1126 3035 ait:
1146 2971 1310 3036 merdario
1332 2973 1454 3053 ajusto
1478 2977 1582 3037 monto
1603 2975 1811 3057 sanctificato.

262 3093 355 3159 χημα
369 3073 403 3138 ἐν
425 3081 468 3158 τῷ
484 3073 549 3158 ὄρει
571 3081 628 3157 της
653 3072 734 3138 Σιὼν
757 3074 845 3155 εἶναι,
868 3075 905 3139 od
928 3077 1015 3141 καὶὸ
1061 3073 1241 3152 Significat
1261 3080 1375 3137 autem
1398 3076 1668 3141 stabilimentum
1683 3079 1733 3142 rei
1749 3081 1813 3142 He·

261 3182 337 3255 ναὸς
347 3177 464 3262 ἵδρυτο.
476 3174 578 3261 Ὀρεα
589 3177 624 3241 δέ
635 3179 691 3242 καί
706 3176 798 3244 πόλιν
813 3179 892 3262 είπε,
904 3182 1015 3266 σεμνύ-
1060 3178 1228 3241 braeorum
1254 3178 1412 3259 publioae,
1441 3184 1475 3242 et
1500 3181 1689 3258 gloriosum
1715 3183 1811 3246 urbis

261 3303 323 3348 νων
337 3285 373 3348 τὸ
388 3282 470 3347 Σιὼν
492 3282 573 3366 ὄρος.
590 3279 721 3366 Ἀγαπᾷ
744 3280 860 3366 Κιίριος
883 3285 938 3348 καί
961 3289 1015 3351 τὸν
1060 3282 1174 3361 deous,
1199 3282 1257 3345 ubi
1280 3285 1444 3364 templum
1461 3289 1610 3347 ereetum
1638 3290 1698 3349 est.
1722 3288 1813 3350 Mon-

262 3387 435 3477 πρακτικὸν
450 3387 574 3451 καὶτὸν
596 3384 802 3469 θεωρητικόν.
820 3385 937 3474 Ἰακὼβ
953 3391 1015 3475 γὰρ
1061 3391 1131 3449 tem
1157 3404 1237 3450 vero
1264 3390 1298 3450 et
1323 3387 1442 3450 urbem
1469 3387 1556 3451 dixit
1582 3394 1737 3470 respectu
1767 3390 1811 3454 ad

262 3493 448 3577 πτερνιστής
463 3489 679 3577 ἑρμηνεύεται,
698 3487 720 3574 ή
736 3489 772 3553 δέ
784 3490 865 3556 Σιὼν
882 3513 1016 3558 σκοπευ-
1062 3493 1214 3553 montem
1248 3491 1338 3554 Sion.
1365 3492 1490 3570 Diligit
1519 3509 1618 3574 porro
1649 3496 1813 3559 Dominus

263 3595 381 3682 τήριον.
1060 3593 1173 3656 virum
1200 3598 1347 3658 aetuosae
1372 3599 1406 3658 et
1428 3599 1702 3680 contemplativa
1728 3601 1808 3662 vitae

1060 3698 1339 3763 deditum.Jaoob
1351 3700 1442 3762 enim
1454 3703 1689 3781 supplantator
1700 3708 1813 3786 etymo

1059 3804 1277 3883 intelligitur,
1295 3805 1374 3868 Sion
1390 3822 1470 3868 vero
1485 3807 1632 3885 speculae
1647 3810 1759 3870 statio,

306 3931 338 3975 v.
357 3913 387 3976 5.
403 3907 521 3994 Μήτηρ
545 3906 627 3974 Σιὼν
642 3907 726 3993 ἐρεῖ·
741 3907 939 3995 Ἀνθρωπος,
959 3913 1015 3976 καί
1103 3925 1134 3969 v.
1153 3910 1183 3970 5.
1200 3909 1402 3974 maceratos
1421 3909 1522 3976 dicet:
1544 3913 1658 3991 Homo,
1676 3916 1708 3977 et
1722 3913 1813 3979 Ιιοαιο

264 4014 427 4100 ἄνθρωπος
442 4012 595 4098 ἐγεννήθη
612 4015 646 4080 ἐν
661 4015 752 4098 αὐτῇ.
1058 4014 1157 4075 natus
1172 4017 1222 4076 eat
1242 4014 1279 4076 in
1293 4030 1341 4076 ea.

279 4131 282 4138 ·
304 4118 438 4205 Μητέρα
453 4118 588 4194 ἕκαστος
604 4119 662 4203 τήν
686 4117 767 4183 Σιὼν
783 4116 941 4202 ὀνομάζει,
958 4121 1014 4183 καί
1104 4117 1244 4178 Matrem
1274 4117 1419 4198 quisque
1436 4122 1535 4180 vocat
1556 4118 1644 4182 hane
1667 4120 1757 4200 Sion,
1779 4124 1812 4183 et

260 4233 323 4302 πᾶς
350 4222 512 4308 ἄνθρωπος
535 4223 619 4307 ἐρεῖ·
641 4219 758 4305 Μήτηρ
781 4221 872 4288 Σιὼν.
896 4221 933 4288 Ὁ
957 4225 1014 4308 μὲν
1059 4220 1170 4283 omnis
1187 4219 1286 4282 homo
1303 4220 1406 4284 dicet:
1419 4222 1525 4285 Mater
1537 4224 1626 4286 Sion.
1639 4225 1739 4288 Jesus
1755 4242 1813 4287 na·

260 4338 335 4406 παῖς
350 4327 475 4413 Ἰησοῦς
489 4335 637 4411 γεννᾶται
652 4325 686 4390 ἐν
702 4323 860 4410 βηθλεέμ·
876 4326 893 4390 ὁ
910 4326 944 4390 δέ
960 4329 1013 4394 ἄν·
1058 4328 1114 4386 tus
1131 4328 1182 4386 eat
1198 4325 1233 4386 in
1256 4324 1439 4404 Bethleem,
1464 4329 1503 4388 nt
1519 4343 1621 4406 puer;
1644 4333 1682 4390 ut
1697 4328 1807 4408 homa,

260 4431 383 4517 θρωπος
398 4432 431 4496 ἐν
447 4440 486 4515 τη
510 4429 601 4511 Σιὼν,
618 4429 670 4494 διὰ
684 4431 720 4493 τὸ
744 4428 855 4513 πρᾶξιν
872 4431 928 4516 μέν
948 4430 1014 4495 τίκ·
1059 4429 1094 4490 in
1119 4429 1216 4508 Si0n;
1239 4446 1278 4492 aa
1294 4430 1323 4492 si
1338 4431 1426 4492 actio
1449 4434 1610 4493 nascatur
1632 4433 1668 4494 in
1684 4435 1809 4512 anima,

259 4535 368 4601 τεσθαι
383 4536 417 4600 ἐν
439 4545 478 4620 τῇ
495 4535 594 4620 ψυχή,
611 4530 724 4619 σορίαν
746 4532 781 4597 δέ
797 4534 966 4619 γεννᾶσθαι
980 4537 1015 4601 ἐν
1058 4533 1226 4614 sapientia
1241 4550 1322 4596 vero
1338 4535 1506 4612 gignatur
1521 4535 1556 4597 in
1573 4539 1696 4598 mente.

136 4629 141 4644 '
259 4648 304 4724 τῷ
320 4649 372 4726 νῷ.

294 4911 321 4952 v.
335 4895 360 4948 5.
374 4894 442 4951 vat.
454 4897 480 4964 2,
491 4895 517 4964 l,
530 4894 638 4967 partim
650 4894 737 4949 Laur.
751 4894 796 4950 Pl.
810 4911 849 4962 vr,
868 4893 893 4948 3.
913 4893 1016 4964 Orige-
1059 4893 1140 4950 ditur
1160 4892 1192 4948 in
1213 4892 1308 4966 prima
1326 4909 1398 4950 voce
1417 4895 1562 4960 ἅνθρωπος.
1575 4924 1608 4934 -
1625 4893 1810 4964 Ambiguitss

259 4996 313 5035 nes
324 4979 544 5052 interpunxisse
555 4981 687 5039 videtur:
700 4985 793 5049 Μήτηρ
806 4985 880 5050 Σιὼν,
898 4985 957 5056 ἐρεῖ
971 4985 1016 5037 ἄν·
1059 4979 1141 5037 vocis
1150 4983 1284 5050 θεμέλιος.
1294 4987 1356 5036 tam
1363 4978 1571 5050 fundamendum
1579 4995 1666 5050 quam
1675 4981 1767 5035 virum
1777 4980 1807 5034 t’n

257 5069 375 5133 θρωπος,
387 5073 434 5122 καί
443 5071 580 5135 ἅνθρωπος
590 5069 716 5136 ἐγεννήθη
725 5071 752 5120 ἐν
763 5070 838 5134 αὐτῇ,
848 5083 913 5138 quse
927 5067 1016 5124 lectio
1057 5065 1236 5138 fundamento
1252 5068 1369 5138 positum
1380 5066 1583 5136 significantis,
1602 5065 1812 5122 obscuritatem

259 5157 376 5208 tantum
387 5169 447 5208 non
460 5153 580 5224 arridet,
590 5153 679 5208 immo
689 5153 720 5206 in
730 5152 797 5208 Vnt.
807 5155 829 5205 B
838 5159 928 5220 στίχος
936 5153 1015 5210 clau·
1060 5153 1171 5208 soholio
1185 5155 1304 5210 creavit.
