3966 6104
750 961 885 1044 cano
913 961 1120 1080 555555

667 1297 753 1361 QUAE
769 1295 955 1353 tonatim
971 1291 1209 1351 mesconem

163 1644 343 1708 Osioanas.

247 1753 288 1815 In
304 1750 452 1833 psalmos
466 1766 604 1816 xxvi-cn
648 1790 1421 1814 ...............
1481 1759 1560 1828 pag.
1609 1743 1708 1808 1-364

251 1855 1171 1942 0555555555755151551555555551555.55555.χ
1190 1897 1527 1917 .......
1562 1851 1710 1914 965520

252 1965 653 2049 Oriffemainl'roverbia
699 2002 1527 2028 ................
1562 1957 1708 2021 523527

249 2071 551 2155 51155551515515
566 2071 748 2150 Proverbic
802 2111 1141 2130 .......
1172 2141 1175 2148 ,
1187 2108 1526 2129 .......
1563 2061 1709 2126 527528

247 2176 407 2243 Eusebius
422 2179 458 2242 in
474 2178 613 2242 Cantica
627 2177 837 2241 canticorum
865 2214 1528 2238 .............
1564 2168 1709 2233 529537

252 2284 405 2368 0555555
420 2285 456 2348 15
472 2285 596 2349 Isaiam
648 2319 1531 2346 .................
1643 2273 1708 2338 538
1724 2273 1728 2278 ’

336 2391 596 2455 Inieremiam.
645 2439 653 2454 .
686 2473 690 2481 .
699 2427 1530 2454 ................
1643 2383 1710 2446 539

339 2498 379 2559 15
394 2497 607 2561 Ezechielem
641 2534 1528 2561 .................
1561 2487 1711 2553 541550

335 2605 375 2666 15
390 2602 568 2667 Danielem
591 2641 1532 2668 ..................
1641 2595 1705 2660 551

250 2708 399 2794 0555555
413 2710 538 2790 selecta
552 2711 705 2799 Hexapla
720 2711 756 2774 in
771 2708 1040 2774 Pentateuohum
1081 2746 1526 2772 .........
1560 2701 1706 2766 555-556

335 2819 376 2880 15
390 2815 456 2880 Job
477 2852 1535 2881 .....................
1563 2807 1708 2872 556-557

337 2925 378 2986 15
394 2924 545 2987 Psalmos
591 2959 1528 2987 ..................
1562 2911 1707 2979 557-560
1734 3007 1737 3014 ,

247 3026 480 3095 5555015518.
495 3029 664 3112 Pamphili
679 3030 830 3095 recensio
845 3029 1046 3113 Hexaplaris
1062 3009 1233 3095 minorum
1248 3026 1489 3114 prophetarum
1519 3069 1527 3088 .
1561 3020 1704 3087 560566

248 3135 453 3198 Eorundem
468 3139 619 3202 recensio
636 3139 836 3220 Hexaplaris
850 3137 1039 3202 Ezechielis
1080 3178 1525 3203 .........
1560 3131 1707 3199 567-578

250 3241 402 3324 wenis
411 3243 630 3309 miscellanea
643 3247 760 3324 latina,
773 3245 863 3327 apud
878 3244 1054 3310 Danielem
1068 3245 1265 3330 Barbarum,
1283 3244 1471 3312 Antonium
1487 3245 1530 3308 A·

428 3351 986 3432 gellium,Balthasarcorderium
1029 3395 1531 3417 ..........
1566 3349 1712 3415 579582

254 3457 404 3540 05755555
419 3459 583 3540 expositio
599 3460 635 3522 in
650 3458 843 3544 symbolum
865 3501 1531 3526 .............
1566 3455 1712 3522 582588

161 3563 311 3628 Senonas
327 3564 520 3629 Gnaoomos
536 3567 822 3631 ’155555555555

252 3673 293 3734 15
308 3671 373 3734 Job
390 3672 527 3735 initium
536 3713 1531 3737 ...................
1644 3657 1720 3732 589

248 3777 297 3841 De
311 3777 529 3842 simulatione
545 3778 587 3841 ad
602 3780 624 3842 J
626 3778 753 3842 cremia
767 3795 816 3856 1x,
832 3775 909 3841 8-26
922 3820 1530 3842 ............
1641 3775 1705 3839 591

247 3883 297 3945 De
312 3883 579 3966 circumcisione,
596 3885 666 3948 ibid
669 3927 1527 3948 .................
1562 3880 1707 3947 592595

249 3990 290 4051 15
304 3991 326 4052 J
328 3991 488 4053 eremiam
504 4008 540 4072 x,
556 3992 577 4055 2
594 4034 1531 4056 ..................
1642 3987 1707 4053 595

163 4096 313 4160 5555555
327 4097 511 4162 1155555555
527 4099 792 4162 5555555555
814 4139 1531 4161 ..............
1643 4095 1708 4158 596

249 4204 290 4265 15
306 4205 445 4267 cantica
460 4205 670 4268 canticorum
705 4246 1534 4268 ................
1645 4199 1710 4264 591

249 4309 457 4384 Quaestiones
472 4316 507 4375 et
521 4328 682 4393 responsa
698 4351 1531 4374 ................
1643 4305 1708 4370 598

161 4417 311 4480 Senonas
327 4418 457 4482 Passus
473 4420 746 4483 Annmnnansos.

247 4523 300 4586 Ex
314 4523 464 4590 oratione
479 4525 631 4607 paschali
646 4566 1525 4589 .................
1637 4519 1702 4584 599

249 4628 290 4692 15
306 4628 465 4692 Genesim
487 4671 1531 4694 ....................
1642 4628 1707 4691 599

161 4734 311 4798 Senonas
326 4733 479 4798 Minoam
494 4736 742 4798 innocensus.

248 4843 290 4905 In
304 4842 440 4922 dialogo
455 4860 535 4906 cum
550 4843 655 4906 Paulo
671 4844 888 4908 samosateno
920 4885 1530 4908 ............
1566 4841 1707 4908 600601

163 4953 314 5017 Senonas
328 4951 524 5016 Mnsnomns
539 4951 692 5020 1155555.

248 5055 408 5124 Amodata
419 5073 534 5140 arceo,
554 5059 591 5123 in
605 5057 671 5122 Job
700 5101 1531 5125 ................
1567 5059 1709 5124 603510

335 5165 384 5228 De
399 5165 647 5230 resurrectione
702 5207 1200 5229 ..........
1228 5251 1232 5262 ι
1247 5209 1528 5228 ......
1642 5164 1706 5228 610
