4008 6094
261 337 262 340 Ὺ
304 382 347 445 ιε
970 386 1179 454 oareanns

304 519 469 587 δύσκολον.
486 518 578 608 lidie
594 523 648 590 σύν
664 523 682 590 ὁ
697 522 846 605 πλούσιος
864 527 919 592 τὸν
934 525 1057 613 πίνητα
1100 533 1152 593 est
1166 529 1281 593 minus
1292 528 1365 610 spei
1380 545 1516 612 compos
1531 533 1566 594 et
1580 530 1685 595 saluti
1697 527 1846 594 obvium.

303 623 550 711 ὑπερηφανείτω,
565 627 645 714 μήτε
658 629 676 694 δ
687 627 785 716 πένης
800 633 859 718 την
872 627 1055 714 δυγαστείαν
1099 634 1217 714 Neque
1233 633 1343 711 igitur
1358 633 1452 697 dives
1474 636 1659 716 pauperem
1673 634 1847 716 despiciat,

303 738 365 796 τῶν
379 730 594 816 εὐπορούντων
609 732 843 818 ύποπτησύτω·
860 732 981 820 μήτεσί
995 735 1055 799 υἰοί
1101 754 1212 819 neque
1235 755 1364 826 pauper
1387 735 1544 801 formidet
1566 738 1768 819 locupletem
1791 755 1847 820 po·

304 841 366 900 τῦν
388 832 560 918 ἀνθρώπων
581 839 655 915 τοὺς
677 847 822 924 γηγενεῖς
845 837 1056 918 ἐξουθενείτω
1099 843 1260 921 tentiam3
1285 858 1396 922 neque
1419 840 1483 906 filii
1505 841 1683 905 hominum
1705 841 1848 918 terrige-

305 957 375 1019 σαν,
392 935 473 1023 μήτε
489 938 519 1003 σί
533 951 679 1026 γηγενεῖς
703 943 822 1009 τούτων
836 944 931 1009 πάλιν
954 943 1056 1009 ύπαλ·
1101 963 1164 1010 nos
1191 944 1447 1026 parvipendant,
1474 962 1536 1008 nee
1566 963 1685 1008 rursus
1707 944 1750 1008 ab
1778 944 1847 1007 illis

303 1040 572 1126 λοτριούσθωοαν·
586 1046 642 1110 καί
656 1048 697 1111 τίι
712 1046 785 1132 ἔθνη
809 1046 958 1126 ἐθιζέσθω
973 1051 1051 1133 πρὸς
1100 1067 1174 1112 sese
1189 1052 1345 1112 evertant
1369 1049 1567 1127 terrigenae3
1591 1049 1695 1111 immo
1717 1051 1849 1126 gentse,

180 1165 182 1172 ’
304 1146 378 1222 τούς
400 1155 628 1226 κατοικοῦντας
651 1151 711 1236 τὴν
734 1149 1004 1237 οἰκουμένην,καί
1027 1152 1057 1217 οἱ
1104 1171 1183 1217 eum
1199 1153 1242 1216 iis
1257 1152 1317 1233 qui
1339 1150 1496 1214 habitant
1517 1151 1643 1231 orbem,
1666 1149 1850 1214 necessitu-

303 1250 364 1335 τὴν
386 1248 573 1336 οἰκουμένην
595 1253 755 1331 οἰκοῦντες
771 1256 844 1333 τοὺς
866 1253 972 1333 ξένους
994 1263 1057 1323 τῦν
1099 1255 1177 1321 dine
1196 1255 1403 1336 jungantur,
1421 1255 1532 1335 etqui
1555 1255 1669 1319 orbern
1685 1254 1851 1332 habitant,

304 1351 463 1438 διαθηκῶν
489 1355 542 1420 διὰ
563 1365 622 1442 της
643 1355 771 1442 ἀγάπης
794 1357 1055 1446 προσλαμβανέσ-
1098 1363 1298 1444 peregrinos
1312 1361 1558 1425 atestamentis
1573 1379 1635 1442 per
1649 1359 1849 1424 charitatem

305 1457 420 1524 θωσαν.
434 1481 475 1507 -·-
489 1453 535 1526 Ἤ
547 1461 602 1525 καί
614 1462 712 1539 οῦτως
724 1460 866 1546 ἐδήλωσε
881 1472 944 1531 τῶν
960 1463 1056 1532 ἐθνῶν
1098 1466 1296 1546 suscipiant.
1305 1466 1367 1529 Vel
1378 1464 1443 1528 hae
1451 1465 1729 1546 interpretatione
1737 1463 1848 1528 decla-

304 1562 382 1629 τίετε
419 1564 514 1650 ἄγρια
545 1565 600 1628 καί
626 1564 660 1630 έν
686 1564 813 1652 έρημσις
844 1568 1050 1654 σκηνοποιού-
1100 1571 1199 1649 ravit,
1217 1570 1306 1634 inter
1321 1570 1463 1650 populos
1478 1570 1564 1632 alios
1578 1585 1652 1632 esse
1674 1568 1848 1631 silvestres

306 1687 387 1754 μενοι
397 1670 451 1732 καί
463 1667 537 1754 έθνη
554 1666 665 1734 καλεῖ·
680 1670 735 1734 καί
748 1670 810 1734 ὅσα
824 1673 879 1736 τὸν
893 1671 1054 1738 πολιτικὸν
1099 1674 1185 1737 etin
1200 1673 1442 1737 solitudinibus
1458 1672 1679 1736 tabernacula
1690 1671 1846 1734 excolen-
1983 1660 1986 1674 '

306 1771 491 1859 μετέρχεται
514 1771 590 1860 βίον,
605 1775 662 1852 τίις
677 1775 918 1861 γεωργουμένοις
933 1777 1053 1842 οἰκοῦν
1098 1783 1160 1859 tes,
1175 1795 1259 1859 quos
1272 1781 1383 1860 pantes
1397 1777 1548 1856 vocavit3
1565 1780 1600 1840 et
1614 1776 1698 1840 alios
1718 1776 1778 1856 qui
1800 1775 1847 1838 ei-

305 1896 348 1941 τα
360 1875 487 1963 χώρας·
503 1877 556 1956 οὓς
572 1876 665 1943 πάλιν
681 1877 785 1964 διῇλεν
806 1880 849 1958 εἰς
872 1877 1056 1966 ἐλευθέρους
1099 1883 1161 1948 vili
1190 1883 1370 1963 potiuntur
1392 1881 1462 1944 ritu
1489 1883 1525 1942 et
1544 1880 1635 1942 loeos
1656 1879 1850 1941 inhabitant

304 1983 360 2047 καί
386 1983 423 2046 τὸ
446 1981 611 2064 οἰκετικὸν,
633 1984 734 2068 ηγουν
757 1982 800 2060 εἰς
821 1979 897 2061 τούς
912 1984 1057 2070 ἀγροικσ·
1101 1991 1214 2050 aratro
1229 1987 1349 2066 oultos,
1366 2001 1451 2066 quos
1467 1985 1592 2048 iterum
1616 1982 1790 2047 distribuit
1811 1983 1847 2045 in

307 2083 416 2171 τέρους
438 2086 581 2163 καὶτοὺς
597 2083 714 2163 ἄλλους
728 2087 764 2151 eo
778 2086 958 2174 γεγονότας,
981 2091 1055 2167 τούς
1102 2091 1228 2155 liberos
1244 2094 1278 2153 et
1292 2089 1502 2168 domesticos,
1518 2087 1580 2152 hos
1594 2087 1753 2152 videlieet
1769 2087 1850 2151 vitas

304 2188 485 2276 ἐλευθερίως
503 2188 690 2276 τραφέντας,
714 2192 767 2268 οθς
782 2191 867 2270 υἱούς
883 2191 1056 2277 ἀνθρώπων
1103 2195 1295 2276 asperioris,
1312 2194 1389 2258 illos
1406 2196 1521 2256 autern
1544 2208 1702 2274 prospere
1724 2191 1850 2270 degen-

304 2295 400 2360 εἰπεν.
431 2333 473 2342 -
503 2292 541 2360 ‘0
564 2294 600 2359 δέ
622 2292 762 2374 Ἀκύλας
784 2297 844 2382 την
866 2296 1055 2383 οἰκουμένην
1101 2305 1164 2378 tes,
1179 2298 1338 2362 libertate
1355 2297 1531 2376 enutritos,
1546 2295 1732 2379 quosfilios
1748 2293 1849 2358 Ιιοιιιύ-

303 2397 477 2464 κατίιδυσιν
498 2397 642 2480 ἐξέδωκε,
658 2400 716 2477 τὰς
738 2397 877 2485 οἰκήσεις
899 2403 999 2480 σύτως
1015 2402 1056 2467 εἰ·
1100 2420 1178 2468 nom
1195 2401 1292 2466 dixit.
1307 2401 1434 2482 Aquila
1448 2403 1564 2464 antem
1584 2404 1705 2464 ίσκνοικ
1727 2397 1850 2463 habito·

303 2500 389 2571 πύν·
403 2500 473 2568 ἰιντί
488 2502 523 2566 δὲ
537 2511 594 2567 τοῦ
615 2512 759 2590 γηγενεῖς
774 2506 829 2570 καί
849 2504 909 2570 υἰσί
924 2515 986 2572 τῶν
1002 2505 1056 2572 ἀν·
1103 2509 1170 2571 mm
1185 2505 1289 2568 vertit
1307 2502 1490 2585 latibulum,
1513 2504 1562 2568 sio
1585 2521 1709 2568 vocans
1731 2519 1849 2566 eorum

304 2604 446 2693 θρύπων,
473 2608 490 2672 δ
512 2606 687 2694 Σύμμαχος
716 2609 821 2675 εἰπεν·
850 2610 909 2695 ἤτε
939 2610 1057 2698 ἀνθρω-
1098 2610 1304 2692 habitaculis
1319 2607 1378 2674 sad
1392 2627 1453 2690 pro
1475 2609 1644 2691 tcmipaom
1657 2609 1777 2692 cistris·
1792 2607 1846 2672 lto·

304 2709 406 2796 πύτης
419 2712 474 2776 καί
489 2709 617 2796 προσέτι
631 2714 686 2778 καί
700 2712 760 2778 olai
774 2711 911 2779 έκύοτου
928 2713 1051 2801 ἀνδρὸς,
1098 2716 1224 2780 minem
1255 2712 1479 2797 Symmachus
1505 2712 1610 2776 dixit:
1636 2711 1846 2791 samnitas,

304 2813 345 2884 ἵν’
366 2815 388 2901 ᾖ
410 2816 448 2881 τὸ
470 2816 527 2901 μέν
548 2814 728 2898 καθολικδν,
751 2819 788 2882 τὸ
807 2817 843 2882 δέ
859 2818 995 2904 μιρικύν.
1012 2857 1053 2869 -
1099 2817 1302 2902 deindefitii
1316 2817 1541 2900 cojmotnnque
1555 2815 1706 2896 bominis,
1724 2820 1764 2880 ut
1780 2816 1849 2896 pri-

302 2917 425 3006 Ἀκοην
439 2919 475 2985 δέ
494 2920 555 3005 τὴν
576 2929 711 2999 ουνετῦς
733 2920 910 3008 δεχομένην
932 2924 969 2990 ού
994 2924 1054 3009 την
1099 2939 1195 2988 mum
1210 2921 1343 2985 adesset
1356 2924 1466 2984 totum
1479 2938 1601 3000 genus,
1616 2919 1695 2982 dein
1706 2919 1848 2997 singula

302 3026 423 3110 κοινὴν,
445 3025 523 3109 πρδς
544 3025 586 3088 τὰ
601 3023 715 3108 ύλσγα,
730 3027 817 3092 κατα
830 3024 886 3092 τύ·
909 3025 947 3092 Ὁ
970 3029 1054 3115 έχων
1097 3045 1187 3110 pars.
1209 3061 1248 3072 -
1264 3023 1421 3090 Auditum
1447 3041 1528 3088 vero
1555 3023 1638 3087 dicit
1664 3023 1763 3086 illum
1785 3023 1845 3104 qui

303 3126 371 3192 ύτα
392 3125 529 3210 ἀκούειν,
544 3125 697 3194 ἀκουέτω.
1099 3133 1204 3216 probe
1212 3132 1388 3211 intelligit,
1396 3146 1464 3194 non
1471 3145 1685 3193 eommunem
1693 3127 1848 3192 auditum

1100 3255 1168 3302 non
1184 3238 1321 3319 qualern
1339 3234 1467 3298 habent
1476 3231 1643 3314 jumenta,
1667 3231 1726 3297 sed
1744 3231 1846 3312 iuxta

1102 3340 1206 3407 illud:
1224 3362 1242 3401 τ
1256 3340 1319 3414 Qui
1335 3338 1439 3402 habet
1453 3353 1571 3401 aurem
1593 3337 1764 3416 audiendi,
1787 3354 1846 3399 au-

1101 3446 1218 3512 diat.»

348 3562 382 3608 v.
402 3546 434 3608 4.
450 3541 497 3609 Τὸ
512 3542 614 3631 στόμα
628 3564 687 3631 μου
702 3542 838 3632 λαλησει
859 3545 983 3636 σοφίαν,
998 3551 1054 3616 καί
1141 3569 1174 3615 v.
1189 3551 1220 3613 4.
1239 3550 1280 3613 οο
1301 3563 1405 3612 metm
1421 3545 1568 3627 loquetur
1588 3544 1792 3629 sapientium,
1815 3549 1847 3611 et

300 3641 459 3733 ἡμελέτη
481 3655 540 3733 τῆς
560 3647 692 3734 καρδιάς
707 3670 766 3736 μου
782 3651 915 3718 σύνεσιν.
1096 3652 1262 3720 meditatio
1277 3650 1383 3716 cordis
1397 3651 1461 3716 mei
1469 3649 1690 3730 pestilentiam

346 3749 443 3817 Κατὰ
463 3752 525 3838 γὰρ
547 3754 602 3819 τδν
623 3753 819 3822 ἀπόστολον·
835 3753 963 3841 Καρδία
984 3777 1053 3823 πισ-
1140 3757 1249 3821 Juxta
1265 3755 1357 3818 enim
1372 3753 1591 3833 apostolum:
1617 3753 1756 3816 «Corde
1777 3770 1848 3817 ore·

299 3852 424 3920 τεύεται
438 3857 482 3933 εἰς
497 3855 708 3942 δικαιοσύνην,
733 3859 866 3945 στομίιτι
887 3861 923 3926 δὲ
938 3860 1052 3946 δμολυ-
1097 3859 1189 3925 ditur
1204 3860 1240 3922 in
1259 3857 1441 3938 justitiam,
1457 3872 1514 3920 ore
1545 3860 1660 3920 autem
1682 3855 1847 3922 confessio

302 3966 404 4043 γεῖται
415 3960 459 4038 εἰς
475 3958 642 4046 σωτηρίαν.
659 3961 715 4028 Δεῖ
725 3964 788 4048 γὰρ
803 3965 1053 4049 προαποκεῖσθαι
1097 3963 1137 4026 fit
1151 3963 1194 4026 ad
1209 3963 1393 4026 salutern.»
1414 3962 1552 4041 Oportet
1564 3961 1656 4023 enim
1667 3959 1794 4024 bonum
1810 3962 1846 4024 in

298 4064 335 4126 τὸ
356 4061 475 4148 ἀγαθὸν
498 4065 531 4128 ὲν
545 4073 590 4150 τῷ
612 4063 771 4150 θησαυρῷ,
787 4067 857 4131 εἰτα
878 4066 1051 4152 προρέρεσ·
1096 4065 1257 4130 thesauro
1284 4065 1380 4145 prius
1402 4063 1579 4144 deponere,
1609 4061 1730 4127 deinde
1759 4064 1846 4129 illud

299 4165 351 4232 θαι
373 4165 426 4233 δια
451 4166 623 4253 στόματος,
652 4170 704 4233 ἰνοι
737 4171 780 4256 μὴ
804 4169 923 4257 λεχθῇ·
946 4169 1051 4256 Συρία
1095 4189 1156 4253 per
1171 4186 1208 4233 os
1229 4185 1394 4250 promere,
1411 4185 1454 4230 ne
1470 4165 1618 4231 dicatur:
1645 4168 1850 4248 «Sapientia

300 4270 502 4358 κεκρυμμίνη
518 4274 573 4337 καί
589 4272 746 4357 θησαυρὸς
757 4271 893 4359 ἀφανὴς,
909 4271 954 4353 τίς
970 4274 1050 4362 ὼρέ-
1097 4277 1261 4339 absconsa
1285 4275 1320 4336 et
1341 4270 1524 4335 thesaurus
1548 4288 1616 4335 non
1642 4272 1749 4351 visus,
1772 4289 1849 4353 quae

300 4374 374 4440 λεια
395 4377 429 4441 ἰν
451 4373 658 4461 ἀμφοτέροιςς
680 4379 745 4463 χρὴ
760 4379 823 4463 γίιρ
846 4379 898 4444 διὰ
915 4380 972 4465 μέν
988 4389 1051 4447 τῦν
1098 4379 1230 4443 utilitas
1242 4377 1487 4457 inutrisquet»
1502 4378 1633 4456 oportet
1645 4377 1847 4441 enimetiam

302 4478 409 4545 ἄλλων
431 4477 587 4565 ὠφέλειαν
610 4478 737 4546 λαλεῖν·
763 4481 802 4547 δι’
823 4477 909 4570 ἡμᾶς
931 4482 967 4550 δέ
997 4485 1052 4550 ab
1098 4483 1334 4566 proeliorum
1362 4481 1512 4545 utilitate
1536 4480 1641 4561 loqui,
1664 4498 1725 4563 pro
1752 4481 1849 4546 nobis

302 4586 377 4662 τούς
400 4583 537 4670 μελετᾶν
557 4591 601 4669 τῇ
620 4581 745 4670 καρδίη.
1097 4591 1214 4653 autern
1230 4588 1313 4669 ipsis
1328 4586 1428 4650 eorde
1443 4585 1611 4650 meditari.

336 4870 365 4909 τ.
376 4853 403 4922 4,
416 4851 442 4908 ύ.
455 4850 524 4908 vat.
537 4848 581 4919 10,
599 4847 642 4919 ίθ,
655 4847 689 4904 14
706 4847 751 4905 ef.
772 4847 858 4908 Rom·
872 4867 902 4922 x,
916 4852 951 4909 10
962 4853 1053 4911 Ecoli.
1097 4869 1185 4923 mum,
1197 4853 1275 4907 teste
1293 4849 1455 4908 Ρίιίἰοοοίἰο.
1474 4849 1536 4908 Nae
1549 4849 1705 4926 displiceat
1716 4853 1848 4909 eominus

303 4957 355 5011 xx,
377 4939 414 4995 32
428 4935 536 4994 Mean.
555 4948 625 5005 xnr,
642 4934 830 4992 blBasilium
847 4942 879 4995 et
895 4935 1054 4997 Eusebium
1098 4954 1218 4996 eernere
1236 4937 1386 5009 quomodo
1399 4937 1543 5010 Magister
1562 4958 1581 4995 a
1596 4939 1738 5010 magistro
1755 4945 1848 4994 retra-

302 5021 521 5098 Origanioodd.
540 5019 893 5094 adduntbnnedemors
910 5025 1054 5100 expilato-
1098 5027 1203 5094 stetur,
1220 5023 1411 5082 conflrmante
1433 5025 1501 5082 Vnt
1525 5026 1568 5083 ta
1591 5033 1662 5096 τρεῖς
1681 5027 1713 5082 δέ
1733 5027 1793 5082 κτλ
1815 5031 1850 5082 ut
1881 5049 1884 5064 ·

302 5129 364 5172 ram
381 5109 527 5184 Origsnis,
551 5107 636 5166 illum
659 5107 850 5169 Adamantini
873 5111 1054 5171 studiosissi·
1099 5109 1164 5169 oda
1178 5109 1236 5168 BB.
1249 5108 1287 5167 oi.
1299 5109 1379 5168 intra
1390 5128 1434 5186 ps.
1448 5127 1520 5169 aru.
