<?xml version="1.0" encoding="UTF-8"?>
<!DOCTYPE html PUBLIC "-//W3C//DTD XHTML 1.0 Transitional//EN"
    "http://www.w3.org/TR/xhtml1/DTD/xhtml1-transitional.dtd">
<html xmlns="http://www.w3.org/1999/xhtml" xml:lang="en" lang="en">
 <head>
  <title>
</title>
<meta http-equiv="Content-Type" content="text/html;charset=utf-8" />
  <meta name='ocr-system' content='tesseract 3.04.00' />
  <meta name='ocr-capabilities' content='ocr_page ocr_carea ocr_par ocr_line ocrx_word'/>
</head>
<body>
  <div class='ocr_page' id='page_1' title='image "./analectasacrasp00pitrgoog_0283.png"; bbox 0 0 4006 6090; ppageno 0'>
   <div class='ocr_carea' id='block_1_1' title="bbox 293 391 1168 478">
    <p class='ocr_par' dir='ltr' id='par_1_1' title="bbox 293 391 1168 478">
     <span class='ocr_line' id='line_1_1' title="bbox 293 391 1168 478; baseline -0.016 14"><span class='ocrx_word' id='word_1_1' title='bbox 293 415 358 477; x_wconf 75' lang='lat'><strong>²⁷2</strong></span> <span class='ocrx_word' id='word_1_2' title='bbox 959 391 1168 478; x_wconf 72' lang='lat' dir='ltr'><strong>ocrearius</strong></span> 
     </span>
    </p>
   </div>
   <div class='ocr_carea' id='block_1_2' title="bbox 294 551 1845 4179">
    <p class='ocr_par' dir='ltr' id='par_1_2' title="bbox 294 551 1845 4179">
     <span class='ocr_line' id='line_1_2' title="bbox 294 551 1836 640; baseline -0.003 -23"><span class='ocrx_word' id='word_1_3' title='bbox 294 551 418 630; x_wconf 78' lang='grc' dir='ltr'><strong>ἐκείνας</strong></span> <span class='ocrx_word' id='word_1_4' title='bbox 429 554 501 639; x_wconf 87' lang='grc' dir='ltr'><strong>γάρ,</strong></span> <span class='ocrx_word' id='word_1_5' title='bbox 518 557 607 640; x_wconf 76' lang='grc' dir='ltr'><strong>φησι,</strong></span> <span class='ocrx_word' id='word_1_6' title='bbox 619 553 756 634; x_wconf 75' lang='grc' dir='ltr'><strong>ἐλπίζειν</strong></span> <span class='ocrx_word' id='word_1_7' title='bbox 769 551 913 631; x_wconf 79' lang='grc' dir='ltr'><strong>ἐδίδαξάς</strong></span> <span class='ocrx_word' id='word_1_8' title='bbox 925 571 973 637; x_wconf 87' lang='grc' dir='ltr'><strong>με,</strong></span> <span class='ocrx_word' id='word_1_9' title='bbox 989 554 1045 616; x_wconf 83' lang='grc' dir='ltr'><strong>καί</strong></span> <span class='ocrx_word' id='word_1_10' title='bbox 1088 571 1147 619; x_wconf 92' lang='lat' dir='ltr'><strong>rea</strong></span> <span class='ocrx_word' id='word_1_11' title='bbox 1176 560 1250 618; x_wconf 81' lang='lat' dir='ltr'><strong>orat</strong></span> <span class='ocrx_word' id='word_1_12' title='bbox 1275 555 1419 637; x_wconf 81' lang='lat' dir='ltr'>supplex</span> <span class='ocrx_word' id='word_1_13' title='bbox 1449 570 1633 618; x_wconf 80' lang='lat' dir='ltr'><strong>memorem</strong></span> <span class='ocrx_word' id='word_1_14' title='bbox 1661 569 1733 615; x_wconf 88' lang='lat' dir='ltr'><strong>esse</strong></span> <span class='ocrx_word' id='word_1_15' title='bbox 1760 569 1836 614; x_wconf 88' lang='lat' dir='ltr'><strong>sua·</strong></span> 
     </span>
     <span class='ocr_line' id='line_1_3' title="bbox 295 655 1835 743; baseline -0.001 -21"><span class='ocrx_word' id='word_1_16' title='bbox 295 657 416 734; x_wconf 84' lang='grc' dir='ltr'><strong>δεικνὺς</strong></span> <span class='ocrx_word' id='word_1_17' title='bbox 437 667 495 742; x_wconf 78' lang='grc' dir='ltr'><strong>της</strong></span> <span class='ocrx_word' id='word_1_18' title='bbox 517 656 642 735; x_wconf 79' lang='grc' dir='ltr'><strong>ἐλπίδος</strong></span> <span class='ocrx_word' id='word_1_19' title='bbox 666 662 702 723; x_wconf 89' lang='grc' dir='ltr'><strong>τδ</strong></span> <span class='ocrx_word' id='word_1_20' title='bbox 723 655 891 743; x_wconf 84' lang='grc' dir='ltr'><strong>χρήσιμον,</strong></span> <span class='ocrx_word' id='word_1_21' title='bbox 915 655 1044 741; x_wconf 81' lang='grc' dir='ltr'><strong>ίπέιγει·</strong></span> <span class='ocrx_word' id='word_1_22' title='bbox 1088 676 1164 721; x_wconf 89' lang='lat' dir='ltr'><strong>rum</strong></span> <span class='ocrx_word' id='word_1_23' title='bbox 1179 660 1452 740; x_wconf 82' lang='lat' dir='ltr'><strong>promissionum.</strong></span> <span class='ocrx_word' id='word_1_24' title='bbox 1476 659 1515 720; x_wconf 95' lang='lat' dir='ltr'><strong>In</strong></span> <span class='ocrx_word' id='word_1_25' title='bbox 1536 657 1597 719; x_wconf 78' lang='lat' dir='ltr'><strong>hoe</strong></span> <span class='ocrx_word' id='word_1_26' title='bbox 1620 657 1711 720; x_wconf 91' lang='lat' dir='ltr'><strong>enim</strong></span> <span class='ocrx_word' id='word_1_27' title='bbox 1735 656 1835 737; x_wconf 86' lang='lat' dir='ltr'><strong>ipsas,</strong></span> 
     </span>
     <span class='ocr_line' id='line_1_4' title="bbox 296 751 1839 847; baseline -0.004 -20"><span class='ocrx_word' id='word_1_28' title='bbox 296 759 387 847; x_wconf 85' lang='grc' dir='ltr'><strong>Αὐιή</strong></span> <span class='ocrx_word' id='word_1_29' title='bbox 417 782 456 847; x_wconf 91' lang='grc' dir='ltr'><strong>με</strong></span> <span class='ocrx_word' id='word_1_30' title='bbox 477 761 687 847; x_wconf 83' lang='grc' dir='ltr'><strong>παρεκάλεσε.</strong></span> <span class='ocrx_word' id='word_1_31' title='bbox 719 760 845 845; x_wconf 79' lang='grc' dir='ltr'><strong>Ταύτην</strong></span> <span class='ocrx_word' id='word_1_32' title='bbox 866 761 928 845; x_wconf 90' lang='grc' dir='ltr'><strong>γάρ</strong></span> <span class='ocrx_word' id='word_1_33' title='bbox 949 751 1046 844; x_wconf 75' lang='grc' dir='ltr'><strong>ἔσχον</strong></span> <span class='ocrx_word' id='word_1_34' title='bbox 1088 760 1145 842; x_wconf 89' lang='lat' dir='ltr'><strong>ait,</strong></span> <span class='ocrx_word' id='word_1_35' title='bbox 1175 761 1320 826; x_wconf 85' lang='lat' dir='ltr'><strong>&#39;docuisti</strong></span> <span class='ocrx_word' id='word_1_36' title='bbox 1348 778 1402 824; x_wconf 87' lang='lat' dir='ltr'><strong>me</strong></span> <span class='ocrx_word' id='word_1_37' title='bbox 1432 777 1578 842; x_wconf 88' lang='lat' dir='ltr'><strong>sperare,</strong></span> <span class='ocrx_word' id='word_1_38' title='bbox 1612 760 1752 841; x_wconf 87' lang='lat' dir='ltr'><strong>speique</strong></span> <span class='ocrx_word' id='word_1_39' title='bbox 1783 759 1839 822; x_wconf 91' lang='lat' dir='ltr'><strong>de-</strong></span> 
     </span>
     <span class='ocr_line' id='line_1_5' title="bbox 295 860 1835 952; baseline -0.002 -22"><span class='ocrx_word' id='word_1_40' title='bbox 295 867 491 952; x_wconf 84' lang='grc' dir='ltr'><strong>πσιραψοχήν</strong></span> <span class='ocrx_word' id='word_1_41' title='bbox 514 865 548 931; x_wconf 82' lang='grc' dir='ltr'><strong>ὲν</strong></span> <span class='ocrx_word' id='word_1_42' title='bbox 570 875 639 942; x_wconf 83' lang='grc' dir='ltr'><strong>ταῖς</strong></span> <span class='ocrx_word' id='word_1_43' title='bbox 654 874 837 952; x_wconf 79' lang='grc' dir='ltr'>συμφοραῖς,</span> <span class='ocrx_word' id='word_1_44' title='bbox 861 865 916 928; x_wconf 86' lang='grc' dir='ltr'><strong>καί</strong></span> <span class='ocrx_word' id='word_1_45' title='bbox 936 860 1046 948; x_wconf 79' lang='grc' dir='ltr'><strong>ὑπερέ-</strong></span> <span class='ocrx_word' id='word_1_46' title='bbox 1087 864 1221 928; x_wconf 83' lang='lat' dir='ltr'><strong>claraus</strong></span> <span class='ocrx_word' id='word_1_47' title='bbox 1244 867 1520 943; x_wconf 88' lang='lat' dir='ltr'><strong>emolumentum,</strong></span> <span class='ocrx_word' id='word_1_48' title='bbox 1547 863 1661 927; x_wconf 81' lang='lat' dir='ltr'>addit:</span> <span class='ocrx_word' id='word_1_49' title='bbox 1688 863 1762 943; x_wconf 77' lang='grc' dir='ltr'><strong>ι’ρεα</strong></span> <span class='ocrx_word' id='word_1_50' title='bbox 1786 879 1835 926; x_wconf 81' lang='lat' dir='ltr'><strong>otc</strong></span> 
     </span>
     <span class='ocr_line' id='line_1_6' title="bbox 296 965 1836 1057; baseline -0.003 -23"><span class='ocrx_word' id='word_1_51' title='bbox 296 969 419 1037; x_wconf 86' lang='grc' dir='ltr'><strong>πλενσα</strong></span> <span class='ocrx_word' id='word_1_52' title='bbox 432 970 592 1057; x_wconf 78' lang='grc' dir='ltr'><strong>κυμάτων.</strong></span> <span class='ocrx_word' id='word_1_53' title='bbox 1088 968 1251 1034; x_wconf 77' lang='grc' dir='ltr'><strong>ααιιαοίαία</strong></span> <span class='ocrx_word' id='word_1_54' title='bbox 1267 972 1325 1033; x_wconf 74' lang='lat' dir='ltr'><strong>est.</strong></span> <span class='ocrx_word' id='word_1_55' title='bbox 1341 969 1477 1031; x_wconf 81' lang='lat' dir='ltr'><strong>Etenim</strong></span> <span class='ocrx_word' id='word_1_56' title='bbox 1493 967 1581 1030; x_wconf 91' lang='lat' dir='ltr'><strong>hanc</strong></span> <span class='ocrx_word' id='word_1_57' title='bbox 1607 968 1715 1046; x_wconf 81' lang='lat' dir='ltr'><strong>ipsam</strong></span> <span class='ocrx_word' id='word_1_58' title='bbox 1731 965 1836 1029; x_wconf 88' lang='lat' dir='ltr'><strong>habui</strong></span> 
     </span>
     <span class='ocr_line' id='line_1_7' title="bbox 1088 1069 1835 1151; baseline -0.004 -16"><span class='ocrx_word' id='word_1_59' title='bbox 1088 1073 1200 1136; x_wconf 87' lang='lat' dir='ltr'><strong>solatii</strong></span> <span class='ocrx_word' id='word_1_60' title='bbox 1231 1073 1343 1151; x_wconf 85' lang='lat' dir='ltr'><strong>gratia</strong></span> <span class='ocrx_word' id='word_1_61' title='bbox 1375 1073 1411 1134; x_wconf 93' lang='lat' dir='ltr'><strong>in</strong></span> <span class='ocrx_word' id='word_1_62' title='bbox 1437 1069 1700 1150; x_wconf 83' lang='lat' dir='ltr'><strong>calamitatibus,</strong></span> <span class='ocrx_word' id='word_1_63' title='bbox 1726 1085 1835 1148; x_wconf 85' lang='lat' dir='ltr'><strong>eaque</strong></span> 
     </span>
     <span class='ocr_line' id='line_1_8' title="bbox 336 1173 1514 1257; baseline -0.003 -17"><span class='ocrx_word' id='word_1_64' title='bbox 336 1245 338 1249; x_wconf 56' lang='grc'><strong>,</strong></span> <span class='ocrx_word' id='word_1_65' title='bbox 1089 1176 1190 1238; x_wconf 86' lang='lat' dir='ltr'><strong>nixus</strong></span> <span class='ocrx_word' id='word_1_66' title='bbox 1206 1176 1364 1257; x_wconf 86' lang='lat' dir='ltr'><strong>superavi</strong></span> <span class='ocrx_word' id='word_1_67' title='bbox 1379 1173 1514 1238; x_wconf 86' lang='lat' dir='ltr'><strong>fluctus.</strong></span> 
     </span>
     <span class='ocr_line' id='line_1_9' title="bbox 343 1277 1840 1367; baseline -0.001 -22"><span class='ocrx_word' id='word_1_68' title='bbox 343 1300 376 1346; x_wconf 92' lang='lat' dir='ltr'><strong>v.</strong></span> <span class='ocrx_word' id='word_1_69' title='bbox 394 1282 445 1347; x_wconf 83' lang='lat'><strong>50.</strong></span> <span class='ocrx_word' id='word_1_70' title='bbox 455 1277 544 1367; x_wconf 76' lang='grc' dir='ltr'><strong>Αὕτη</strong></span> <span class='ocrx_word' id='word_1_71' title='bbox 559 1302 598 1367; x_wconf 86' lang='grc' dir='ltr'><strong>με</strong></span> <span class='ocrx_word' id='word_1_72' title='bbox 608 1281 827 1366; x_wconf 83' lang='grc' dir='ltr'><strong>παρεκάλεσεν</strong></span> <span class='ocrx_word' id='word_1_73' title='bbox 841 1282 925 1366; x_wconf 74' lang='grc' dir='ltr'><strong>ἔντη</strong></span> <span class='ocrx_word' id='word_1_74' title='bbox 937 1301 1044 1344; x_wconf 89' lang='grc' dir='ltr'><strong>ταπει-</strong></span> <span class='ocrx_word' id='word_1_75' title='bbox 1132 1301 1164 1344; x_wconf 87' lang='grc' dir='ltr'><strong>ν.</strong></span> <span class='ocrx_word' id='word_1_76' title='bbox 1181 1283 1233 1345; x_wconf 88' lang='lat'><strong>50.</strong></span> <span class='ocrx_word' id='word_1_77' title='bbox 1252 1285 1341 1348; x_wconf 81' lang='grc' dir='ltr'><strong>Ηαιι</strong></span> <span class='ocrx_word' id='word_1_78' title='bbox 1355 1299 1405 1346; x_wconf 78' lang='lat' dir='ltr'><strong>me</strong></span> <span class='ocrx_word' id='word_1_79' title='bbox 1431 1280 1593 1346; x_wconf 76' lang='grc' dir='ltr'><strong>οοιιςαίαία</strong></span> <span class='ocrx_word' id='word_1_80' title='bbox 1613 1284 1663 1346; x_wconf 79' lang='lat' dir='ltr'><strong>est</strong></span> <span class='ocrx_word' id='word_1_81' title='bbox 1683 1280 1721 1344; x_wconf 86' lang='grc' dir='ltr'><strong>ίιι</strong></span> <span class='ocrx_word' id='word_1_82' title='bbox 1735 1278 1840 1344; x_wconf 76' lang='lat' dir='ltr'><strong>tomi-</strong></span> 
     </span>
     <span class='ocr_line' id='line_1_10' title="bbox 297 1381 1840 1472; baseline 0.001 -23"><span class='ocrx_word' id='word_1_83' title='bbox 297 1381 391 1450; x_wconf 84' lang='grc' dir='ltr'><strong>νὼσει</strong></span> <span class='ocrx_word' id='word_1_84' title='bbox 405 1405 474 1471; x_wconf 87' lang='grc' dir='ltr'><strong>μου,</strong></span> <span class='ocrx_word' id='word_1_85' title='bbox 491 1386 539 1450; x_wconf 89' lang='grc' dir='ltr'><strong>δτι</strong></span> <span class='ocrx_word' id='word_1_86' title='bbox 553 1389 589 1451; x_wconf 83' lang='grc' dir='ltr'><strong>τὸ</strong></span> <span class='ocrx_word' id='word_1_87' title='bbox 604 1385 709 1472; x_wconf 77' lang='grc' dir='ltr'><strong>λόγιόν</strong></span> <span class='ocrx_word' id='word_1_88' title='bbox 725 1409 782 1452; x_wconf 88' lang='grc' dir='ltr'><strong>σου</strong></span> <span class='ocrx_word' id='word_1_89' title='bbox 796 1384 893 1471; x_wconf 78' lang='grc' dir='ltr'><strong>έζησέ</strong></span> <span class='ocrx_word' id='word_1_90' title='bbox 909 1407 957 1470; x_wconf 84' lang='grc' dir='ltr'><strong>με.</strong></span> <span class='ocrx_word' id='word_1_91' title='bbox 1089 1386 1183 1452; x_wconf 78' lang='lat' dir='ltr'><strong>litote</strong></span> <span class='ocrx_word' id='word_1_92' title='bbox 1196 1405 1277 1468; x_wconf 84' lang='grc' dir='ltr'><strong>ιιιαα,</strong></span> <span class='ocrx_word' id='word_1_93' title='bbox 1296 1389 1375 1470; x_wconf 77' lang='lat' dir='ltr'><strong>poia</strong></span> <span class='ocrx_word' id='word_1_94' title='bbox 1389 1388 1550 1469; x_wconf 79' lang='lat' dir='ltr'><strong>eloquium</strong></span> <span class='ocrx_word' id='word_1_95' title='bbox 1576 1391 1667 1451; x_wconf 80' lang='lat' dir='ltr'><strong>tuom</strong></span> <span class='ocrx_word' id='word_1_96' title='bbox 1694 1387 1840 1470; x_wconf 68' lang='grc' dir='ltr'><strong>οιόηῖοα</strong></span> 
     </span>
     <span class='ocr_line' id='line_1_11' title="bbox 1089 1492 1213 1555; baseline -0.016 0"><span class='ocrx_word' id='word_1_97' title='bbox 1089 1492 1141 1555; x_wconf 78' lang='lat' dir='ltr'><strong>ott</strong></span> <span class='ocrx_word' id='word_1_98' title='bbox 1154 1508 1213 1554; x_wconf 85' lang='grc' dir='ltr'><strong>ιιια</strong></span> 
     </span>
     <span class='ocr_line' id='line_1_12' title="bbox 342 1591 1838 1683; baseline -0.003 -21"><span class='ocrx_word' id='word_1_99' title='bbox 342 1591 431 1680; x_wconf 76' lang='grc' dir='ltr'><strong>Αὕτη</strong></span> <span class='ocrx_word' id='word_1_100' title='bbox 447 1593 509 1681; x_wconf 84' lang='grc' dir='ltr'><strong>τίς;</strong></span> <span class='ocrx_word' id='word_1_101' title='bbox 532 1593 553 1681; x_wconf 70' lang='lat' dir='ltr'><strong>i)</strong></span> <span class='ocrx_word' id='word_1_102' title='bbox 577 1595 674 1679; x_wconf 75' lang='grc' dir='ltr'><strong>ἐλπίς,</strong></span> <span class='ocrx_word' id='word_1_103' title='bbox 697 1593 881 1683; x_wconf 76' lang='grc' dir='ltr'><strong>ἐγγινομένη</strong></span> <span class='ocrx_word' id='word_1_104' title='bbox 906 1616 959 1681; x_wconf 91' lang='grc' dir='ltr'><strong>μοι</strong></span> <span class='ocrx_word' id='word_1_105' title='bbox 981 1594 1044 1660; x_wconf 78' lang='grc' dir='ltr'><strong>ἀπὸ</strong></span> <span class='ocrx_word' id='word_1_106' title='bbox 1133 1598 1212 1660; x_wconf 85' lang='lat' dir='ltr'><strong>Haec</strong></span> <span class='ocrx_word' id='word_1_107' title='bbox 1220 1615 1306 1678; x_wconf 88' lang='lat' dir='ltr'><strong>spes,</strong></span> <span class='ocrx_word' id='word_1_108' title='bbox 1316 1597 1488 1677; x_wconf 78' lang='lat' dir='ltr'><strong>quaenam?</strong></span> <span class='ocrx_word' id='word_1_109' title='bbox 1496 1595 1626 1676; x_wconf 86' lang='lat' dir='ltr'><strong>Spesad</strong></span> <span class='ocrx_word' id='word_1_110' title='bbox 1636 1611 1689 1657; x_wconf 90' lang='lat' dir='ltr'><strong>me</strong></span> <span class='ocrx_word' id='word_1_111' title='bbox 1697 1595 1838 1658; x_wconf 90' lang='lat' dir='ltr'><strong>veniens</strong></span> 
     </span>
     <span class='ocr_line' id='line_1_13' title="bbox 297 1698 1840 1786; baseline -0.001 -23"><span class='ocrx_word' id='word_1_112' title='bbox 297 1707 354 1764; x_wconf 80' lang='lat' dir='ltr'><strong>roo</strong></span> <span class='ocrx_word' id='word_1_113' title='bbox 369 1708 426 1764; x_wconf 86' lang='lat' dir='ltr'><strong>ooo</strong></span> <span class='ocrx_word' id='word_1_114' title='bbox 441 1699 538 1785; x_wconf 85' lang='grc' dir='ltr'><strong>λόγου</strong></span> <span class='ocrx_word' id='word_1_115' title='bbox 553 1700 753 1785; x_wconf 82' lang='grc' dir='ltr'><strong>παρεκάλεσέ</strong></span> <span class='ocrx_word' id='word_1_116' title='bbox 770 1722 818 1786; x_wconf 88' lang='grc' dir='ltr'><strong>με,</strong></span> <span class='ocrx_word' id='word_1_117' title='bbox 838 1700 893 1764; x_wconf 83' lang='grc' dir='ltr'><strong>καὶ</strong></span> <span class='ocrx_word' id='word_1_118' title='bbox 908 1719 1046 1784; x_wconf 88' lang='grc' dir='ltr'><strong>παρεμω-</strong></span> <span class='ocrx_word' id='word_1_119' title='bbox 1090 1719 1110 1763; x_wconf 89' lang='lat' dir='ltr'><strong>a</strong></span> <span class='ocrx_word' id='word_1_120' title='bbox 1125 1701 1227 1764; x_wconf 87' lang='lat' dir='ltr'><strong>verbo</strong></span> <span class='ocrx_word' id='word_1_121' title='bbox 1249 1705 1318 1781; x_wconf 91' lang='lat' dir='ltr'><strong>tuo,</strong></span> <span class='ocrx_word' id='word_1_122' title='bbox 1343 1717 1397 1763; x_wconf 90' lang='lat' dir='ltr'><strong>me</strong></span> <span class='ocrx_word' id='word_1_123' title='bbox 1428 1702 1598 1763; x_wconf 82' lang='lat' dir='ltr'><strong>consolata</strong></span> <span class='ocrx_word' id='word_1_124' title='bbox 1625 1703 1684 1778; x_wconf 90' lang='lat' dir='ltr'><strong>est,</strong></span> <span class='ocrx_word' id='word_1_125' title='bbox 1701 1703 1735 1761; x_wconf 92' lang='lat' dir='ltr'><strong>et</strong></span> <span class='ocrx_word' id='word_1_126' title='bbox 1761 1698 1840 1762; x_wconf 77' lang='lat' dir='ltr'><strong>suh</strong></span> 
     </span>
     <span class='ocr_line' id='line_1_14' title="bbox 298 1800 1834 1890; baseline -0.002 -23"><span class='ocrx_word' id='word_1_127' title='bbox 298 1800 418 1886; x_wconf 82' lang='grc' dir='ltr'><strong>θήσατό</strong></span> <span class='ocrx_word' id='word_1_128' title='bbox 435 1824 483 1889; x_wconf 89' lang='grc' dir='ltr'><strong>με,</strong></span> <span class='ocrx_word' id='word_1_129' title='bbox 500 1805 544 1882; x_wconf 86' lang='grc' dir='ltr'><strong>είς</strong></span> <span class='ocrx_word' id='word_1_130' title='bbox 566 1803 620 1868; x_wconf 86' lang='grc' dir='ltr'><strong>τό·</strong></span> <span class='ocrx_word' id='word_1_131' title='bbox 643 1805 672 1868; x_wconf 86' lang='grc' dir='ltr'><strong>εί</strong></span> <span class='ocrx_word' id='word_1_132' title='bbox 692 1825 769 1870; x_wconf 87' lang='grc' dir='ltr'><strong>ποτε</strong></span> <span class='ocrx_word' id='word_1_133' title='bbox 791 1803 997 1889; x_wconf 77' lang='grc' dir='ltr'><strong>περιστάσεις,</strong></span> <span class='ocrx_word' id='word_1_134' title='bbox 1021 1805 1043 1890; x_wconf 78' lang='grc' dir='ltr'>ἢ</span> <span class='ocrx_word' id='word_1_135' title='bbox 1089 1803 1216 1866; x_wconf 78' lang='lat' dir='ltr'><strong>levavit</strong></span> <span class='ocrx_word' id='word_1_136' title='bbox 1230 1803 1265 1865; x_wconf 86' lang='lat' dir='ltr'><strong>iri</strong></span> <span class='ocrx_word' id='word_1_137' title='bbox 1280 1802 1371 1865; x_wconf 89' lang='lat' dir='ltr'><strong>huuc</strong></span> <span class='ocrx_word' id='word_1_138' title='bbox 1385 1802 1537 1865; x_wconf 88' lang='lat' dir='ltr'><strong>modurn:</strong></span> <span class='ocrx_word' id='word_1_139' title='bbox 1553 1803 1582 1865; x_wconf 87' lang='lat' dir='ltr'><strong>si</strong></span> <span class='ocrx_word' id='word_1_140' title='bbox 1597 1801 1682 1864; x_wconf 82' lang='lat' dir='ltr'><strong>forte</strong></span> <span class='ocrx_word' id='word_1_141' title='bbox 1698 1802 1834 1865; x_wconf 87' lang='lat' dir='ltr'><strong>calami·</strong></span> 
     </span>
     <span class='ocr_line' id='line_1_15' title="bbox 297 1904 1834 1993; baseline -0.001 -23"><span class='ocrx_word' id='word_1_142' title='bbox 297 1904 449 1988; x_wconf 86' lang='grc' dir='ltr'><strong>κίνδυνος,</strong></span> <span class='ocrx_word' id='word_1_143' title='bbox 462 1909 483 1993; x_wconf 66' lang='lat' dir='ltr'><strong>d</strong></span> <span class='ocrx_word' id='word_1_144' title='bbox 496 1907 631 1973; x_wconf 86' lang='grc' dir='ltr'><strong>θανάτου</strong></span> <span class='ocrx_word' id='word_1_145' title='bbox 647 1907 831 1992; x_wconf 75' lang='grc' dir='ltr'><strong>προσδοκία,</strong></span> <span class='ocrx_word' id='word_1_146' title='bbox 845 1908 867 1993; x_wconf 79' lang='grc' dir='ltr'>ἢ</span> <span class='ocrx_word' id='word_1_147' title='bbox 880 1908 972 1983; x_wconf 82' lang='grc' dir='ltr'><strong>νόσος</strong></span> <span class='ocrx_word' id='word_1_148' title='bbox 987 1927 1045 1991; x_wconf 80' lang='grc' dir='ltr'><strong>χα·</strong></span> <span class='ocrx_word' id='word_1_149' title='bbox 1089 1911 1185 1986; x_wconf 85' lang='lat' dir='ltr'><strong>tates,</strong></span> <span class='ocrx_word' id='word_1_150' title='bbox 1201 1907 1257 1970; x_wconf 88' lang='lat' dir='ltr'><strong>vel</strong></span> <span class='ocrx_word' id='word_1_151' title='bbox 1272 1907 1471 1986; x_wconf 89' lang='lat' dir='ltr'><strong>periculum,</strong></span> <span class='ocrx_word' id='word_1_152' title='bbox 1488 1908 1517 1969; x_wconf 91' lang='lat' dir='ltr'><strong>si</strong></span> <span class='ocrx_word' id='word_1_153' title='bbox 1534 1922 1624 1970; x_wconf 88' lang='lat' dir='ltr'><strong>mors</strong></span> <span class='ocrx_word' id='word_1_154' title='bbox 1643 1906 1834 1985; x_wconf 85' lang='lat' dir='ltr'><strong>imminens,</strong></span> 
     </span>
     <span class='ocr_line' id='line_1_16' title="bbox 298 2008 1841 2096; baseline -0.001 -21"><span class='ocrx_word' id='word_1_155' title='bbox 298 2008 427 2096; x_wconf 79' lang='grc' dir='ltr'><strong>λεπὴ,ῆ</strong></span> <span class='ocrx_word' id='word_1_156' title='bbox 443 2010 586 2075; x_wconf 80' lang='grc' dir='ltr'><strong>ἀπώλεια</strong></span> <span class='ocrx_word' id='word_1_157' title='bbox 601 2020 663 2077; x_wconf 84' lang='grc' dir='ltr'><strong>τῶν</strong></span> <span class='ocrx_word' id='word_1_158' title='bbox 678 2009 931 2096; x_wconf 55' lang='lat' dir='ltr'><strong>brummout</strong></span> <span class='ocrx_word' id='word_1_159' title='bbox 955 2010 1047 2094; x_wconf 87' lang='grc' dir='ltr'><strong>διωγ-</strong></span> <span class='ocrx_word' id='word_1_160' title='bbox 1088 2010 1118 2073; x_wconf 90' lang='lat' dir='ltr'><strong>si</strong></span> <span class='ocrx_word' id='word_1_161' title='bbox 1135 2010 1297 2072; x_wconf 90' lang='lat' dir='ltr'><strong>molestus</strong></span> <span class='ocrx_word' id='word_1_162' title='bbox 1331 2009 1477 2090; x_wconf 90' lang='lat' dir='ltr'><strong>morbus,</strong></span> <span class='ocrx_word' id='word_1_163' title='bbox 1504 2011 1534 2073; x_wconf 93' lang='lat' dir='ltr'><strong>si</strong></span> <span class='ocrx_word' id='word_1_164' title='bbox 1573 2008 1708 2090; x_wconf 85' lang='lat' dir='ltr'><strong>jactura</strong></span> <span class='ocrx_word' id='word_1_165' title='bbox 1737 2009 1841 2073; x_wconf 91' lang='lat' dir='ltr'><strong>bono·</strong></span> 
     </span>
     <span class='ocr_line' id='line_1_17' title="bbox 301 2111 1844 2202; baseline -0.002 -23"><span class='ocrx_word' id='word_1_166' title='bbox 301 2117 367 2202; x_wconf 83' lang='grc' dir='ltr'><strong>μδς,</strong></span> <span class='ocrx_word' id='word_1_167' title='bbox 383 2116 405 2200; x_wconf 85' lang='grc' dir='ltr'><strong>ή</strong></span> <span class='ocrx_word' id='word_1_168' title='bbox 421 2136 451 2179; x_wconf 89' lang='grc' dir='ltr'><strong>τι</strong></span> <span class='ocrx_word' id='word_1_169' title='bbox 462 2113 580 2198; x_wconf 88' lang='grc' dir='ltr'><strong>δήποτε</strong></span> <span class='ocrx_word' id='word_1_170' title='bbox 595 2123 656 2180; x_wconf 80' lang='grc' dir='ltr'><strong>τῶν</strong></span> <span class='ocrx_word' id='word_1_171' title='bbox 668 2113 878 2200; x_wconf 75' lang='grc' dir='ltr'><strong>νομιζομένων</strong></span> <span class='ocrx_word' id='word_1_172' title='bbox 894 2112 1046 2199; x_wconf 84' lang='grc' dir='ltr'><strong>χαλεπῶν</strong></span> <span class='ocrx_word' id='word_1_173' title='bbox 1090 2130 1177 2191; x_wconf 90' lang='lat' dir='ltr'><strong>rum,</strong></span> <span class='ocrx_word' id='word_1_174' title='bbox 1203 2114 1232 2176; x_wconf 89' lang='lat' dir='ltr'><strong>si</strong></span> <span class='ocrx_word' id='word_1_175' title='bbox 1254 2115 1452 2193; x_wconf 87' lang='lat' dir='ltr'><strong>persecutio,</strong></span> <span class='ocrx_word' id='word_1_176' title='bbox 1478 2114 1508 2177; x_wconf 92' lang='lat' dir='ltr'><strong>si</strong></span> <span class='ocrx_word' id='word_1_177' title='bbox 1545 2129 1768 2193; x_wconf 77' lang='lat' dir='ltr'><strong>quacumque</strong></span> <span class='ocrx_word' id='word_1_178' title='bbox 1788 2111 1844 2176; x_wconf 91' lang='lat' dir='ltr'><strong>de·</strong></span> 
     </span>
     <span class='ocr_line' id='line_1_18' title="bbox 299 2216 1840 2305; baseline -0.003 -22"><span class='ocrx_word' id='word_1_179' title='bbox 299 2216 520 2304; x_wconf 77' lang='grc' dir='ltr'><strong>κατελάμδανέ</strong></span> <span class='ocrx_word' id='word_1_180' title='bbox 533 2217 614 2305; x_wconf 84' lang='grc' dir='ltr'><strong>με,ή</strong></span> <span class='ocrx_word' id='word_1_181' title='bbox 627 2219 678 2284; x_wconf 76' lang='grc' dir='ltr'><strong>ἐπὶ</strong></span> <span class='ocrx_word' id='word_1_182' title='bbox 691 2221 728 2284; x_wconf 80' lang='grc' dir='ltr'><strong>σέ</strong></span> <span class='ocrx_word' id='word_1_183' title='bbox 742 2219 829 2298; x_wconf 77' lang='grc' dir='ltr'><strong>ἐλπίς</strong></span> <span class='ocrx_word' id='word_1_184' title='bbox 845 2216 1046 2302; x_wconf 87' lang='grc' dir='ltr'><strong>παράκλησίς</strong></span> <span class='ocrx_word' id='word_1_185' title='bbox 1090 2233 1183 2278; x_wconf 88' lang='lat' dir='ltr'><strong>mum</strong></span> <span class='ocrx_word' id='word_1_186' title='bbox 1203 2233 1322 2297; x_wconf 88' lang='lat' dir='ltr'><strong>aspera</strong></span> <span class='ocrx_word' id='word_1_187' title='bbox 1340 2221 1556 2298; x_wconf 84' lang='lat' dir='ltr'><strong>reputantur,</strong></span> <span class='ocrx_word' id='word_1_188' title='bbox 1574 2234 1626 2279; x_wconf 89' lang='lat' dir='ltr'><strong>me</strong></span> <span class='ocrx_word' id='word_1_189' title='bbox 1642 2217 1840 2297; x_wconf 78' lang='lat' dir='ltr'><strong>invaserint,</strong></span> 
     </span>
     <span class='ocr_line' id='line_1_19' title="bbox 301 2319 1840 2412; baseline -0.004 -24"><span class='ocrx_word' id='word_1_190' title='bbox 301 2345 361 2412; x_wconf 89' lang='grc' dir='ltr'><strong>μου</strong></span> <span class='ocrx_word' id='word_1_191' title='bbox 375 2324 426 2408; x_wconf 87' lang='grc' dir='ltr'><strong>ήν.</strong></span> <span class='ocrx_word' id='word_1_192' title='bbox 443 2359 484 2372; x_wconf 89' lang='grc'>-</span> <span class='ocrx_word' id='word_1_193' title='bbox 500 2321 665 2408; x_wconf 87' lang='grc' dir='ltr'><strong>Συντόμως</strong></span> <span class='ocrx_word' id='word_1_194' title='bbox 688 2323 723 2386; x_wconf 84' lang='grc' dir='ltr'><strong>δὲ</strong></span> <span class='ocrx_word' id='word_1_195' title='bbox 745 2324 853 2402; x_wconf 78' lang='grc' dir='ltr'><strong>εἰπεῖν,</strong></span> <span class='ocrx_word' id='word_1_196' title='bbox 881 2321 985 2387; x_wconf 86' lang='grc' dir='ltr'><strong>πάντα</strong></span> <span class='ocrx_word' id='word_1_197' title='bbox 1006 2323 1047 2386; x_wconf 85' lang='grc' dir='ltr'><strong>τά</strong></span> <span class='ocrx_word' id='word_1_198' title='bbox 1089 2336 1165 2400; x_wconf 88' lang='lat' dir='ltr'><strong>spes</strong></span> <span class='ocrx_word' id='word_1_199' title='bbox 1181 2319 1217 2381; x_wconf 92' lang='lat' dir='ltr'><strong>in</strong></span> <span class='ocrx_word' id='word_1_200' title='bbox 1232 2324 1267 2382; x_wconf 92' lang='lat' dir='ltr'><strong>te</strong></span> <span class='ocrx_word' id='word_1_201' title='bbox 1281 2320 1431 2383; x_wconf 86' lang='lat' dir='ltr'><strong>solamen</strong></span> <span class='ocrx_word' id='word_1_202' title='bbox 1460 2336 1575 2384; x_wconf 91' lang='lat' dir='ltr'><strong>meum</strong></span> <span class='ocrx_word' id='word_1_203' title='bbox 1602 2326 1684 2382; x_wconf 88' lang='lat' dir='ltr'><strong>erat.</strong></span> <span class='ocrx_word' id='word_1_204' title='bbox 1701 2321 1743 2382; x_wconf 87' lang='lat' dir='ltr'><strong>Et</strong></span> <span class='ocrx_word' id='word_1_205' title='bbox 1758 2338 1840 2401; x_wconf 85' lang='lat' dir='ltr'><strong>pau-</strong></span> 
     </span>
     <span class='ocr_line' id='line_1_20' title="bbox 300 2425 1842 2512; baseline -0.002 -19"><span class='ocrx_word' id='word_1_206' title='bbox 300 2428 506 2512; x_wconf 83' lang='grc' dir='ltr'><strong>περιστατικά</strong></span> <span class='ocrx_word' id='word_1_207' title='bbox 516 2426 699 2504; x_wconf 76' lang='grc' dir='ltr'><strong>ταπείνωσις</strong></span> <span class='ocrx_word' id='word_1_208' title='bbox 711 2425 836 2510; x_wconf 71' lang='grc' dir='ltr'><strong>ἑαυτοῦ,</strong></span> <span class='ocrx_word' id='word_1_209' title='bbox 850 2425 891 2503; x_wconf 81' lang='grc' dir='ltr'><strong>ὡς</strong></span> <span class='ocrx_word' id='word_1_210' title='bbox 903 2427 982 2491; x_wconf 80' lang='grc' dir='ltr'><strong>εἶναι</strong></span> <span class='ocrx_word' id='word_1_211' title='bbox 993 2427 1047 2491; x_wconf 77' lang='grc' dir='ltr'><strong>τὸν</strong></span> <span class='ocrx_word' id='word_1_212' title='bbox 1090 2426 1148 2504; x_wconf 88' lang='lat' dir='ltr'><strong>cis,</strong></span> <span class='ocrx_word' id='word_1_213' title='bbox 1168 2441 1284 2488; x_wconf 88' lang='lat' dir='ltr'><strong>omnes</strong></span> <span class='ocrx_word' id='word_1_214' title='bbox 1301 2427 1381 2489; x_wconf 74' lang='lat' dir='ltr'><strong>vita</strong></span> <span class='ocrx_word' id='word_1_215' title='bbox 1395 2429 1619 2508; x_wconf 87' lang='lat' dir='ltr'><strong>tempestates</strong></span> <span class='ocrx_word' id='word_1_216' title='bbox 1639 2431 1721 2491; x_wconf 86' lang='lat' dir='ltr'><strong>sunt</strong></span> <span class='ocrx_word' id='word_1_217' title='bbox 1735 2428 1842 2508; x_wconf 88' lang='lat' dir='ltr'><strong>ipsius</strong></span> 
     </span>
     <span class='ocr_line' id='line_1_21' title="bbox 302 2530 1839 2618; baseline -0.002 -21"><span class='ocrx_word' id='word_1_218' title='bbox 302 2534 411 2618; x_wconf 84' lang='grc' dir='ltr'><strong>καιρὸν</strong></span> <span class='ocrx_word' id='word_1_219' title='bbox 422 2540 483 2597; x_wconf 85' lang='grc' dir='ltr'><strong>τῶν</strong></span> <span class='ocrx_word' id='word_1_220' title='bbox 495 2531 707 2616; x_wconf 80' lang='grc' dir='ltr'><strong>περιστάσεων</strong></span> <span class='ocrx_word' id='word_1_221' title='bbox 721 2532 777 2595; x_wconf 85' lang='grc' dir='ltr'><strong>καί</strong></span> <span class='ocrx_word' id='word_1_222' title='bbox 792 2539 853 2597; x_wconf 84' lang='grc' dir='ltr'><strong>τῶν</strong></span> <span class='ocrx_word' id='word_1_223' title='bbox 867 2539 1047 2614; x_wconf 80' lang='grc' dir='ltr'><strong>πειρασμῶν</strong></span> <span class='ocrx_word' id='word_1_224' title='bbox 1090 2530 1276 2610; x_wconf 83' lang='lat' dir='ltr'><strong>humilitas,</strong></span> <span class='ocrx_word' id='word_1_225' title='bbox 1292 2531 1340 2594; x_wconf 91' lang='lat' dir='ltr'><strong>ita</strong></span> <span class='ocrx_word' id='word_1_226' title='bbox 1359 2537 1398 2595; x_wconf 93' lang='lat' dir='ltr'><strong>ut</strong></span> <span class='ocrx_word' id='word_1_227' title='bbox 1420 2537 1606 2595; x_wconf 79' lang='lat' dir='ltr'><strong>eventuum</strong></span> <span class='ocrx_word' id='word_1_228' title='bbox 1623 2536 1658 2594; x_wconf 90' lang='lat' dir='ltr'><strong>et</strong></span> <span class='ocrx_word' id='word_1_229' title='bbox 1672 2533 1839 2613; x_wconf 89' lang='lat' dir='ltr'><strong>probatio-</strong></span> 
     </span>
     <span class='ocr_line' id='line_1_22' title="bbox 303 2627 1842 2721; baseline -0.002 -20"><span class='ocrx_word' id='word_1_230' title='bbox 303 2636 487 2702; x_wconf 87' lang='grc' dir='ltr'><strong>ταπείνωσιν</strong></span> <span class='ocrx_word' id='word_1_231' title='bbox 502 2645 558 2721; x_wconf 76' lang='grc' dir='ltr'><strong>της</strong></span> <span class='ocrx_word' id='word_1_232' title='bbox 571 2636 677 2720; x_wconf 75' lang='grc' dir='ltr'><strong>ψυχῆς</strong></span> <span class='ocrx_word' id='word_1_233' title='bbox 699 2631 971 2720; x_wconf 77' lang='grc' dir='ltr'><strong>καταλειπομένης</strong></span> <span class='ocrx_word' id='word_1_234' title='bbox 993 2634 1048 2698; x_wconf 84' lang='grc' dir='ltr'><strong>καί</strong></span> <span class='ocrx_word' id='word_1_235' title='bbox 1075 2627 1174 2697; x_wconf 82' lang='lat' dir='ltr'><strong>&#39;num</strong></span> <span class='ocrx_word' id='word_1_236' title='bbox 1192 2639 1326 2716; x_wconf 89' lang='lat' dir='ltr'><strong>tempus</strong></span> <span class='ocrx_word' id='word_1_237' title='bbox 1341 2638 1387 2699; x_wconf 88' lang='lat' dir='ltr'><strong>sit</strong></span> <span class='ocrx_word' id='word_1_238' title='bbox 1401 2636 1596 2699; x_wconf 81' lang='lat' dir='ltr'><strong>humiliatio</strong></span> <span class='ocrx_word' id='word_1_239' title='bbox 1615 2636 1748 2715; x_wconf 75' lang='lat' dir='ltr'><strong>animae,</strong></span> <span class='ocrx_word' id='word_1_240' title='bbox 1760 2636 1842 2699; x_wconf 91' lang='lat' dir='ltr'><strong>dum</strong></span> 
     </span>
     <span class='ocr_line' id='line_1_23' title="bbox 306 2736 1845 2826; baseline -0.004 -20"><span class='ocrx_word' id='word_1_241' title='bbox 306 2739 557 2826; x_wconf 76' lang='grc' dir='ltr'><strong>παραδιδομένης</strong></span> <span class='ocrx_word' id='word_1_242' title='bbox 569 2747 612 2824; x_wconf 83' lang='grc' dir='ltr'><strong>τῷ</strong></span> <span class='ocrx_word' id='word_1_243' title='bbox 627 2737 816 2824; x_wconf 78' lang='grc' dir='ltr'><strong>πειράζοντι,</strong></span> <span class='ocrx_word' id='word_1_244' title='bbox 831 2740 882 2803; x_wconf 88' lang='grc' dir='ltr'><strong>ἵνα</strong></span> <span class='ocrx_word' id='word_1_245' title='bbox 894 2736 1047 2823; x_wconf 88' lang='grc' dir='ltr'><strong>άγωνίση-</strong></span> <span class='ocrx_word' id='word_1_246' title='bbox 1094 2737 1262 2802; x_wconf 86' lang='lat' dir='ltr'><strong>deseritur</strong></span> <span class='ocrx_word' id='word_1_247' title='bbox 1281 2743 1315 2802; x_wconf 89' lang='lat' dir='ltr'><strong>et</strong></span> <span class='ocrx_word' id='word_1_248' title='bbox 1330 2739 1475 2803; x_wconf 89' lang='lat' dir='ltr'><strong>traditur</strong></span> <span class='ocrx_word' id='word_1_249' title='bbox 1489 2739 1659 2817; x_wconf 85' lang='lat' dir='ltr'><strong>tentatori,</strong></span> <span class='ocrx_word' id='word_1_250' title='bbox 1676 2743 1845 2802; x_wconf 89' lang='lat' dir='ltr'><strong>utcontra</strong></span> 
     </span>
     <span class='ocr_line' id='line_1_24' title="bbox 304 2841 1843 2931; baseline -0.004 -21"><span class='ocrx_word' id='word_1_251' title='bbox 304 2865 356 2910; x_wconf 89' lang='grc' dir='ltr'><strong>ται</strong></span> <span class='ocrx_word' id='word_1_252' title='bbox 371 2846 447 2931; x_wconf 83' lang='grc' dir='ltr'><strong>πρὸς</strong></span> <span class='ocrx_word' id='word_1_253' title='bbox 462 2846 521 2929; x_wconf 77' lang='grc' dir='ltr'><strong>τήν</strong></span> <span class='ocrx_word' id='word_1_254' title='bbox 533 2841 750 2928; x_wconf 77' lang='grc' dir='ltr'><strong>ἀντικειμένην</strong></span> <span class='ocrx_word' id='word_1_255' title='bbox 765 2843 905 2927; x_wconf 84' lang='grc' dir='ltr'><strong>δύναμιν.</strong></span> <span class='ocrx_word' id='word_1_256' title='bbox 916 2841 982 2906; x_wconf 79' lang='grc' dir='ltr'><strong>Καὶ</strong></span> <span class='ocrx_word' id='word_1_257' title='bbox 997 2843 1048 2906; x_wconf 86' lang='grc' dir='ltr'><strong>διά</strong></span> <span class='ocrx_word' id='word_1_258' title='bbox 1092 2842 1265 2904; x_wconf 90' lang='lat' dir='ltr'><strong>inimicam</strong></span> <span class='ocrx_word' id='word_1_259' title='bbox 1277 2847 1476 2922; x_wconf 86' lang='lat' dir='ltr'><strong>potestatem</strong></span> <span class='ocrx_word' id='word_1_260' title='bbox 1489 2843 1700 2905; x_wconf 91' lang='lat' dir='ltr'><strong>colluctetur.</strong></span> <span class='ocrx_word' id='word_1_261' title='bbox 1713 2845 1760 2904; x_wconf 82' lang='grc' dir='ltr'><strong>Λα</strong></span> <span class='ocrx_word' id='word_1_262' title='bbox 1768 2859 1843 2923; x_wconf 88' lang='lat' dir='ltr'><strong>pro-</strong></span> 
     </span>
     <span class='ocr_line' id='line_1_25' title="bbox 304 2945 1841 3034; baseline -0.003 -21"><span class='ocrx_word' id='word_1_263' title='bbox 304 2958 397 3014; x_wconf 83' lang='grc' dir='ltr'><strong>τοῦτο</strong></span> <span class='ocrx_word' id='word_1_264' title='bbox 413 2950 448 3012; x_wconf 85' lang='grc' dir='ltr'><strong>τὸ</strong></span> <span class='ocrx_word' id='word_1_265' title='bbox 462 2947 568 3034; x_wconf 79' lang='grc' dir='ltr'><strong>λόγιόν</strong></span> <span class='ocrx_word' id='word_1_266' title='bbox 583 2968 641 3012; x_wconf 87' lang='grc' dir='ltr'><strong>σου</strong></span> <span class='ocrx_word' id='word_1_267' title='bbox 656 2945 752 3030; x_wconf 79' lang='grc' dir='ltr'><strong>ἔζησὲ</strong></span> <span class='ocrx_word' id='word_1_268' title='bbox 777 2966 825 3032; x_wconf 85' lang='grc' dir='ltr'><strong>με,</strong></span> <span class='ocrx_word' id='word_1_269' title='bbox 849 2945 1007 3011; x_wconf 87' lang='grc' dir='ltr'><strong>τουτέστιν</strong></span> <span class='ocrx_word' id='word_1_270' title='bbox 1019 2947 1049 3011; x_wconf 84' lang='grc' dir='ltr'><strong>ἐ·</strong></span> <span class='ocrx_word' id='word_1_271' title='bbox 1092 2950 1208 3026; x_wconf 88' lang='lat' dir='ltr'><strong>pterea</strong></span> <span class='ocrx_word' id='word_1_272' title='bbox 1238 2947 1411 3026; x_wconf 92' lang='lat' dir='ltr'><strong>eloquium</strong></span> <span class='ocrx_word' id='word_1_273' title='bbox 1443 2950 1540 3008; x_wconf 91' lang='lat' dir='ltr'><strong>tuum</strong></span> <span class='ocrx_word' id='word_1_274' title='bbox 1568 2963 1622 3008; x_wconf 90' lang='lat' dir='ltr'><strong>me</strong></span> <span class='ocrx_word' id='word_1_275' title='bbox 1651 2947 1841 3027; x_wconf 88' lang='lat' dir='ltr'><strong>inspiravit,</strong></span> 
     </span>
     <span class='ocr_line' id='line_1_26' title="bbox 306 3049 1843 3140; baseline -0.005 -21"><span class='ocrx_word' id='word_1_276' title='bbox 306 3051 1049 3140; x_wconf 76' lang='grc' dir='ltr'><strong>ζωοποίησέμεθύδὲνγάράλλοποιεῖζηνλσ-</strong></span> <span class='ocrx_word' id='word_1_277' title='bbox 1091 3066 1153 3112; x_wconf 89' lang='lat' dir='ltr'><strong>seu</strong></span> <span class='ocrx_word' id='word_1_278' title='bbox 1184 3050 1304 3112; x_wconf 91' lang='lat' dir='ltr'><strong>vivum</strong></span> <span class='ocrx_word' id='word_1_279' title='bbox 1331 3066 1385 3114; x_wconf 88' lang='lat' dir='ltr'><strong>me</strong></span> <span class='ocrx_word' id='word_1_280' title='bbox 1408 3049 1498 3113; x_wconf 84' lang='lat' dir='ltr'><strong>fecit.</strong></span> <span class='ocrx_word' id='word_1_281' title='bbox 1522 3050 1614 3113; x_wconf 89' lang='lat' dir='ltr'><strong>Nihil</strong></span> <span class='ocrx_word' id='word_1_282' title='bbox 1631 3051 1721 3113; x_wconf 87' lang='lat' dir='ltr'><strong>enim</strong></span> <span class='ocrx_word' id='word_1_283' title='bbox 1747 3049 1843 3113; x_wconf 88' lang='lat' dir='ltr'><strong>aliud</strong></span> 
     </span>
     <span class='ocr_line' id='line_1_27' title="bbox 305 3151 1840 3245; baseline -0.005 -23"><span class='ocrx_word' id='word_1_284' title='bbox 305 3161 400 3245; x_wconf 82' lang='grc' dir='ltr'><strong>γικὴν</strong></span> <span class='ocrx_word' id='word_1_285' title='bbox 413 3159 519 3244; x_wconf 82' lang='grc' dir='ltr'><strong>ψυχήν</strong></span> <span class='ocrx_word' id='word_1_286' title='bbox 535 3161 594 3244; x_wconf 81' lang='grc' dir='ltr'><strong>τήν</strong></span> <span class='ocrx_word' id='word_1_287' title='bbox 609 3157 725 3243; x_wconf 73' lang='grc' dir='ltr'><strong>ἑαυτῆς</strong></span> <span class='ocrx_word' id='word_1_288' title='bbox 739 3156 826 3242; x_wconf 81' lang='grc' dir='ltr'><strong>ζωήν</strong></span> <span class='ocrx_word' id='word_1_289' title='bbox 840 3155 882 3232; x_wconf 84' lang='grc' dir='ltr'><strong>ίις</strong></span> <span class='ocrx_word' id='word_1_290' title='bbox 896 3157 933 3220; x_wconf 84' lang='grc' dir='ltr'><strong>τὸ</strong></span> <span class='ocrx_word' id='word_1_291' title='bbox 944 3154 1050 3241; x_wconf 83' lang='grc' dir='ltr'><strong>λόγιον</strong></span> <span class='ocrx_word' id='word_1_292' title='bbox 1093 3151 1174 3216; x_wconf 86' lang='lat' dir='ltr'><strong>facit</strong></span> <span class='ocrx_word' id='word_1_293' title='bbox 1199 3155 1350 3216; x_wconf 85' lang='lat' dir='ltr'><strong>animam</strong></span> <span class='ocrx_word' id='word_1_294' title='bbox 1372 3155 1573 3217; x_wconf 89' lang='lat' dir='ltr'><strong>rationalem</strong></span> <span class='ocrx_word' id='word_1_295' title='bbox 1600 3155 1715 3216; x_wconf 89' lang='lat' dir='ltr'><strong>vivere</strong></span> <span class='ocrx_word' id='word_1_296' title='bbox 1742 3169 1840 3216; x_wconf 86' lang='lat' dir='ltr'><strong>suam</strong></span> 
     </span>
     <span class='ocr_line' id='line_1_28' title="bbox 304 3256 1840 3347; baseline -0.005 -20"><span class='ocrx_word' id='word_1_297' title='bbox 304 3273 360 3329; x_wconf 82' lang='lat' dir='ltr'><strong>roo</strong></span> <span class='ocrx_word' id='word_1_298' title='bbox 375 3262 469 3331; x_wconf 80' lang='grc' dir='ltr'><strong>Θεοῦ.</strong></span> <span class='ocrx_word' id='word_1_299' title='bbox 485 3260 596 3328; x_wconf 85' lang='grc' dir='ltr'><strong>Καθ’6</strong></span> <span class='ocrx_word' id='word_1_300' title='bbox 618 3263 681 3347; x_wconf 85' lang='grc' dir='ltr'><strong>γάρ</strong></span> <span class='ocrx_word' id='word_1_301' title='bbox 703 3260 789 3339; x_wconf 81' lang='grc' dir='ltr'><strong>αὔξει</strong></span> <span class='ocrx_word' id='word_1_302' title='bbox 814 3263 850 3325; x_wconf 82' lang='lat' dir='ltr'><strong>rt</strong></span> <span class='ocrx_word' id='word_1_303' title='bbox 866 3257 973 3344; x_wconf 83' lang='grc' dir='ltr'><strong>λόγιον</strong></span> <span class='ocrx_word' id='word_1_304' title='bbox 994 3267 1050 3323; x_wconf 82' lang='grc' dir='ltr'><strong>τοῦ</strong></span> <span class='ocrx_word' id='word_1_305' title='bbox 1092 3256 1200 3338; x_wconf 88' lang='lat' dir='ltr'><strong>ipsius</strong></span> <span class='ocrx_word' id='word_1_306' title='bbox 1212 3258 1329 3337; x_wconf 90' lang='lat' dir='ltr'><strong>vitam,</strong></span> <span class='ocrx_word' id='word_1_307' title='bbox 1342 3263 1465 3339; x_wconf 86' lang='lat' dir='ltr'><strong>praeter</strong></span> <span class='ocrx_word' id='word_1_308' title='bbox 1479 3257 1652 3338; x_wconf 87' lang='lat' dir='ltr'><strong>eloquium</strong></span> <span class='ocrx_word' id='word_1_309' title='bbox 1665 3257 1735 3320; x_wconf 92' lang='lat' dir='ltr'><strong>Dei.</strong></span> <span class='ocrx_word' id='word_1_310' title='bbox 1751 3259 1840 3321; x_wconf 86' lang='lat' dir='ltr'><strong>Dum</strong></span> 
     </span>
     <span class='ocr_line' id='line_1_29' title="bbox 305 3362 1842 3450; baseline -0.007 -16"><span class='ocrx_word' id='word_1_311' title='bbox 305 3366 400 3448; x_wconf 84' lang='grc' dir='ltr'><strong>Θεοῦ,</strong></span> <span class='ocrx_word' id='word_1_312' title='bbox 412 3368 467 3430; x_wconf 85' lang='grc' dir='ltr'><strong>καὶ</strong></span> <span class='ocrx_word' id='word_1_313' title='bbox 479 3364 646 3450; x_wconf 81' lang='grc' dir='ltr'><strong>νοούμενον</strong></span> <span class='ocrx_word' id='word_1_314' title='bbox 657 3365 712 3428; x_wconf 83' lang='grc' dir='ltr'><strong>καὶ</strong></span> <span class='ocrx_word' id='word_1_315' title='bbox 724 3362 1051 3449; x_wconf 78' lang='grc' dir='ltr'><strong>παραλαμδανάμενον</strong></span> <span class='ocrx_word' id='word_1_316' title='bbox 1096 3362 1237 3424; x_wconf 92' lang='lat' dir='ltr'><strong>verbum</strong></span> <span class='ocrx_word' id='word_1_317' title='bbox 1254 3363 1315 3425; x_wconf 87' lang='lat' dir='ltr'><strong>Dei</strong></span> <span class='ocrx_word' id='word_1_318' title='bbox 1332 3362 1539 3440; x_wconf 81' lang='lat' dir='ltr'><strong>intelligitur</strong></span> <span class='ocrx_word' id='word_1_319' title='bbox 1554 3366 1589 3424; x_wconf 91' lang='lat' dir='ltr'><strong>et</strong></span> <span class='ocrx_word' id='word_1_320' title='bbox 1603 3363 1792 3442; x_wconf 89' lang='lat' dir='ltr'><strong>concipitur</strong></span> <span class='ocrx_word' id='word_1_321' title='bbox 1807 3366 1842 3424; x_wconf 88' lang='lat' dir='ltr'><strong>et</strong></span> 
     </span>
     <span class='ocr_line' id='line_1_30' title="bbox 308 3460 1842 3555; baseline -0.004 -21"><span class='ocrx_word' id='word_1_322' title='bbox 308 3471 352 3548; x_wconf 86' lang='grc' dir='ltr'><strong>είς</strong></span> <span class='ocrx_word' id='word_1_323' title='bbox 368 3471 427 3555; x_wconf 80' lang='grc' dir='ltr'><strong>τήν</strong></span> <span class='ocrx_word' id='word_1_324' title='bbox 449 3479 504 3534; x_wconf 83' lang='grc' dir='ltr'><strong>τοῦ</strong></span> <span class='ocrx_word' id='word_1_325' title='bbox 527 3468 691 3553; x_wconf 85' lang='grc' dir='ltr'><strong>άνθρίιπου</strong></span> <span class='ocrx_word' id='word_1_326' title='bbox 714 3467 830 3554; x_wconf 82' lang='grc' dir='ltr'><strong>ψυχὴν,</strong></span> <span class='ocrx_word' id='word_1_327' title='bbox 854 3469 937 3531; x_wconf 82' lang='grc' dir='ltr'><strong>κατὰ</strong></span> <span class='ocrx_word' id='word_1_328' title='bbox 958 3476 1051 3531; x_wconf 82' lang='grc' dir='ltr'><strong>τοῦτο</strong></span> <span class='ocrx_word' id='word_1_329' title='bbox 1097 3460 1219 3532; x_wconf 86' lang='lat' dir='ltr'><strong>crescit</strong></span> <span class='ocrx_word' id='word_1_330' title='bbox 1241 3467 1277 3528; x_wconf 93' lang='lat' dir='ltr'><strong>in</strong></span> <span class='ocrx_word' id='word_1_331' title='bbox 1292 3466 1582 3544; x_wconf 84' lang='lat' dir='ltr'><strong>animahumana,</strong></span> <span class='ocrx_word' id='word_1_332' title='bbox 1596 3483 1638 3528; x_wconf 82' lang='lat' dir='ltr'><strong>ex</strong></span> <span class='ocrx_word' id='word_1_333' title='bbox 1657 3466 1720 3528; x_wconf 91' lang='lat' dir='ltr'><strong>hoc</strong></span> <span class='ocrx_word' id='word_1_334' title='bbox 1739 3466 1842 3529; x_wconf 88' lang='lat' dir='ltr'><strong>etism</strong></span> 
     </span>
     <span class='ocr_line' id='line_1_31' title="bbox 305 3568 1843 3657; baseline -0.004 -18"><span class='ocrx_word' id='word_1_335' title='bbox 305 3575 435 3654; x_wconf 78' lang='grc' dir='ltr'><strong>αὔξεται</strong></span> <span class='ocrx_word' id='word_1_336' title='bbox 456 3576 511 3638; x_wconf 79' lang='grc' dir='ltr'><strong>καί</strong></span> <span class='ocrx_word' id='word_1_337' title='bbox 533 3576 641 3657; x_wconf 77' lang='grc' dir='ltr'><strong>τὸτῆς</strong></span> <span class='ocrx_word' id='word_1_338' title='bbox 660 3572 754 3656; x_wconf 79' lang='grc' dir='ltr'><strong>ζωης.</strong></span> <span class='ocrx_word' id='word_1_339' title='bbox 779 3571 889 3637; x_wconf 83' lang='grc' dir='ltr'><strong>Ταῦτα</strong></span> <span class='ocrx_word' id='word_1_340' title='bbox 911 3568 946 3636; x_wconf 82' lang='grc' dir='ltr'><strong>δέ</strong></span> <span class='ocrx_word' id='word_1_341' title='bbox 966 3571 1050 3636; x_wconf 85' lang='grc' dir='ltr'><strong>ἐστιν</strong></span> <span class='ocrx_word' id='word_1_342' title='bbox 1095 3575 1269 3651; x_wconf 78' lang='lat' dir='ltr'><strong>augentur</strong></span> <span class='ocrx_word' id='word_1_343' title='bbox 1285 3589 1360 3652; x_wconf 77' lang='grc' dir='ltr'><strong>ηοω</strong></span> <span class='ocrx_word' id='word_1_344' title='bbox 1379 3570 1421 3633; x_wconf 91' lang='lat' dir='ltr'><strong>ad</strong></span> <span class='ocrx_word' id='word_1_345' title='bbox 1444 3571 1549 3633; x_wconf 87' lang='lat' dir='ltr'><strong>vitam</strong></span> <span class='ocrx_word' id='word_1_346' title='bbox 1564 3571 1746 3650; x_wconf 85' lang='lat' dir='ltr'><strong>pertinent.</strong></span> <span class='ocrx_word' id='word_1_347' title='bbox 1771 3571 1843 3633; x_wconf 89' lang='lat' dir='ltr'><strong>Hoc</strong></span> 
     </span>
     <span class='ocr_line' id='line_1_32' title="bbox 306 3674 1838 3763; baseline -0.004 -19"><span class='ocrx_word' id='word_1_348' title='bbox 306 3681 343 3744; x_wconf 83' lang='grc' dir='ltr'><strong>τὸ</strong></span> <span class='ocrx_word' id='word_1_349' title='bbox 359 3682 415 3744; x_wconf 92' lang='grc' dir='ltr'><strong>σὺν</strong></span> <span class='ocrx_word' id='word_1_350' title='bbox 437 3678 535 3763; x_wconf 77' lang='grc' dir='ltr'><strong>ἀρετῇ</strong></span> <span class='ocrx_word' id='word_1_351' title='bbox 551 3677 610 3762; x_wconf 78' lang='grc' dir='ltr'><strong>ζῆν</strong></span> <span class='ocrx_word' id='word_1_352' title='bbox 633 3674 777 3756; x_wconf 80' lang='grc' dir='ltr'><strong>ἐνταῦθα,</strong></span> <span class='ocrx_word' id='word_1_353' title='bbox 799 3675 878 3760; x_wconf 80' lang='grc' dir='ltr'><strong>μετὰ</strong></span> <span class='ocrx_word' id='word_1_354' title='bbox 899 3682 1000 3738; x_wconf 82' lang='grc' dir='ltr'><strong>ταῦτα</strong></span> <span class='ocrx_word' id='word_1_355' title='bbox 1015 3675 1050 3738; x_wconf 84' lang='grc' dir='ltr'><strong>δέ</strong></span> <span class='ocrx_word' id='word_1_356' title='bbox 1094 3682 1271 3741; x_wconf 87' lang='lat' dir='ltr'><strong>autemest</strong></span> <span class='ocrx_word' id='word_1_357' title='bbox 1283 3679 1318 3741; x_wconf 95' lang='lat' dir='ltr'><strong>in</strong></span> <span class='ocrx_word' id='word_1_358' title='bbox 1326 3676 1390 3739; x_wconf 93' lang='lat' dir='ltr'><strong>hoc</strong></span> <span class='ocrx_word' id='word_1_359' title='bbox 1401 3691 1472 3738; x_wconf 80' lang='lat' dir='ltr'><strong>aevo</strong></span> <span class='ocrx_word' id='word_1_360' title='bbox 1484 3675 1598 3737; x_wconf 87' lang='lat' dir='ltr'><strong>vivere</strong></span> <span class='ocrx_word' id='word_1_361' title='bbox 1611 3692 1688 3738; x_wconf 92' lang='lat' dir='ltr'><strong>cum</strong></span> <span class='ocrx_word' id='word_1_362' title='bbox 1702 3674 1838 3756; x_wconf 89' lang='lat' dir='ltr'><strong>virtute,</strong></span> 
     </span>
     <span class='ocr_line' id='line_1_33' title="bbox 309 3778 1714 3869; baseline -0.009 -19"><span class='ocrx_word' id='word_1_363' title='bbox 309 3785 364 3850; x_wconf 84' lang='grc' dir='ltr'><strong>καί</strong></span> <span class='ocrx_word' id='word_1_364' title='bbox 379 3785 438 3869; x_wconf 84' lang='grc' dir='ltr'><strong>τήν</strong></span> <span class='ocrx_word' id='word_1_365' title='bbox 453 3781 577 3846; x_wconf 81' lang='grc' dir='ltr'><strong>αἰώνων</strong></span> <span class='ocrx_word' id='word_1_366' title='bbox 592 3779 698 3846; x_wconf 88' lang='grc' dir='ltr'><strong>δίδωσι</strong></span> <span class='ocrx_word' id='word_1_367' title='bbox 713 3778 807 3864; x_wconf 76' lang='grc' dir='ltr'><strong>ζωήν.</strong></span> <span class='ocrx_word' id='word_1_368' title='bbox 1093 3782 1158 3845; x_wconf 92' lang='lat' dir='ltr'><strong>hoc</strong></span> <span class='ocrx_word' id='word_1_369' title='bbox 1174 3783 1209 3844; x_wconf 93' lang='lat' dir='ltr'><strong>in</strong></span> <span class='ocrx_word' id='word_1_370' title='bbox 1226 3784 1332 3845; x_wconf 89' lang='lat' dir='ltr'><strong>altero</strong></span> <span class='ocrx_word' id='word_1_371' title='bbox 1349 3779 1407 3841; x_wconf 89' lang='lat' dir='ltr'><strong>dat</strong></span> <span class='ocrx_word' id='word_1_372' title='bbox 1421 3780 1526 3841; x_wconf 90' lang='lat' dir='ltr'><strong>vitam</strong></span> <span class='ocrx_word' id='word_1_373' title='bbox 1543 3783 1714 3840; x_wconf 76' lang='lat' dir='ltr'><strong>aternam.</strong></span> 
     </span>
     <span class='ocr_line' id='line_1_34' title="bbox 350 3881 1839 3970; baseline -0.003 -18"><span class='ocrx_word' id='word_1_374' title='bbox 350 3908 381 3954; x_wconf 93' lang='lat' dir='ltr'><strong>v.</strong></span> <span class='ocrx_word' id='word_1_375' title='bbox 398 3889 450 3952; x_wconf 76' lang='lat'><strong>52.</strong></span> <span class='ocrx_word' id='word_1_376' title='bbox 467 3883 648 3970; x_wconf 78' lang='grc' dir='ltr'><strong>Ἐμνήσθην</strong></span> <span class='ocrx_word' id='word_1_377' title='bbox 667 3893 728 3949; x_wconf 83' lang='grc' dir='ltr'><strong>τῶν</strong></span> <span class='ocrx_word' id='word_1_378' title='bbox 750 3881 908 3967; x_wconf 88' lang='grc' dir='ltr'><strong>κριμάτων</strong></span> <span class='ocrx_word' id='word_1_379' title='bbox 924 3903 981 3949; x_wconf 88' lang='grc' dir='ltr'><strong>σου</strong></span> <span class='ocrx_word' id='word_1_380' title='bbox 996 3881 1050 3949; x_wconf 82' lang='grc' dir='ltr'><strong>ἀπ’</strong></span> <span class='ocrx_word' id='word_1_381' title='bbox 1137 3904 1169 3949; x_wconf 90' lang='lat' dir='ltr'><strong>v.</strong></span> <span class='ocrx_word' id='word_1_382' title='bbox 1185 3887 1237 3948; x_wconf 81' lang='lat'><strong>52.</strong></span> <span class='ocrx_word' id='word_1_383' title='bbox 1253 3883 1444 3964; x_wconf 76' lang='lat' dir='ltr'><strong>Mentorsoi</strong></span> <span class='ocrx_word' id='word_1_384' title='bbox 1457 3881 1660 3961; x_wconf 76' lang='lat' dir='ltr'><strong>judiciorum</strong></span> <span class='ocrx_word' id='word_1_385' title='bbox 1675 3884 1804 3946; x_wconf 73' lang='lat' dir='ltr'><strong>tooaon</strong></span> <span class='ocrx_word' id='word_1_386' title='bbox 1818 3897 1839 3947; x_wconf 85' lang='grc' dir='ltr'><strong>α</strong></span> 
     </span>
     <span class='ocr_line' id='line_1_35' title="bbox 305 3985 1715 4074; baseline -0.007 -18"><span class='ocrx_word' id='word_1_387' title='bbox 305 3992 426 4073; x_wconf 83' lang='grc' dir='ltr'><strong>αἰῶνος,</strong></span> <span class='ocrx_word' id='word_1_388' title='bbox 442 3990 549 4074; x_wconf 80' lang='grc' dir='ltr'><strong>Κύριε,</strong></span> <span class='ocrx_word' id='word_1_389' title='bbox 565 3989 619 4052; x_wconf 81' lang='grc' dir='ltr'><strong>καὶ</strong></span> <span class='ocrx_word' id='word_1_390' title='bbox 634 3986 849 4072; x_wconf 69' lang='grc' dir='ltr'><strong>παρεκλήθην.</strong></span> <span class='ocrx_word' id='word_1_391' title='bbox 1093 3990 1216 4068; x_wconf 71' lang='lat' dir='ltr'><strong>scaro,</strong></span> <span class='ocrx_word' id='word_1_392' title='bbox 1235 3989 1379 4065; x_wconf 76' lang='lat' dir='ltr'><strong>Domine,</strong></span> <span class='ocrx_word' id='word_1_393' title='bbox 1395 3991 1428 4050; x_wconf 83' lang='lat' dir='ltr'><strong>et</strong></span> <span class='ocrx_word' id='word_1_394' title='bbox 1440 3985 1620 4052; x_wconf 75' lang='lat' dir='ltr'><strong>ootmolotae</strong></span> <span class='ocrx_word' id='word_1_395' title='bbox 1633 4001 1715 4049; x_wconf 75' lang='grc' dir='ltr'><strong>εινιιι.</strong></span> 
     </span>
     <span class='ocr_line' id='line_1_36' title="bbox 349 4087 1842 4179; baseline -0.006 -20"><span class='ocrx_word' id='word_1_396' title='bbox 349 4093 421 4160; x_wconf 82' lang='grc' dir='ltr'><strong>Ἔτι</strong></span> <span class='ocrx_word' id='word_1_397' title='bbox 435 4095 493 4179; x_wconf 78' lang='grc' dir='ltr'><strong>τήν</strong></span> <span class='ocrx_word' id='word_1_398' title='bbox 515 4091 652 4158; x_wconf 88' lang='grc' dir='ltr'><strong>διάθεσιν</strong></span> <span class='ocrx_word' id='word_1_399' title='bbox 671 4089 918 4177; x_wconf 80' lang='grc' dir='ltr'><strong>κατανοήσωμεν</strong></span> <span class='ocrx_word' id='word_1_400' title='bbox 934 4101 988 4156; x_wconf 87' lang='grc' dir='ltr'><strong>τοῦ</strong></span> <span class='ocrx_word' id='word_1_401' title='bbox 1009 4091 1051 4156; x_wconf 93' lang='grc' dir='ltr'><strong>δι-</strong></span> <span class='ocrx_word' id='word_1_402' title='bbox 1138 4093 1256 4158; x_wconf 84' lang='lat' dir='ltr'><strong>Adhuc</strong></span> <span class='ocrx_word' id='word_1_403' title='bbox 1291 4096 1427 4154; x_wconf 83' lang='lat' dir='ltr'><strong>mentes</strong></span> <span class='ocrx_word' id='word_1_404' title='bbox 1461 4088 1547 4169; x_wconf 84' lang='lat' dir='ltr'><strong>justi</strong></span> <span class='ocrx_word' id='word_1_405' title='bbox 1573 4087 1842 4152; x_wconf 82' lang='lat' dir='ltr'><strong>consideremus:</strong></span> 
     </span>
    </p>
   </div>
   <div class='ocr_carea' id='block_1_3' title="bbox 305 4295 1843 4752">
    <p class='ocr_par' dir='ltr' id='par_1_3' title="bbox 305 4295 1843 4752">
     <span class='ocr_line' id='line_1_37' title="bbox 347 4295 1842 4404; baseline -0.017 -21"><span class='ocrx_word' id='word_1_406' title='bbox 347 4322 537 4383; x_wconf 81' lang='lat' dir='ltr'><strong>Ausaosros</strong></span> <span class='ocrx_word' id='word_1_407' title='bbox 553 4317 589 4380; x_wconf 81' lang='lat' dir='ltr'><strong>io</strong></span> <span class='ocrx_word' id='word_1_408' title='bbox 599 4335 628 4380; x_wconf 86' lang='lat' dir='ltr'><strong>o.</strong></span> <span class='ocrx_word' id='word_1_409' title='bbox 648 4317 699 4379; x_wconf 87' lang='lat'><strong>50.</strong></span> <span class='ocrx_word' id='word_1_410' title='bbox 714 4319 792 4380; x_wconf 86' lang='lat' dir='ltr'><strong>Haec</strong></span> <span class='ocrx_word' id='word_1_411' title='bbox 816 4319 868 4378; x_wconf 87' lang='lat' dir='ltr'><strong>est</strong></span> <span class='ocrx_word' id='word_1_412' title='bbox 878 4331 964 4396; x_wconf 88' lang='lat' dir='ltr'><strong>spes,</strong></span> <span class='ocrx_word' id='word_1_413' title='bbox 978 4314 1050 4378; x_wconf 84' lang='lat' dir='ltr'><strong>haec</strong></span> <span class='ocrx_word' id='word_1_414' title='bbox 1095 4321 1214 4368; x_wconf 88' lang='lat' dir='ltr'><strong>cursus</strong></span> <span class='ocrx_word' id='word_1_415' title='bbox 1258 4303 1442 4404; x_wconf 79' lang='lat' dir='ltr'><strong>latronum,</strong></span> <span class='ocrx_word' id='word_1_416' title='bbox 1469 4298 1499 4361; x_wconf 86' lang='lat' dir='ltr'><strong>ei</strong></span> <span class='ocrx_word' id='word_1_417' title='bbox 1531 4295 1731 4359; x_wconf 82' lang='lat' dir='ltr'><strong>facultatum</strong></span> <span class='ocrx_word' id='word_1_418' title='bbox 1768 4312 1842 4376; x_wconf 83' lang='lat' dir='ltr'><strong>pro</strong></span> 
     </span>
     <span class='ocr_line' id='line_1_38' title="bbox 306 4387 1843 4490; baseline -0.019 -17"><span class='ocrx_word' id='word_1_419' title='bbox 306 4427 382 4490; x_wconf 84' lang='lat' dir='ltr'><strong>quae</strong></span> <span class='ocrx_word' id='word_1_420' title='bbox 398 4407 574 4470; x_wconf 90' lang='lat' dir='ltr'><strong>verbotuo</strong></span> <span class='ocrx_word' id='word_1_421' title='bbox 590 4405 727 4469; x_wconf 91' lang='lat' dir='ltr'><strong>obvenit</strong></span> <span class='ocrx_word' id='word_1_422' title='bbox 749 4405 843 4483; x_wconf 89' lang='lat' dir='ltr'><strong>mihi,</strong></span> <span class='ocrx_word' id='word_1_423' title='bbox 878 4405 1052 4468; x_wconf 87' lang='lat' dir='ltr'><strong>consolata</strong></span> <span class='ocrx_word' id='word_1_424' title='bbox 1095 4392 1242 4472; x_wconf 83' lang='lat' dir='ltr'><strong>scriptio,</strong></span> <span class='ocrx_word' id='word_1_425' title='bbox 1258 4391 1287 4453; x_wconf 89' lang='lat' dir='ltr'><strong>si</strong></span> <span class='ocrx_word' id='word_1_426' title='bbox 1303 4387 1468 4471; x_wconf 80' lang='lat' dir='ltr'><strong>quidquid</strong></span> <span class='ocrx_word' id='word_1_427' title='bbox 1483 4401 1698 4486; x_wconf 78' lang='lat' dir='ltr'><strong>eorumquae</strong></span> <span class='ocrx_word' id='word_1_428' title='bbox 1721 4389 1843 4464; x_wconf 90' lang='lat' dir='ltr'><strong>putan-</strong></span> 
     </span>
     <span class='ocr_line' id='line_1_39' title="bbox 306 4471 1843 4580; baseline -0.017 -19"><span class='ocrx_word' id='word_1_429' title='bbox 306 4502 357 4562; x_wconf 89' lang='lat' dir='ltr'><strong>est</strong></span> <span class='ocrx_word' id='word_1_430' title='bbox 371 4514 458 4560; x_wconf 89' lang='lat' dir='ltr'><strong>me...</strong></span> <span class='ocrx_word' id='word_1_431' title='bbox 474 4497 565 4572; x_wconf 79' lang='lat' dir='ltr'><strong>Ergo</strong></span> <span class='ocrx_word' id='word_1_432' title='bbox 581 4495 611 4558; x_wconf 90' lang='lat' dir='ltr'><strong>si</strong></span> <span class='ocrx_word' id='word_1_433' title='bbox 626 4496 703 4575; x_wconf 90' lang='lat' dir='ltr'><strong>quis</strong></span> <span class='ocrx_word' id='word_1_434' title='bbox 730 4496 805 4558; x_wconf 84' lang='lat' dir='ltr'><strong>vult</strong></span> <span class='ocrx_word' id='word_1_435' title='bbox 831 4493 971 4557; x_wconf 70' lang='lat' dir='ltr'><strong>adversa</strong></span> <span class='ocrx_word' id='word_1_436' title='bbox 997 4510 1052 4556; x_wconf 67' lang='lat' dir='ltr'><strong>su.</strong></span> <span class='ocrx_word' id='word_1_437' title='bbox 1095 4486 1152 4544; x_wconf 91' lang='lat' dir='ltr'><strong>tur</strong></span> <span class='ocrx_word' id='word_1_438' title='bbox 1165 4481 1205 4543; x_wconf 91' lang='lat' dir='ltr'><strong>in·</strong></span> <span class='ocrx_word' id='word_1_439' title='bbox 1219 4481 1283 4544; x_wconf 88' lang='lat' dir='ltr'><strong>isto</strong></span> <span class='ocrx_word' id='word_1_440' title='bbox 1307 4477 1447 4580; x_wconf 71' lang='lat' dir='ltr'><strong>edversa</strong></span> <span class='ocrx_word' id='word_1_441' title='bbox 1468 4473 1601 4551; x_wconf 85' lang='lat' dir='ltr'><strong>saeculo,</strong></span> <span class='ocrx_word' id='word_1_442' title='bbox 1628 4471 1726 4536; x_wconf 80' lang='lat' dir='ltr'><strong>facile</strong></span> <span class='ocrx_word' id='word_1_443' title='bbox 1741 4489 1843 4553; x_wconf 88' lang='lat' dir='ltr'><strong>supe·</strong></span> 
     </span>
     <span class='ocr_line' id='line_1_40' title="bbox 305 4562 1731 4669; baseline -0.021 -19"><span class='ocrx_word' id='word_1_444' title='bbox 305 4603 433 4669; x_wconf 90' lang='lat' dir='ltr'><strong>perare,</strong></span> <span class='ocrx_word' id='word_1_445' title='bbox 463 4585 493 4648; x_wconf 85' lang='lat' dir='ltr'><strong>si</strong></span> <span class='ocrx_word' id='word_1_446' title='bbox 508 4589 560 4646; x_wconf 89' lang='lat' dir='ltr'><strong>est</strong></span> <span class='ocrx_word' id='word_1_447' title='bbox 585 4583 785 4664; x_wconf 88' lang='lat' dir='ltr'><strong>persecutio,</strong></span> <span class='ocrx_word' id='word_1_448' title='bbox 807 4583 835 4646; x_wconf 90' lang='lat' dir='ltr'><strong>si</strong></span> <span class='ocrx_word' id='word_1_449' title='bbox 852 4587 903 4645; x_wconf 86' lang='lat' dir='ltr'><strong>est</strong></span> <span class='ocrx_word' id='word_1_450' title='bbox 922 4582 1053 4662; x_wconf 89' lang='lat' dir='ltr'><strong>pericu·</strong></span> <span class='ocrx_word' id='word_1_451' title='bbox 1097 4575 1227 4649; x_wconf 78' lang='lat' dir='ltr'><strong>rantur,</strong></span> <span class='ocrx_word' id='word_1_452' title='bbox 1243 4570 1273 4632; x_wconf 85' lang='lat' dir='ltr'><strong>si</strong></span> <span class='ocrx_word' id='word_1_453' title='bbox 1288 4571 1333 4630; x_wconf 84' lang='lat' dir='ltr'><strong>ert</strong></span> <span class='ocrx_word' id='word_1_454' title='bbox 1348 4582 1423 4648; x_wconf 87' lang='lat' dir='ltr'><strong>spes</strong></span> <span class='ocrx_word' id='word_1_455' title='bbox 1439 4582 1515 4648; x_wconf 74' lang='lat' dir='ltr'><strong>quac</strong></span> <span class='ocrx_word' id='word_1_456' title='bbox 1530 4562 1731 4626; x_wconf 88' lang='lat' dir='ltr'><strong>consoletur.</strong></span> 
     </span>
     <span class='ocr_line' id='line_1_41' title="bbox 305 4671 1053 4752; baseline -0.008 -14"><span class='ocrx_word' id='word_1_457' title='bbox 305 4676 388 4752; x_wconf 91' lang='lat' dir='ltr'><strong>lum,</strong></span> <span class='ocrx_word' id='word_1_458' title='bbox 404 4674 433 4736; x_wconf 91' lang='lat' dir='ltr'><strong>si</strong></span> <span class='ocrx_word' id='word_1_459' title='bbox 456 4689 556 4750; x_wconf 89' lang='lat' dir='ltr'><strong>mors,</strong></span> <span class='ocrx_word' id='word_1_460' title='bbox 579 4671 608 4734; x_wconf 86' lang='lat' dir='ltr'><strong>si</strong></span> <span class='ocrx_word' id='word_1_461' title='bbox 624 4671 791 4750; x_wconf 72' lang='lat' dir='ltr'><strong>agritudo</strong></span> <span class='ocrx_word' id='word_1_462' title='bbox 811 4671 937 4750; x_wconf 85' lang='lat' dir='ltr'><strong>gravis,</strong></span> <span class='ocrx_word' id='word_1_463' title='bbox 958 4671 987 4734; x_wconf 89' lang='lat' dir='ltr'><strong>si</strong></span> <span class='ocrx_word' id='word_1_464' title='bbox 1003 4671 1053 4732; x_wconf 92' lang='lat' dir='ltr'><strong>in-</strong></span> 
     </span>
    </p>
   </div>
   <div class='ocr_carea' id='block_1_4' title="bbox 305 4849 1849 5206">
    <p class='ocr_par' dir='ltr' id='par_1_4' title="bbox 305 4849 1849 5206">
     <span class='ocr_line' id='line_1_42' title="bbox 338 4849 1847 4948; baseline -0.02 -14"><span class='ocrx_word' id='word_1_465' title='bbox 338 4895 367 4934; x_wconf 88' lang='lat' dir='ltr'><strong>v.</strong></span> <span class='ocrx_word' id='word_1_466' title='bbox 380 4877 422 4932; x_wconf 85' lang='lat'><strong>50.</strong></span> <span class='ocrx_word' id='word_1_467' title='bbox 436 4876 503 4933; x_wconf 85' lang='lat' dir='ltr'><strong>Vat.</strong></span> <span class='ocrx_word' id='word_1_468' title='bbox 517 4875 581 4946; x_wconf 89' lang='grc'><strong>6,9,</strong></span> <span class='ocrx_word' id='word_1_469' title='bbox 595 4874 636 4930; x_wconf 88' lang='grc'><strong>16.</strong></span> <span class='ocrx_word' id='word_1_470' title='bbox 649 4873 749 4928; x_wconf 82' lang='lat' dir='ltr'><strong>Pauca</strong></span> <span class='ocrx_word' id='word_1_471' title='bbox 761 4871 799 4927; x_wconf 82' lang='lat' dir='ltr'><strong>ab</strong></span> <span class='ocrx_word' id='word_1_472' title='bbox 816 4871 902 4928; x_wconf 90' lang='lat' dir='ltr'><strong>initio</strong></span> <span class='ocrx_word' id='word_1_473' title='bbox 915 4871 1053 4929; x_wconf 82' lang='lat' dir='ltr'><strong>etinoal-</strong></span> <span class='ocrx_word' id='word_1_474' title='bbox 1096 4869 1145 4920; x_wconf 90' lang='lat' dir='ltr'><strong>tor</strong></span> <span class='ocrx_word' id='word_1_475' title='bbox 1156 4880 1175 4918; x_wconf 86' lang='grc' dir='ltr'><strong>α</strong></span> <span class='ocrx_word' id='word_1_476' title='bbox 1185 4878 1232 4916; x_wconf 89' lang='lat' dir='ltr'><strong>ms</strong></span> <span class='ocrx_word' id='word_1_477' title='bbox 1244 4876 1304 4916; x_wconf 92' lang='lat' dir='ltr'><strong>non</strong></span> <span class='ocrx_word' id='word_1_478' title='bbox 1315 4861 1463 4929; x_wconf 75' lang='lat' dir='ltr'><strong>receptam</strong></span> <span class='ocrx_word' id='word_1_479' title='bbox 1479 4853 1574 4910; x_wconf 83' lang='lat' dir='ltr'><strong>fuisse</strong></span> <span class='ocrx_word' id='word_1_480' title='bbox 1591 4868 1696 4927; x_wconf 83' lang='lat' dir='ltr'><strong>puram</strong></span> <span class='ocrx_word' id='word_1_481' title='bbox 1714 4849 1847 4948; x_wconf 76' lang='lat' dir='ltr'><strong>ejusdem</strong></span> 
     </span>
     <span class='ocr_line' id='line_1_43' title="bbox 305 4941 1849 5031; baseline -0.017 -12"><span class='ocrx_word' id='word_1_482' title='bbox 305 4980 339 5018; x_wconf 84' lang='lat' dir='ltr'><strong>co</strong></span> <span class='ocrx_word' id='word_1_483' title='bbox 351 4979 469 5018; x_wconf 80' lang='lat' dir='ltr'><strong>corrasa</strong></span> <span class='ocrx_word' id='word_1_484' title='bbox 480 4960 559 5017; x_wconf 89' lang='lat' dir='ltr'><strong>idern</strong></span> <span class='ocrx_word' id='word_1_485' title='bbox 569 4958 750 5015; x_wconf 82' lang='lat' dir='ltr'><strong>Athanasius</strong></span> <span class='ocrx_word' id='word_1_486' title='bbox 762 4964 852 5014; x_wconf 81' lang='lat' dir='ltr'><strong>tenet</strong></span> <span class='ocrx_word' id='word_1_487' title='bbox 860 4957 952 5013; x_wconf 80' lang='lat' dir='ltr'><strong>Plura</strong></span> <span class='ocrx_word' id='word_1_488' title='bbox 961 4963 993 5013; x_wconf 88' lang='lat' dir='ltr'><strong>et</strong></span> <span class='ocrx_word' id='word_1_489' title='bbox 1003 4974 1053 5031; x_wconf 86' lang='lat' dir='ltr'><strong>op·</strong></span> <span class='ocrx_word' id='word_1_490' title='bbox 1097 4948 1282 5006; x_wconf 78' lang='lat' dir='ltr'><strong>latinitatem.</strong></span> <span class='ocrx_word' id='word_1_491' title='bbox 1303 4943 1416 5002; x_wconf 82' lang='lat' dir='ltr'><strong>Pannis</strong></span> <span class='ocrx_word' id='word_1_492' title='bbox 1436 4941 1511 5000; x_wconf 78' lang='lat' dir='ltr'><strong>meir</strong></span> <span class='ocrx_word' id='word_1_493' title='bbox 1528 4941 1612 4997; x_wconf 78' lang='lat' dir='ltr'><strong>illam</strong></span> <span class='ocrx_word' id='word_1_494' title='bbox 1629 4955 1788 5012; x_wconf 81' lang='lat' dir='ltr'><strong>purpuram</strong></span> <span class='ocrx_word' id='word_1_495' title='bbox 1800 4953 1849 4994; x_wconf 86' lang='lat' dir='ltr'><strong>ur·</strong></span> 
     </span>
     <span class='ocr_line' id='line_1_44' title="bbox 305 5030 1380 5117; baseline -0.02 -10"><span class='ocrx_word' id='word_1_496' title='bbox 305 5043 1053 5117; x_wconf 78' lang='lat' dir='ltr'><strong>timanostrisaddendaBBreceperuntailordsrio,</strong></span> <span class='ocrx_word' id='word_1_497' title='bbox 1098 5051 1197 5094; x_wconf 85' lang='lat' dir='ltr'><strong>serere</strong></span> <span class='ocrx_word' id='word_1_498' title='bbox 1208 5051 1255 5088; x_wconf 84' lang='lat' dir='ltr'><strong>me</strong></span> <span class='ocrx_word' id='word_1_499' title='bbox 1267 5030 1380 5106; x_wconf 81' lang='lat' dir='ltr'><strong>puduit</strong></span> 
     </span>
     <span class='ocr_line' id='line_1_45' title="bbox 305 5117 1372 5206; baseline -0.02 -13"><span class='ocrx_word' id='word_1_500' title='bbox 305 5133 359 5192; x_wconf 84' lang='lat' dir='ltr'><strong>sed</strong></span> <span class='ocrx_word' id='word_1_501' title='bbox 370 5135 469 5192; x_wconf 89' lang='lat' dir='ltr'><strong>onmia</strong></span> <span class='ocrx_word' id='word_1_502' title='bbox 479 5131 597 5206; x_wconf 81' lang='lat' dir='ltr'><strong>legebat</strong></span> <span class='ocrx_word' id='word_1_503' title='bbox 607 5129 789 5199; x_wconf 83' lang='lat' dir='ltr'><strong>Ambrosius,</strong></span> <span class='ocrx_word' id='word_1_504' title='bbox 802 5133 833 5184; x_wconf 88' lang='lat' dir='ltr'><strong>et</strong></span> <span class='ocrx_word' id='word_1_505' title='bbox 841 5127 893 5186; x_wconf 81' lang='lat' dir='ltr'><strong>vix</strong></span> <span class='ocrx_word' id='word_1_506' title='bbox 904 5127 984 5186; x_wconf 82' lang='lat' dir='ltr'><strong>feret</strong></span> <span class='ocrx_word' id='word_1_507' title='bbox 995 5129 1051 5186; x_wconf 88' lang='lat' dir='ltr'><strong>lec·</strong></span> <span class='ocrx_word' id='word_1_508' title='bbox 1131 5141 1159 5180; x_wconf 90' lang='lat' dir='ltr'><strong>v.</strong></span> <span class='ocrx_word' id='word_1_509' title='bbox 1172 5119 1295 5178; x_wconf 51' lang='grc' dir='ltr'><strong>Βάδει.</strong></span> <span class='ocrx_word' id='word_1_510' title='bbox 1308 5119 1334 5188; x_wconf 83' lang='grc'><strong>6,</strong></span> <span class='ocrx_word' id='word_1_511' title='bbox 1347 5117 1372 5172; x_wconf 89' lang='grc'><strong>6.</strong></span> 
     </span>
    </p>
   </div>
   <div class='ocr_carea' id='block_1_5' title="bbox 0 0 2021 6084">
    <p class='ocr_par' dir='ltr' id='par_1_5' title="bbox 0 0 2021 6084">
     <span class='ocr_line' id='line_1_46' title="bbox 0 0 2021 6084; baseline 0 0"><span class='ocrx_word' id='word_1_512' title='bbox 0 0 2021 6084; x_wconf 95' lang='lat' dir='ltr'><strong> </strong></span> 
     </span>
    </p>
   </div>
  </div>
 </body>
</html>
