4044 6104
307 405 371 470 400
971 410 1182 478 ORIGENES

308 551 404 638 σεδης
419 554 472 619 τόν
484 509 581 637 Θεθνς
598 553 666 618 είπε
681 556 742 641 γὰρ
758 554 793 620 ἐν
808 547 924 636 καρδίᾳ
946 553 1051 617 αιίτοῦ·
1098 551 1179 633 qnid
1192 552 1343 618 incitavit
1355 551 1476 635 impius
1498 555 1624 618 Deum?
1646 549 1742 616 Dicit
1764 550 1850 615 enim

308 651 501 738 Οόζητησει.
517 653 651 732 Βλέπεις
662 658 710 721 δτι
721 659 760 721 σὺ
772 653 1054 738 attenuationis
1099 657 1136 720 ic
1148 652 1238 722 corde
1248 675 1322 722 οαοι
1337 658 1410 724 Noa
1420 659 1573 739 requiret.
1595 656 1848 756 Videtquooiam

305 757 523 843 κατανοήσεις,
531 769 588 824 τοῦ
595 761 792 844 παραδοῦναι
803 759 917 836 αὐτοὺς
932 759 975 835 εἰς
987 769 1052 846 χεῖ·
1098 765 1135 824 ιιι
1149 760 1324 826 ὶοόοπενιεί
1332 760 1719 843 fluoremcmmiierobir,
1729 765 1766 824 ct
1778 763 1844 825 trc-

310 861 448 945 ρίιςσου.
1098 862 1507 931 decorticaturum.

350 965 491 1052 Εὔχεται
513 965 565 1031 διὰ
586 967 714 1049 τούτων,
731 966 794 1054 ἤδη
818 970 906 1051 ποτέ,
922 967 974 1033 διὰ
996 971 1054 1054 τὴν
1142 972 1251 1047 Rogat
1266 987 1325 1051 per
1340 971 1422 1050 haeo,
1438 975 1477 1034 ut
1492 969 1674 1051 aliquando
1686 969 1746 1032 Dei
1762 970 1844 1032 tole·

306 1067 428 1154 ἀνοχὴν
441 1076 497 1133 τοῦ
520 1068 603 1136 Θεοῦ
618 1073 673 1134 καί
688 1073 745 1156 τὴν
765 1070 978 1156 χρηστότητα,
998 1077 1054 1140 καί
1099 1073 1209 1134 nentia
1225 1079 1258 1136 et
1273 1073 1469 1152 benignitas
1485 1080 1669 1152 moventur,
1687 1071 1778 1136 etad
1794 1071 1848 1152 ju·

304 1176 363 1259 τὴν
386 1171 601 1259 μακροθυμίαν
622 1176 788 1260 κινηθῆναι
809 1177 864 1239 καί
893 1177 1053 1264 διεγερθη-
1098 1173 1225 1238 dicium
1240 1180 1357 1238 contra
1374 1177 1516 1257 impium
1536 1178 1712 1255 excitetur,
1728 1177 1763 1238 in
1780 1192 1846 1255 quo

304 1295 356 1343 ναι
370 1277 421 1341 ἐπὶ
434 1279 493 1361 την
506 1279 662 1342 κατόιτῦν
673 1277 794 1344 ἀσεδιῦν
805 1278 916 1362 κρίσιν,
928 1279 1050 1365 καθ’ἥν
1098 1296 1219 1343 monus
1234 1280 1296 1342 Dei
1311 1281 1442 1344 elevata
1459 1297 1736 1360 unumquemque
1756 1278 1847 1358 judi·

277 1379 410 1466 ,ἡχεὶρ
422 1391 478 1446 τοῦ
491 1381 574 1449 Θεοῦ
589 1382 748 1466 θψωθεῖσα
765 1386 822 1469 τὴν
834 1383 1052 1469 παρ’ἐκάστου
1098 1383 1198 1446 cebit.
1229 1385 1293 1446 Per
1333 1399 1471 1447 manum
1506 1385 1673 1448 elevatam
1700 1381 1848 1461 figurate

303 1482 465 1569 ἐκδίκησιν
499 1484 675 1569 ποιήσεται.
706 1487 785 1570 Χείρ
822 1486 858 1551 δέ
891 1487 1050 1574 θψουμένη
1098 1486 1271 1566 significat
1284 1489 1356 1551 vim
1364 1487 1613 1567 judiciidiviui,
1622 1506 1698 1569 ηοω
1711 1488 1849 1568 quidem

302 1599 458 1672 τροπικῶς
487 1592 545 1675 τὴν
571 1589 700 1675 δύναμιν
723 1589 870 1677 σημαίνει
888 1602 945 1658 τοῦ
968 1590 1051 1659 Θεοῦ
1098 1590 1203 1653 donec
1231 1591 1394 1655 adversus
1416 1592 1537 1674 impios
1556 1591 1725 1672 judicium
1752 1593 1848 1655 insti-

303 1694 361 1782 την
375 1691 536 1777 κριτικήν·
551 1692 662 1776 ῆτέως
675 1695 731 1778 μὲν
748 1696 790 1779 μὴ
807 1694 983 1781 ἐνεργοῦσα
991 1700 1049 1783 τὴν
1097 1701 1181 1778 tunt,
1194 1697 1368 1776 quiescere
1384 1696 1518 1760 videtur
1540 1703 1643 1777 etque
1658 1696 1845 1759 humiliori.

302 1799 386 1862 κατὰ
400 1807 460 1862 τῦν
483 1797 604 1864 ἀσεθῦν
623 1795 783 1884 τιμωρίαν,
798 1798 973 1885 ἡσυχάζειν
996 1805 1051 1867 καὶ
1097 1799 1236 1874 Quando
1244 1805 1358 1863 autern
1368 1801 1437 1863 vim
1445 1817 1542 1863 suem
1552 1817 1687 1863 exerere
1696 1800 1845 1879 incipiet,

302 1900 523 1965 ταπεινοῦσθαι
537 1901 628 1965 δοκεῖ
634 1922 642 1936 ·
665 1901 744 1966 ἐπόιν
760 1901 795 1966 δέ
810 1902 945 1987 ἄρξηται
962 1904 1047 1988 ἐνερ·
1096 1903 1238 1967 reddens
1261 1905 1447 1986 unicuique
1468 1903 1655 1966 secundnm
1674 1905 1844 1983 meritum,

302 2011 378 2086 γεῖν,
394 2000 586 2068 ἀποδίδουσα
609 2002 733 2089 ἑκάστῳ
755 2005 840 2069 κατοὶ
861 2009 896 2070 τδ
919 2004 1050 2090 δίκαιον,
1095 2011 1178 2069 tunc
1193 2008 1318 2072 dicitur
1330 2009 1482 2071 exaltari.
1497 2009 1569 2083 Quo
1580 2008 1670 2071 circa
1682 2023 1750 2071 nou
1762 2009 1844 2071 obli-

301 2117 476 2192 τηνικαῦτα
491 2107 618 2195 λέγεται
633 2109 803 2194 θψοῦσθαι·
819 2111 868 2177 διδ
883 2114 926 2197 μὴ
943 2113 1050 2178 ἐπιλά-
1097 2111 1238 2174 visceris
1261 2129 1449 2192 pauperum
1472 2117 1621 2190 tuorum,
1642 2112 1701 2191 qui
1723 2113 1847 2192 spiritu

304 2204 342 2294 θη
370 2219 430 2277 τῷν
460 2220 523 2276 σῦν
553 2210 705 2296 πενήτων,
732 2221 793 2278 τῷν
824 2223 867 2300 τῷ
897 2216 1051 2303 πνεύματι
1096 2229 1261 2296 pauperes
1283 2223 1374 2295 sunt,
1397 2217 1508 2280 sciens
1530 2214 1621 2296 quod
1643 2233 1759 2283 omnes
1781 2217 1846 2280 sub

302 2314 536 2399 πτωχευόντων,
552 2315 641 2393 εἰδὼς
656 2318 704 2381 δτι
715 2318 776 2383 ῦπό
790 2322 847 2396 τὰς
862 2322 922 2397 σόις
937 2331 1049 2409 χεῖρας
1095 2335 1200 2383 manu
1215 2323 1275 2381 tua
1294 2325 1386 2398 sunt,
1401 2337 1511 2402 neque
1528 2323 1625 2384 extra
1646 2319 1768 2398 lugere
1784 2322 1847 2384 ulli

302 2417 332 2482 οἱ
353 2417 468 2495 πάντες
492 2418 711 2504 τυγχάνουσιν,
733 2423 788 2486 καὶ
814 2422 874 2488 οὐκ
895 2425 963 2489 ἐστι
988 2449 1049 2493 που
1095 2439 1292 2488 eoncessum
1307 2428 1368 2487 est·

301 2524 393 2601 ἐκτδς
414 2521 515 2589 οὐδενὶ
537 2525 710 2609 διαδρᾶναι.
735 2526 788 2592 Διδ
804 2527 968 2603 λέλεκται·
991 2531 1045 2617 Μὴ
1138 2529 1273 2592 Dictum
1286 2527 1845 2608 estidcircothobliciocart'upcu-

300 2629 435 2714 ἐπιλθθη
450 2639 512 2696 τῶν
527 2638 589 2696 σῦν
604 2629 746 2716 πενήτων
760 2642 822 2699 τῷν
836 2643 880 2720 τῷ
895 2636 1048 2722 πνεύματι
1086 2648 1206 2712 perum
1227 2637 1374 2710 tuorum,
1398 2633 1458 2712 qui
1480 2632 1604 2713 spiritu
1619 2631 1735 2712 inopes
1750 2637 1840 2694 sunt.

299 2734 556 2820 πτωχευδντων...
580 2746 636 2800 τοῦ
654 2737 850 2821 παραδοῦναι
872 2740 986 2819 αὐτοὺς
1002 2743 1048 2820 εἰς
1095 2736 1138 2800 Et
1152 2736 1361 2803 addituerc
1387 2735 1499 2801 tradar
1509 2754 1561 2801 cos
1575 2737 1613 2800 io
1626 2751 1742 2800 νιαπασ
1756 2738 1840 2800 tuos.

300 2838 411 2924 χεῖράς
425 2858 482 2904 σου
496 2859 503 2876 ·
518 2849 686 2925 τοιγαροῦν
700 2837 717 2904 ὀ
733 2842 789 2917 σός
803 2846 929 2928 πτωχὸς
952 2843 1048 2908 ἀκού·
1094 2844 1219 2906 Verum
1231 2843 1323 2905 enim
1334 2859 1415 2906 vero
1429 2859 1557 2923 pauper
1568 2848 1658 2921 tuus,
1675 2840 1734 2904 ubi
1747 2840 1842 2903 andi·

301 2962 360 3019 σας
382 2952 443 3008 τῦν
462 2951 525 3008 σῦν
545 2940 659 3032 λογίων
674 2943 877 3027 φασκόντων·
901 2945 954 3032 Μὴ
976 2947 1048 3012 ἐαυ-
1094 2947 1191 3010 vitto
1207 2947 1425 3012 talialatum:
1445 2947 1584 3010 «Nolite
1607 2949 1737 3010 vosmet
1761 2946 1844 3008 ulci-

300 3048 373 3123 τοὺς
388 3045 595 3128 ἐκδικοῦντες,
612 3047 782 3133 ἀγαπητοὶ,
807 3049 890 3116 ἀλλὰ
913 3050 983 3118 δότε
998 3053 1048 3118 τό-
1093 3054 1152 3132 sci,
1175 3053 1334 3132 odilecti,
1358 3051 1417 3116 sed
1431 3054 1509 3116 dote
1532 3052 1644 3115 locum
1667 3052 1736 3113 irae.
1759 3049 1842 3112 Mihi

301 3169 360 3214 πον
382 3159 421 3235 τῷ
444 3150 534 3236 ὀργῇ,
558 3151 627 3236 ἐμοὶ
641 3150 811 3236 ἐκδίκησις,
828 3153 892 3239 ἐγὼ
913 3156 1048 3222 ἀνταπο-
1093 3156 1253 3235 vindicta,
1262 3173 1327 3234 ego
1340 3156 1535 3234 retribuam,
1544 3154 1627 3217 dicit
1638 3153 1840 3232 Dominus»

303 3251 404 3334 δὼσω,
420 3251 506 3339 λέγει
525 3252 652 3337 Κύριος,
669 3255 717 3318 σοὶ
734 3255 791 3340 τὴν
801 3255 961 3341 ἐκδίκησιν
984 3261 1050 3326 ἐπι-
1095 3261 1157 3323 tibi
1173 3278 1301 3341 pauper
1316 3261 1484 3342 permittit
1505 3259 1700 3338 vindictam,
1724 3275 1763 3321 ac
1781 3257 1845 3322 tibi

300 3356 417 3443 τρέπει,
433 3360 487 3423 καί
499 3361 548 3423 σοί
560 3358 672 3424 ἑαυτὸν
687 3360 881 3444 καταλείπει,
894 3365 1048 3432 πιστεύων
1093 3367 1200 3426 semet
1222 3363 1395 3444 relinquit,
1412 3361 1583 3453 confidens
1606 3378 1648 3425 ex
1660 3367 1729 3424 θυαε
1743 3359 1844 3439 justi·

300 3461 440 3539 ἐκδικίας
451 3463 539 3546 παρὰ
550 3471 607 3546 της
618 3472 677 3548 σης
688 3461 916 3550 δικαιοκρισίας
927 3479 1044 3555 τυχεῖν.
1094 3469 1151 3531 tiae
1163 3467 1234 3531 foro
1248 3469 1427 3531 oriundam
1444 3483 1515 3530 esse
1532 3465 1728 3529 vindictam.

345 3588 375 3632 v.
388 3569 440 3649 38,
457 3570 498 3632 39
514 3568 571 3648 (ul.
590 3570 640 3648 17,
660 3569 714 3652 13)
727 3568 794 3654 Τὴν
809 3570 972 3657 ἐπιθυμίαν
983 3584 1045 3642 τῦν
1135 3589 1167 3632 v·
1181 3572 1233 3650 38,
1247 3573 1288 3633 39
1301 3566 1845 3652 (17,18.)ῦοιι·ιοωοκμουμκνκ

299 3671 443 3758 πενητων
457 3671 624 3757 εἰσηκουσε
646 3671 774 3757 Κύριος,
790 3677 848 3760 τὴν
863 3674 1047 3762 ἐτοιμασίαν
1091 3674 1257 3739 exaudivit
1272 3677 1447 3738 Dominus-¹
1454 3673 1724 3755 promotionem
1738 3672 1846 3738 cordis

298 3775 503 3866 corausto<
513 3778 615 3842 αὐτῶν
630 3775 797 3862 elo-inopes
808 3777 934 3863 Κύριος,
951 3801 1047 3865 προσ·
1091 3797 1200 3844 coruom
1210 3779 1515 3858 andrenacum,
1530 3777 1672 3842 attendit
1684 3779 1846 3842 οωκοιιοι

298 3879 375 3968 ἐσχε
405 3883 441 3945 τὸ
471 3883 524 3959 οῦς
554 3873 610 3945 σου
636 3877 739 3964 κρίναι
764 3881 891 3968 ὀρφανῷ
916 3886 971 3949 καὶ
992 3906 1046 3949 τα·
1085 3883 1236 3966 judicare
1246 3883 1374 3963 pupillo
1385 3887 1417 3947 ct
1430 3881 1559 3960 humili,
1578 3885 1692 3946 otnmt
1704 3886 1845 3962 apponat

298 3994 403 4070 πεινῷ,
419 3986 471 4051 ίνα
494 3987 536 4070 μὴ
559 3983 680 4069 προσθῇ
698 3986 745 4050 ἐτι
765 3986 978 4074 μεγαλαυχεῖν
993 3991 1046 4056 ἀν-
1091 3989 1182 4053 ultra
1203 3986 1411 4069 neupopficore
1424 4003 1458 4049 ec
1472 3983 1560 4049 Ιιοαηο
1574 4001 1673 4065 ceper
1688 3987 1820 4048 terram.

302 4091 424 4172 θρωπος
439 4089 490 4153 ἐπὶ
505 4098 562 4174 της
576 4099 646 4176 γῆς.

341 4191 405 4258 Καὶ
427 4192 555 4279 ἐτοιμὴν
578 4193 697 4259 taurea
719 4204 881 4273 ποιοῦντες
904 4197 963 4282 τήν
986 4198 1043 4282 ψυ-
1135 4203 1182 4260 Ac
1189 4194 1275 4275 justi
1286 4199 1439 4276 paratam
1451 4199 1568 4258 teuent
1579 4210 1678 4256 suam
1689 4191 1842 4255 animem

296 4298 360 4382 χὴν
375 4297 419 4374 είς
433 4299 492 4382 τὴν
508 4295 749 4383 ἐπηγγελμένην
764 4295 870 4376 αὐτοῖς
883 4297 1045 4385 βασιλείαν
1090 4298 1132 4362 ad
1145 4299 1347 4379 promissum
1360 4297 1580 4375 sibireguum
1589 4297 1659 4375 Dei,
1669 4294 1840 4374 injudicio

296 4411 352 4466 τοῦ
369 4399 451 4467 Θεοῦ
467 4399 535 4483 [τῷ]
558 4397 661 4483 κρίναι
678 4401 804 4485 ὀρφανῷ
818 4402 872 4464 καί
892 4412 1044 4488 ταπεινῷ·
1091 4404 1214 4485 pupilli
1238 4409 1272 4467 et
1293 4395 1451 4482 huinilis3
1473 4405 1512 4466 αι
1532 4419 1594 4466 oon
1618 4399 1757 4482 αιθίοὶοί
1775 4417 1844 4463 σοι·

296 4507 348 4570 ίνα
364 4508 407 4591 μὴ
424 4502 544 4589 προσθῇ
560 4504 607 4567 ἐτι
622 4513 677 4568 τοῦ
700 4503 912 4590 μεγαλαυχεῖν
930 4504 1046 4590 ἅνθρω-
1084 4507 1178 4588 plius
1199 4507 1289 4572 Ιιοωιο
1311 4505 1518 4588 mnpofflcore
1538 4522 1572 4569 sc
1587 4519 1684 4584 snper
1706 4507 1839 4568 orrum.

296 4631 356 4688 πος
370 4612 422 4676 ἐπὶ
437 4619 493 4694 της
515 4618 585 4694 γης.
601 4607 673 4675 Ἐπὶ
693 4609 792 4692 τούτῳ
814 4611 877 4694 γὰρ
899 4611 958 4694 τὴν
980 4609 1045 4675 ἐπι·
1090 4615 1270 4695 Propterea
1286 4613 1376 4676 enim
1399 4611 1558 4675 Dominus
1573 4607 1700 4674 aedicit
1721 4605 1843 4672 deeo-

296 4715 408 4802 θυμίαν
422 4724 484 4780 τῶν
496 4713 638 4798 πενήτων
653 4713 839 4798 είσήκουσεν
851 4713 977 4798 Κύριος,
990 4717 1046 4781 καί
1089 4717 1178 4782 rium
1187 4732 1379 4798 pauperum,
1398 4719 1430 4779 ct
1443 4713 1538 4778 acris
1552 4713 1623 4793 ορόω
1630 4711 1776 4792 percepit
1789 4727 1842 4772 οο-

295 4821 355 4906 τὴν
369 4819 513 4905 πρόθεσιν
529 4828 586 4903 τῷς
597 4818 730 4905 καρδίας
745 4823 847 4886 αὐτῶν
859 4821 1044 4906 ἠκροάσατο
1090 4821 1247 4885 tuomum
1270 4817 1375 4885 cordis
1390 4834 1508 4896 cortun,
1534 4814 1707 4895 ctjcttcet
1727 4815 1841 4894 mpliu-

296 4926 333 4989 τό
347 4925 401 5000 οῦς
416 4923 522 5004 αὐτοῦ,
539 4924 590 4988 ἐπὶ
605 4932 650 5008 τῷ
666 4922 768 5007 κρίναι
781 4925 908 5010 ὀρφανῷ
925 4927 980 4990 καί
992 4947 1045 4991 τα·
1088 4924 1379 4990 ucmcthcmilem.
1397 4923 1495 4986 Faxit
1505 4921 1578 5000 hoc,
1591 4924 1625 4984 et
1644 4935 1762 4982 eorum
1780 4918 1839 4998 qui

296 5032 485 5115 πεινῷ·δπερ
494 5030 522 5094 εί
532 5027 664 5114 γένσιτσ,
675 5031 731 5094 καὶ
741 5031 799 5115 την
810 5029 972 5113 ἐκδίκησιν
984 5039 1045 5096 τῦν
1090 5029 1275 5094 infortunia
1310 5034 1344 5093 et
1365 5027 1600 5092 afflictationes
1634 5023 1725 5106 passi
1748 5027 1840 5102 sunt,

330 5193 359 5234 ν.
372 5175 416 5248 δθ,
428 5176 472 5234 39.
484 5175 544 5235 Vct
556 5175 598 5232 1³.
