4044 6104
845 477 1051 582 susum-us
1671 481 1734 542 389
1804 498 1810 510 ’

184 633 243 698 νην
258 614 365 694 αὐτοῦ,
381 614 436 678 καί
451 613 492 678 τὰ
507 612 665 698 προσόντα
689 635 741 700 μοι
757 615 801 692 είς
816 613 931 679 ἀπολο-
978 635 1053 680 rum
1071 635 1144 680 esse
1176 619 1329 697 Domin0,
1355 619 1541 682 secuudum
1562 619 1732 700 justitiam

183 717 256 804 γίαν
271 717 313 796 ῶς
328 716 582 804 ἐνδιααιωτηρίῳ
596 729 653 783 τοῦ
676 717 759 786 Θεοῶ
775 719 930 805 τρνόιξειν,
978 724 1084 802 illius,
1115 740 1154 786 ao
1185 739 1260 786 mea
1299 721 1448 786 facinora
1485 724 1729 805 producturum

183 823 338 888 ἀλλὰκαὶ
360 822 453 908 ψαλῶ
472 830 516 907 τῷ
539 823 667 909 όνόματι
689 823 808 909 Κυρίου
831 835 886 889 τοῦ
901 825 932 890 lr-
978 846 1050 892 esse
1063 830 1097 892 in
1110 828 1315 910 apologiam,
1328 829 1425 908 quasi
1438 832 1532 892 stans
1544 845 1657 892 eoram
1670 831 1732 893 Dei

158 907 307 1012 ’ψίστοα
330 925 484 992 πιστεύων
506 929 561 991 καί
585 927 877 1012 καταξιωθήσεσθαι
899 928 933 992 ἐν
978 937 1169 1011 suggestu:
1188 931 1291 994 immo
1299 931 1447 1010 psallum
1461 933 1585 996 nomini
1599 933 1732 996 Domini

186 1041 273 1119 χορῷ
299 1040 361 1097 τῶν
387 1031 463 1116 παρ’
477 1032 562 1116 αὐτῷ
591 1031 821 1118 σωθησομένων
849 1033 934 1117 eope·
978 1036 1148 1115 altissimi,
1174 1035 1318 1098 firmiter
1346 1041 1439 1100 ratus
1467 1038 1578 1100 loomn
1595 1037 1731 1100 honoris

185 1137 256 1215 θείς.
311 1189 320 1208 .
981 1143 1152 1206 iuvenisse
1175 1158 1229 1203 me
1264 1140 1299 1202 in
1327 1141 1429 1203 ohoro
1458 1157 1574 1204 eorum
1606 1141 1665 1220 qui
1688 1141 1731 1203 ab

983 1248 1054 1326 ipso
1080 1248 1190 1308 salute
1218 1245 1444 1308 donabuntur.

801 1481 970 1559 Psolmus
999 1479 1119 1558 VIII.

233 1733 264 1777 v.
284 1711 495 1792 1.,Ἐνταῦθα.
508 1713 605 1778 Attal.
626 1714 675 1792 11,
692 1715 767 1792 468,
785 1715 859 1776 459.
1027 1735 1058 1778 ν.
1077 1715 1094 1778 l
1113 1720 1147 1779 et
1162 1719 1192 1797 6,
1208 1715 1298 1780 alim.

232 1837 263 1882 v.
281 1821 311 1882 6.
340 1816 379 1882 Τί
400 1817 485 1882 ἐστιν
512 1817 682 1901 ἄνθρωπος,
707 1817 754 1881 ότι
778 1815 937 1902 μιμνήσκῃ
1027 1837 1058 1882 ν.
1081 1822 1112 1882 5.
1144 1819 1228 1896 Quid
1251 1825 1299 1884 est
1314 1819 1412 1900 hotto,
1442 1822 1525 1903 qood
1538 1840 1655 1886 utentur
1682 1824 1731 1886 sis

189 1922 307 2006 αὐτοῠ;
332 1924 429 1990 Vatia
446 1925 521 2002 627,
538 1924 570 1986 2.
983 1924 1077 2004 ejus?

230 2025 399 2114 Μιμνήσκῃ
415 2029 522 2126 αὺτοῦ,
547 2025 615 2090 ἀντί
630 2035 704 2089 τοῦ·
728 2023 817 2090 οὐδέν
840 2025 935 2108 ἐστιν,
1031 2028 1118 2104 Qttod
1131 2046 1251 2092 utemur
1265 2030 1314 2094 sis
1328 2029 1410 2111 ejus,
1429 2048 1468 2093 aa
1483 2032 1513 2094 si
1539 2031 1645 2095 dieat:
1674 2034 1729 2096 Ni·

185 2130 320 2209 εὐτελές.
345 2131 385 2197 Τί
408 2152 509 2215 εστιν;
540 2129 719 2215 Θαυμόζων
741 2131 797 2194 οὗν
829 2128 860 2194 τί
886 2152 936 2197 το·
982 2132 1032 2196 hil
1048 2137 1109 2212 est,
1126 2133 1194 2196 vile
1210 2139 1271 2213 est,
1290 2133 1369 2215 quid
1382 2139 1457 2200 est?
1479 2136 1620 2200 Miratus
1643 2155 1727 2216 ergo

185 2235 297 2336 συῠτγίν
323 2235 407 2300 ἐστιν
430 2235 601 2319 ἄνθρωπος,
621 2235 669 2299 ότι
692 2234 842 2299 τοσούτου
865 2246 934 2300 τοῶ-
982 2241 1033 2300 est
1059 2241 1208 2316 quantus
1223 2237 1268 2300 sit
1290 2238 1400 2318 homo,
1421 2239 1510 2320 quod
1533 2244 1628 2304 tanto
1652 2259 1729 2305 eum

185 2360 238 2404 τον
252 2337 386 2425 ἠξίωσε·
401 2337 505 2404 πάντα
516 2339 578 2424 γὰρ
595 2337 633 2403 δι’
644 2339 739 2404 αὐτόν
755 2336 877 2424 γέγονε.
893 2331 933 2387 -“-
980 2339 1106 2404 honore
1133 2341 1296 2419 dignatus
1320 2346 1380 2405 est.
1408 2343 1529 2404 Omnia
1547 2343 1638 2406 enim
1657 2362 1731 2425 pro

187 2444 255 2529 Τὴν
271 2444 326 2528 μὲν
342 2441 456 2508 ἑαυτοῦ
472 2443 579 2508 εἰκόνα
594 2443 611 2508 ό
624 2442 812 2529 δημιουργός
827 2452 933 2530 τιμῶν,
979 2451 1053 2528 pter
1068 2465 1145 2510 eum
1162 2446 1251 2510 laeta
1262 2453 1352 2512 sunt.
1372 2484 1409 2493 -
1428 2449 1619 2527 Imaginem
1631 2467 1729 2515 suam

185 2549 327 2634 ἄρχοντα
356 2549 410 2614 τόν
440 2548 603 2633 ἄνθρωπον
634 2557 696 2614 τῶν
723 2547 836 2613 ἑαυτοῦ
864 2570 935 2613 συν-
979 2551 1100 2614 mundi
1116 2551 1227 2633 opifex
1246 2552 1439 2633 honestans,
1459 2554 1631 2618 homiuem
1650 2571 1727 2618 oon-

186 2653 316 2736 δούλων,
339 2649 481 2717 τουτέστι
503 2661 562 2735 τῆς
577 2649 738 2737 όρωμένης
763 2649 936 2735 ἐποιήσατο
980 2657 1094 2721 stituit
1126 2658 1313 2739 principem
1347 2659 1515 2722 sociorum
1540 2660 1727 2739 servitutis,

185 2758 333 2835 κτίσεως·
350 2757 387 2822 οὐ
403 2756 497 2842 μόνον
519 2758 580 2841 γὰρ
603 2765 729 2842 πτηνῶν
744 2757 799 2820 καὶ
814 2764 937 2840 νηκτῶν
981 2759 1139 2824 videlieet
1155 2760 1300 2825 visibilis
1324 2762 1517 2826 creationis.
1533 2763 1606 2826 Non
1621 2763 1732 2826 solum

187 2865 243 2928 καὶ
259 2859 411 2949 ἀμφιόίων
431 2871 551 2946 κρατεῖ,
574 2861 659 2925 ἀλλὰ
673 2863 728 2925 καὶ
742 2871 804 2926 τῶν
819 2860 938 2946 όψηλο·
982 2864 1073 2926 enim
1096 2863 1289 2927 volatilium
1309 2867 1343 2928 et
1365 2866 1569 2946 aquatilium
1581 2870 1616 2930 et
1642 2869 1734 2930 utra·

185 2967 283 3054 τέμων
306 2969 361 3033 καί
381 2969 435 3033 τόν
457 2965 538 3051 ἀέρα
560 2965 779 3052 διαπερόντων,
796 2968 850 3044 οὓς
872 2967 938 3031 ἐπι·
982 2983 1048 3048 que
1074 2968 1147 3029 vita
1176 2967 1367 3030 viventium
1395 2968 1553 3033 dominus
1585 2974 1645 3046 est,
1673 2969 1733 3033 sed

187 3072 283 3150 νοίαις
308 3071 449 3156 θηρεύει.
478 3070 645 3156 Τοοαόττγν
667 3069 773 3157 γὰρὴ
801 3072 862 3137 τῶν
886 3071 939 3137 ἀν·
983 3073 1092 3144 etiam,
1116 3072 1365 3153 sublimiorum,
1393 3077 1427 3138 et
1452 3092 1533 3138 aera
1559 3091 1732 3156 permean-

191 3175 328 3262 όμόνπων
352 3175 442 3262 φύσις
463 3177 551 3260 παρὰ
566 3186 622 3240 τοῦ
637 3183 697 3242 τῶν
713 3176 795 3240 ὅλων
810 3175 894 3242 Θεοῦ
910 3175 939 3262 έ-
981 3175 1080 3255 tium,
1096 3194 1172 3258 quae
1187 3177 1319 3240 artibus
1331 3177 1403 3240 suis
1415 3182 1570 3242 venatur.
1584 3181 1730 3242 Tantum
1780 3164 1782 3168 ’

187 3279 298 3358 δέξατο
320 3281 424 3365 τιμὴν,
452 3279 536 3344 ἀλλὰ
559 3282 614 3345 καί
635 3282 695 3366 τὴν
717 3278 875 3365 ἡμετέραν
902 3279 938 3343 ἀ·
984 3280 1075 3342 enim
1093 3278 1195 3343 decus
1211 3279 1254 3342 ab
1270 3280 1508 3344 universorum
1525 3282 1593 3345 Deo
1609 3285 1733 3345 natura
1867 3306 1872 3320 ν

185 3387 313 3472 παρχὴν
328 3385 423 3463 αότός
438 3384 455 3448 ό
471 3383 551 3462 Θεός
567 3383 671 3470 Λόγος
687 3381 866 3470 συνείληφε,
882 3384 937 3447 καί
983 3382 1160 3445 hominum
1185 3384 1325 3463 recepitl
1349 3385 1457 3447 Immo
1478 3385 1647 3465 primitias
1673 3403 1731 3448 no-

184 3493 242 3576 τὴν
265 3488 445 3575 ἀπόόρτγτον
472 3489 687 3575 ἐργασόμενος
714 3488 834 3568 ένωαν,
861 3486 938 3552 ἑκό-
983 3491 1070 3550 atras
1080 3488 1151 3567 ipse
1163 3489 1254 3552 Deua
1267 3488 1416 3551 Verbum
1425 3491 1619 3572 assumpsit,
1631 3492 1733 3570 atque

184 3593 255 3660 όιοε
289 3594 395 3680 πόσης
421 3595 524 3680 ἀρχῆς
560 3593 666 3660 ἐπόνω
698 3594 754 3658 καί
786 3589 938 3672 ἐξουσίας,
985 3591 1149 3656 ineffabili
1180 3593 1306 3655 unione
1332 3597 1478 3672 peraeta,
1508 3593 1624 3657 aedera
1653 3592 1734 3656 iecit

184 3701 239 3762 καί
253 3697 356 3762 πάντα
375 3697 525 3777 ὑπέταξεν
549 3699 608 3764 ὑπὸ
624 3699 697 3774 τοὺς
709 3696 808 3775 πόδας
824 3698 933 3777 αὐτοῦ,
984 3712 1059 3758 eam
1074 3713 1211 3759 sursum
1227 3698 1262 3757 et
1287 3712 1391 3775 supra
1406 3711 1540 3758 omnem
1564 3697 1732 3778 principa-

184 3800 226 3878 ὡς
248 3805 302 3867 καί
318 3802 334 3872 ό
351 3801 545 3879 Ἀπόστολος
572 3801 744 3886 διαόόήδην
768 3801 844 3887 βοᾷ·
870 3801 933 3866 Τόν
980 3801 1054 3861 tum
1085 3800 1120 3862 et
1145 3801 1356 3880 potestatem,
1385 3801 1419 3860 et
1445 3801 1559 3862 omnia
1585 3797 1731 3878 subiecit

184 3906 219 3970 όὲ
246 3905 349 3993 βραχύ
376 3928 406 3971 τι
431 3907 506 3992 παρ’
527 3904 682 3992 ἀγγέλους
711 3903 936 3990 ἠλαττωμένον
980 3901 1044 3964 sub
1060 3900 1202 3983 pedibus
1219 3899 1303 3981 ejus,
1315 3901 1405 3965 siout
1421 3905 1599 3983 Apostolus
1612 3908 1728 3984 aperta

186 4009 343 4098 βλέπομεν
358 4010 493 4097 Ἰησοῦν,
985 4021 1067 4067 voce
1089 4006 1230 4067 elamat:
1250 4005 1385 4086 «Paulo
1402 4005 1515 4069 minus
1532 4006 1575 4069 ab
1597 4009 1731 4086 angelis

985 4111 1158 4173 minutum
1176 4110 1331 4172 videmus
1346 4111 1367 4172 J
1370 4127 1475 4174 esum.
1491 4131 1510 4175 ν

227 4240 259 4284 ν.
277 4221 308 4284 6.
328 4218 533 4296 Ἠλόττωσας
560 4221 654 4286 αὐτόν
682 4218 785 4306 βραχύ
813 4241 842 4284 τι
864 4221 938 4304 παρ’
1027 4233 1059 4277 ν.
1076 4217 1106 4277 6.
1123 4214 1281 4281 Μόααίυίί
1295 4233 1367 4280 eum
1376 4215 1599 4296 paulominus
1614 4213 1653 4280 πό
1674 4235 1731 4280 αα·

186 4323 350 4410 ἀγγέλους,
374 4324 448 4410 δόξῃ
471 4327 526 4390 καὶ
547 4336 620 4412 τιμῇ
644 4326 866 4413 ἐστεφάνωσας
881 4325 936 4389 αό-
980 4318 1075 4402 pelis,
1091 4317 1200 4400 pluria
1216 4323 1246 4384 et
1261 4319 1377 4383 Ιιοαοαο
1392 4320 1552 4383 coruscasti
1567 4337 1647 4384 euna.

204 4429 248 4493 ό.

184 4449 473 4612 τνΕίπὼνόθεός·
489 4532 675 4620 Ποιήσωμεν
688 4533 851 4619 ἄνθρωπον
862 4536 935 4600 κατ’
1026 4531 1147 4594 Dicens
1175 4530 1280 4592 Deus:
1311 4529 1530 4593 «Faciamus
1561 4529 1733 4594 hominem

185 4636 292 4703 εἰκόνα
309 4635 468 4724 ἡμετέραν
483 4639 537 4702 καὶ
561 4637 631 4704 καθ’
643 4636 799 4723 όμοίωσιν,
823 4638 934 4721 προσέ-
978 4636 1021 4698 ad
1055 4633 1242 4708 imaginem
1281 4635 1430 4694 nostram
1462 4637 1496 4694 et
1539 4633 1735 4697 similitudi·

218 4859 266 4916 Pe.
281 4877 346 4932 mn,
359 4877 386 4916 ν.
399 4862 424 4917 6.
438 4859 533 4918 Vatia.
547 4860 588 4916 16.
601 4859 668 4916 Euo
680 4857 794 4914 aooedit
803 4856 935 4915 Theodo·
965 4917 966 4920 ,
980 4861 1048 4930 pote
1061 4851 1139 4928 apud
1152 4850 1367 4908 aeclesiasticos
1377 4851 1545 4926 seripturas.
1554 4852 1629 4908 Tota
1634 4855 1734 4922 έαφρα-

183 4951 273 5024 natus.
286 4945 377 5002 Hebr.
391 4964 424 5018 rr,
437 4948 462 5003 7.
980 4962 1020 5010 σις
1026 4944 1206 5000 vetustatem
1214 4937 1329 4994 redolet
1338 4937 1466 4993 Eusebio
1476 4943 1528 4995 ant
1537 4938 1733 5012 antiquiorem

218 5051 246 5090 ν.
259 5034 284 5089 6.
299 5034 392 5092 Vatio.
405 5035 448 5089 18.
462 5033 535 5090 Gan.
548 5034 573 5088 1.
586 5033 629 5102 26,
641 5033 685 5088 28.
698 5032 748 5088 Po.
766 5049 804 5102 cr,
816 5032 860 5088 26.
874 5047 936 5101 clx,
980 5034 1033 5085 ant
1040 5024 1248 5082 sublimiorem.
1258 5023 1343 5080 Adde
1353 5028 1498 5097 praeterea
1507 5041 1572 5097 quae
1582 5024 1733 5083 abeodem

182 5125 208 5178 2.
219 5123 304 5180 Rom.
319 5140 382 5193 vm,
395 5122 437 5178 17.
451 5121 592 5190 Quadam
600 5119 638 5176 ad
649 5118 845 5176 Athanasium
857 5123 936 5174 trau·
982 5113 1109 5172 Eusebio
1122 5111 1160 5168 acl
1173 5113 1200 5168 ln
1214 5130 1241 5169 v.
1266 5109 1443 5168 inseruimus
1463 5111 1495 5166 in
1508 5111 1593 5168 Annl.
1612 5117 1633 5168 t.
1649 5128 1690 5204 11,
1703 5129 1733 5185 p.

182 5212 304 5278 aierunt.
317 5209 448 5282 Insignis
471 5225 528 5268 vox
540 5211 643 5277 θεωρός
664 5206 789 5277 videtur,
802 5223 868 5263 rara
892 5211 937 5260 ut·
982 5203 1044 5273 469,
1057 5201 1118 5256 460.
