4020 6098
926 397 1136 462 ORIGENES

870 678 1039 756 Petimus
1064 679 1184 758 CXV.

299 952 331 996 v.
348 933 378 997 2.
394 930 465 1010 Πᾶς
480 932 643 1019 ἄνθρωπος
654 930 782 1017 ψευδής.
1093 952 1124 996 ν.
1141 935 1171 998 2.
1192 936 1303 1002 Omnis
1316 935 1405 1002 Ιιονιιο
1418 935 1563 1004 norum.

298 1035 369 1122 Ἐφ’
380 1038 454 1102 ὅσον
469 1037 630 1123 ἄνθρωπός
644 1033 690 1115 τίς
706 1036 781 1120 ἐστι,
799 1035 936 1121 ψεύστης
952 1034 1005 1100 lo·
1094 1039 1134 1099 ln
1157 1044 1323 1120 quantum
1346 1042 1471 1123 uliquis
1494 1049 1545 1106 est
1566 1042 1677 1123 homo,
1700 1060 1792 1108 men·

254 1139 310 1206 τίν.
326 1139 404 1208 Ἐὰν
427 1142 462 1207 δὲ
484 1141 655 1226 ἀπιστῆσαι
677 1142 712 1204 τὸ
729 1141 808 1204 εἶναι
832 1138 1004 1223 ἄνθρωπος,
1049 1139 1114 1203 dex
1127 1148 1186 1222 est3
1194 1143 1248 1206 eiu
1260 1147 1375 1208 autem
1383 1162 1450 1208 non
1458 1146 1703 1227 persuadeatur
1715 1164 1793 1210 eum

254 1249 314 1312 ούιι
328 1249 395 1313 ἔστι
410 1247 558 1331 ψεύστης,
575 1246 660 1311 ἀλλὰ
675 1243 853 1330 ἀληθευτής
868 1245 944 1310 ἐστι.
962 1281 1003 1293 -
1050 1263 1122 1310 esse
1135 1247 1318 1328 hominem,
1331 1267 1397 1313 non
1410 1251 1556 1314 mendox
1568 1255 1629 1332 est,
1641 1251 1699 1316 sed
1711 1253 1797 1316 veri·

254 1350 294 1416 Ei
309 1349 470 1434 ἅνθρωπός
484 1350 550 1436 ἐση
573 1352 627 1416 sul
643 1350 660 1415 ὁ
675 1348 781 1431 Aonio,
798 1348 936 1433 ψεύστης
952 1347 1004 1412 ὲσ-
1048 1349 1154 1416 dicus.
1166 1354 1250 1416 -Si
1265 1353 1365 1416 homo
1381 1361 1433 1418 est
1448 1355 1797 1436 ipseDavid,mendox

253 1456 310 1537 τὶν,
326 1455 354 1520 εἰ
378 1455 411 1518 δὲ
428 1454 577 1539 ψεύστης,
597 1454 698 1540 λέγων
719 1453 830 1519 ἑαυτὸν
852 1451 1001 1537 ψεύστην,
1049 1462 1109 1520 est.
1128 1458 1216 1520 Atei
1236 1457 1381 1521 mendax
1400 1463 1460 1538 est,
1477 1459 1559 1522 dum
1582 1459 1666 1523 dicit
1683 1477 1720 1523 se
1747 1459 1794 1540 ip-

253 1561 314 1623 ούιι
324 1561 390 1624 ἔστι
412 1559 560 1644 ψεύστης,
576 1557 647 1625 ἀλλ’
659 1557 838 1643 ἀληθευτης
852 1559 946 1624 ἐστιν.
963 1556 1003 1622 Εἰ
1046 1577 1123 1623 sum
1139 1560 1424 1641 mendacemnon
1437 1567 1489 1626 est
1499 1562 1654 1642 mendax,
1666 1563 1725 1626 sed
1737 1578 1793 1624 ve·

254 1662 289 1727 δὲ
304 1662 481 1748 ἀληθευτψς
501 1665 595 1748 ἐστιν,
612 1661 789 1748 ύιληθευτψς
804 1664 887 1729 ἔστιν
902 1660 1005 1749 λέγων
1048 1664 1185 1728 ridicus.
1199 1666 1234 1728 Si
1245 1666 1416 1731 veridicus
1436 1671 1496 1746 est,
1515 1685 1635 1730 verum
1654 1666 1737 1729 dieii
1757 1681 1793 1728 se

253 1766 366 1833 ἑαυτὸν
381 1767 532 1852 ψεύστην·
548 1766 709 1852 ἅνθρωπος
726 1766 779 1849 ὢν,
796 1766 935 1852 ψεύστης
953 1766 1004 1830 lo·
1049 1784 1174 1832 vorans
1189 1768 1395 1832 mendaeem.
1411 1773 1518 1834 Homo
1533 1789 1613 1834 oum
1628 1771 1682 1849 sit,
1698 1786 1790 1832 men·

253 1868 309 1936 τίν.
322 1869 527 1956 Περιεγρύφη
545 1874 607 1956 ἄρα
628 1870 755 1956 ὀλύγσς
769 1871 814 1948 εἰς
830 1869 1004 1958 ἀμφύτερα,
1048 1870 1114 1933 dex
1138 1877 1199 1935 est.
1216 1873 1308 1951 Ergo
1325 1873 1601 1956 circumscriptus
1616 1877 1668 1936 est
1686 1888 1795 1936 sermo

251 1976 308 2040 καὶ
330 1975 373 2052 εἰς
388 1977 424 2040 τὸ
447 1977 527 2041 εἶναι
550 1974 845 2060 αύτὸνάληθευτψν,
869 1973 924 2039 ἐὰν
951 1974 1004 2039 ἄν·
1050 1975 1245 2055 ambiguus,
1263 1981 1298 2038 et
1313 1976 1348 2038 in
1360 1976 1423 2040 hoo
1435 1995 1537 2041 sensu
1551 1974 1681 2057 quodsi
1693 1976 1793 2039 homo

253 2079 375 2163 θρωπος
396 2079 428 2164 ψ,
451 2081 562 2158 solete
585 2085 620 2146 τὸ
637 2080 716 2144 εἶναι
736 2079 830 2144 αὐτὸν
853 2077 1003 2164 ψεύστην.
1051 2084 1112 2159 est,
1124 2079 1228 2142 simul
1242 2078 1412 2144 veridicus
1424 2081 1510 2143 sitet
1524 2081 1627 2143 simul
1638 2079 1793 2143 mendox.

253 2180 319 2248 Καὶ
340 2183 485 2248 καλεῖται
500 2183 517 2247 ὁ
532 2181 625 2267 λόγος
649 2185 739 2262 ούτσς
755 2184 842 2266 παρὰ
857 2189 920 2258 τοῖς
936 2182 1003 2248 διοι-
1050 2187 1094 2248 Et
1105 2185 1287 2264 hoogenus
1303 2185 1567 2264 argumentandi
1579 2203 1600 2247 s
1611 2185 1796 2250 dialecticis

253 2285 409 2365 λεκτικοῖς
425 2289 552 2372 ἄπορος.
570 2325 610 2336 -
626 2283 727 2353 Ὀλου
749 2297 804 2351 τού
825 2285 954 2372 ψαλμοῦ
969 2286 1003 2351 ἐν
1047 2294 1189 2352 vocatur
1200 2288 1377 2353 dubitatio.
1396 2325 1435 2336 -
1453 2291 1570 2354 Totius
1584 2291 1707 2371 psalmi
1721 2307 1796 2353 sen·

254 2388 402 2477 βραχεῖὴ
420 2391 559 2456 διάνοια·
582 2391 694 2456 πολλοὶ
710 2411 767 2477 μεν
782 2389 812 2455 οἱ
835 2390 870 2456 ἒν
885 2389 1002 2473 ἀνθρώ·
1047 2393 1155 2456 tentia
1186 2395 1303 2472 paucis
1330 2395 1541 2475 exprimitur.
1575 2395 1623 2458 De
1650 2395 1795 2457 veritate

253 2515 323 2570 ποις
338 2492 436 2579 λύγοι,
452 2496 507 2558 καὶ
522 2494 627 2559 πολλα
642 2495 771 2572 πολλοῖς
786 2492 1001 2579 πεφιλοσόφη-
1046 2497 1148 2560 multi
1159 2499 1269 2560 multo
1281 2515 1322 2560 ex
1330 2498 1525 2561 hominibus
1541 2499 1645 2561 locuti
1658 2499 1748 2576 sunt,
1762 2500 1796 2559 et

252 2619 304 2663 ται
318 2598 500 2678 ἒξετύζουσι
513 2601 554 2664 τὰ
568 2601 639 2685 περὶ
653 2608 711 2685 της
726 2595 878 2684 ἀληθείας
893 2597 962 2664 κτλ
1049 2601 1149 2664 multi
1164 2603 1274 2665 multo
1289 2602 1480 2684 philosophi
1495 2601 1535 2665 de
1552 2603 1611 2666 illo
1634 2600 1794 2683 inquisie-

1052 2709 1143 2785 runt,
1159 2711 1221 2768 eto.

298 2913 429 2975 Psruno
444 2913 677 2976 Hmnorrruus.
693 2913 821 2976 Verum
838 2911 920 2974 dicit
939 2897 1003 2974 Dal
1048 2913 1223 2992 mentitur,
1239 2928 1321 2990 ergo
1344 2911 1434 2995 quod
1453 2911 1555 2978 dixit:
1582 2913 1694 2976 Omnis
1707 2909 1797 2976 Ιιονηο

253 3000 323 3078 vid,
339 3018 382 3062 an
402 3001 591 3063 mentitur?
613 3002 648 3063 Si
672 3017 791 3063 rerum
817 3004 877 3080 est,
892 2999 1003 3062 omnis
1047 2999 1193 3079 νησιιιίιιο,
1207 3017 1273 3064 non
1287 3006 1339 3065 est
1349 3020 1478 3065 verum.
1491 3003 1709 3081 Quocumque
1722 3017 1796 3063 ver-

255 3088 356 3151 homo
371 3089 533 3168 mendam
550 3096 584 3152 et
599 3088 662 3152 hoo
674 3089 764 3170 quod
780 3088 872 3169 dicit,
884 3104 1004 3151 verum
1049 3091 1141 3170 teris,
1158 3091 1193 3152 in
1209 3092 1417 3153 contrarium
1429 3093 1555 3154 venit...
1571 3090 1697 3153 Videtis
1713 3105 1801 3166 ergo

255 3183 316 3255 est,
333 3183 465 3255 ergoet
488 3180 559 3258 ipse
581 3179 755 3257 mentitur,
772 3179 852 3257 quin
875 3181 909 3239 et
932 3178 1004 3257 ipse
1049 3179 1131 3259 quia
1164 3179 1356 3261 syllogismi
1393 3184 1474 3242 sunt
1510 3177 1798 3260 philosophorum.

254 3266 354 3328 homo
382 3271 441 3328 est.
468 3268 503 3330 Si
529 3273 644 3330 autem
671 3267 799 3347 etipse
826 3266 1000 3343 mentitur,
1049 3268 1203 3348 Denique
1218 3267 1404 3330 seeundum
1421 3268 1509 3330 hone
1530 3269 1735 3332 sententiam
1750 3271 1798 3328 te

254 3356 335 3435 quia
350 3360 384 3417 et
399 3357 470 3436 ipse
493 3355 593 3418 horno
609 3359 669 3418 est.
685 3356 720 3418 Si
743 3360 858 3418 autem
875 3359 909 3417 et
932 3354 1004 3436 ipse
1048 3356 1143 3418 xitur
1157 3356 1380 3438 syllogismus
1397 3357 1596 3420 Aristotelis.

286 3558 336 3614 Pe.
350 3575 420 3618 cxv.
433 3577 461 3616 v.
471 3559 497 3614 2.
508 3559 576 3616 Vot.
587 3559 612 3629 5,
624 3559 666 3613 12.
677 3557 792 3614 Partim
801 3559 851 3614 BB
864 3557 1004 3630 eolligere
1048 3564 1079 3615 et
1095 3557 1188 3615 multo
1200 3559 1293 3633 plum,
1306 3564 1340 3615 ut
1359 3559 1437 3632 opud
1454 3558 1799 3632 pseudo-Hieronymum,

251 3661 310 3698 non
322 3644 483 3702 timuerunt
492 3646 565 3700 setis
575 3645 707 3718 ineptum
717 3645 879 3702 dialecticae
891 3646 1002 3719 ludum,
1046 3646 1107 3718 legi
1125 3646 1156 3700 in
1168 3647 1344 3718 gravissimo
1362 3645 1466 3700 Basilii
1479 3644 1702 3701 commentario:
1721 3642 1799 3700 unde

250 3747 309 3802 quo
320 3730 447 3787 fortasse
460 3731 603 3803 Origenes
619 3750 688 3787 suos
704 3733 837 3804 juniores
847 3733 1002 3803 recrearit,
1046 3732 1137 3788 etium
1158 3750 1204 3788 me
1228 3732 1365 3806 oportuit,
1390 3749 1428 3787 ne
1451 3731 1560 3786 nimius
1589 3748 1692 3800 essem,
1719 3729 1801 3785 filum

252 3821 286 3871 ut
297 3816 365 3872 inde
377 3816 518 3873 transiret
529 3817 568 3872 ad
579 3817 755 3888 gravissime
772 3816 863 3875 verbe
876 3823 907 3873 et
916 3835 1003 3888 orgu-
1046 3817 1229 3891 interoipere.
1241 3819 1335 3874 Immo
1345 3818 1498 3891 Didymus,
1508 3817 1586 3873 tenti
1596 3817 1729 3872 subsellii
1738 3833 1799 3871 mn·

252 3907 351 3958 mento
364 3901 400 3957 de
412 3903 539 3960 veritate
552 3909 583 3959 et
596 3904 632 3959 de
645 3903 886 3976 philosophorum
898 3903 954 3958 hoe
966 3901 1004 3958 de
1046 3903 1148 3975 gister,
1160 3905 1274 3978 prolixe
1291 3909 1497 3976 argumentum
1516 3904 1648 3976 assumit,
1661 3903 1799 3960 cavillan-

251 4005 284 4044 re
295 3989 513 4047 controversiis.
525 3989 583 4045 Sed
592 3989 693 4062 inepto
701 3989 759 4045 huo
770 3991 890 4062 congeri
901 3991 927 4046 ei
937 3991 1004 4062 quis
1047 3997 1149 4062 teeque
1162 3991 1311 4065 sophistes
1322 4007 1446 4049 nervose
1465 3989 1543 4064 opud
1555 3989 1666 4047 Maium
1678 3995 1801 4046 contun-

253 4075 454 4131 stomachatus
466 4075 602 4146 doluerit,
614 4076 698 4131 illum
710 4093 814 4132 moneo
827 4076 928 4134 eedem
941 4077 1004 4133 sere
1048 4075 1101 4132 dit.
