<?xml version="1.0" encoding="UTF-8"?>
<!DOCTYPE html PUBLIC "-//W3C//DTD XHTML 1.0 Transitional//EN"
    "http://www.w3.org/TR/xhtml1/DTD/xhtml1-transitional.dtd">
<html xmlns="http://www.w3.org/1999/xhtml" xml:lang="en" lang="en">
 <head>
  <title>
</title>
<meta http-equiv="Content-Type" content="text/html;charset=utf-8" />
  <meta name='ocr-system' content='tesseract 3.04.00' />
  <meta name='ocr-capabilities' content='ocr_page ocr_carea ocr_par ocr_line ocrx_word'/>
</head>
<body>
  <div class='ocr_page' id='page_1' title='image "./analectasacrasp00pitrgoog_0363.png"; bbox 0 0 4006 6090; ppageno 0'>
   <div class='ocr_carea' id='block_1_1' title="bbox 968 427 1178 494">
    <p class='ocr_par' dir='ltr' id='par_1_1' title="bbox 968 427 1178 494">
     <span class='ocr_line' id='line_1_1' title="bbox 968 427 1178 494; baseline -0.01 0"><span class='ocrx_word' id='word_1_1' title='bbox 968 427 1178 494; x_wconf 79' lang='lat' dir='ltr'><strong>onlounns</strong></span> 
     </span>
    </p>
   </div>
   <div class='ocr_carea' id='block_1_2' title="bbox 878 665 1267 749">
    <p class='ocr_par' dir='ltr' id='par_1_2' title="bbox 878 665 1267 749">
     <span class='ocr_line' id='line_1_2' title="bbox 878 665 1267 749; baseline -0.013 0"><span class='ocrx_word' id='word_1_2' title='bbox 878 667 1046 749; x_wconf 81' lang='lat' dir='ltr'><strong>Psoimus</strong></span> <span class='ocrx_word' id='word_1_3' title='bbox 1071 665 1267 747; x_wconf 76' lang='lat' dir='ltr'><strong>CXLIII.</strong></span> 
     </span>
    </p>
   </div>
   <div class='ocr_carea' id='block_1_3' title="bbox 294 915 1875 2861">
    <p class='ocr_par' dir='ltr' id='par_1_3' title="bbox 302 915 1848 1216">
     <span class='ocr_line' id='line_1_3' title="bbox 348 915 1846 1007; baseline -0.002 -23"><span class='ocrx_word' id='word_1_4' title='bbox 348 937 379 984; x_wconf 86' lang='lat' dir='ltr'><strong>v.</strong></span> <span class='ocrx_word' id='word_1_5' title='bbox 398 922 427 986; x_wconf 95' lang='lat' dir='ltr'><strong>l.</strong></span> <span class='ocrx_word' id='word_1_6' title='bbox 443 916 625 1007; x_wconf 75' lang='grc' dir='ltr'><strong>Εὐλογητὸς</strong></span> <span class='ocrx_word' id='word_1_7' title='bbox 640 917 756 1006; x_wconf 78' lang='grc' dir='ltr'><strong>Κύριος</strong></span> <span class='ocrx_word' id='word_1_8' title='bbox 771 919 880 999; x_wconf 79' lang='grc' dir='ltr'><strong>όΘιός</strong></span> <span class='ocrx_word' id='word_1_9' title='bbox 896 940 965 1006; x_wconf 90' lang='grc' dir='ltr'><strong>μου,</strong></span> <span class='ocrx_word' id='word_1_10' title='bbox 978 919 995 982; x_wconf 87' lang='grc' dir='ltr'><strong>ό</strong></span> <span class='ocrx_word' id='word_1_11' title='bbox 1007 917 1050 982; x_wconf 83' lang='grc' dir='ltr'><strong>δι·</strong></span> <span class='ocrx_word' id='word_1_12' title='bbox 1138 937 1169 982; x_wconf 85' lang='grc' dir='ltr'><strong>ν.</strong></span> <span class='ocrx_word' id='word_1_13' title='bbox 1190 921 1217 983; x_wconf 92' lang='lat' dir='ltr'><strong>l.</strong></span> <span class='ocrx_word' id='word_1_14' title='bbox 1232 918 1426 986; x_wconf 73' lang='lat' dir='ltr'><em>Benedictus</em></span> <span class='ocrx_word' id='word_1_15' title='bbox 1435 918 1596 986; x_wconf 83' lang='lat' dir='ltr'><strong>Dominus</strong></span> <span class='ocrx_word' id='word_1_16' title='bbox 1609 933 1709 997; x_wconf 78' lang='lat' dir='ltr'><strong>muas,</strong></span> <span class='ocrx_word' id='word_1_17' title='bbox 1725 918 1784 1001; x_wconf 82' lang='lat' dir='ltr'><strong>qui</strong></span> <span class='ocrx_word' id='word_1_18' title='bbox 1793 915 1846 982; x_wconf 83' lang='lat' dir='ltr'><strong>dc-</strong></span> 
     </span>
     <span class='ocr_line' id='line_1_4' title="bbox 302 1020 1848 1112; baseline 0.001 -25"><span class='ocrx_word' id='word_1_19' title='bbox 302 1020 428 1090; x_wconf 81' lang='grc' dir='ltr'><strong>δάσκων</strong></span> <span class='ocrx_word' id='word_1_20' title='bbox 443 1025 500 1103; x_wconf 79' lang='grc' dir='ltr'><strong>τάς</strong></span> <span class='ocrx_word' id='word_1_21' title='bbox 514 1025 624 1112; x_wconf 80' lang='grc' dir='ltr'><strong>χεῖράς</strong></span> <span class='ocrx_word' id='word_1_22' title='bbox 640 1047 699 1112; x_wconf 89' lang='grc' dir='ltr'><strong>μου</strong></span> <span class='ocrx_word' id='word_1_23' title='bbox 719 1024 764 1103; x_wconf 84' lang='grc' dir='ltr'><strong>εἰς</strong></span> <span class='ocrx_word' id='word_1_24' title='bbox 778 1023 961 1111; x_wconf 80' lang='grc' dir='ltr'><strong>παράταξιν,</strong></span> <span class='ocrx_word' id='word_1_25' title='bbox 978 1026 1051 1102; x_wconf 91' lang='grc' dir='ltr'><strong>τοὺς</strong></span> <span class='ocrx_word' id='word_1_26' title='bbox 1095 1027 1143 1088; x_wconf 85' lang='lat' dir='ltr'><strong>cet</strong></span> <span class='ocrx_word' id='word_1_27' title='bbox 1157 1041 1273 1090; x_wconf 79' lang='grc' dir='ltr'><strong>ιιιοοαο</strong></span> <span class='ocrx_word' id='word_1_28' title='bbox 1288 1041 1376 1090; x_wconf 74' lang='lat' dir='ltr'><strong>nuce</strong></span> <span class='ocrx_word' id='word_1_29' title='bbox 1390 1025 1433 1091; x_wconf 85' lang='lat' dir='ltr'><strong>ud</strong></span> <span class='ocrx_word' id='word_1_30' title='bbox 1446 1025 1611 1108; x_wconf 79' lang='grc' dir='ltr'><strong>ρταίίιιια,</strong></span> <span class='ocrx_word' id='word_1_31' title='bbox 1631 1023 1749 1106; x_wconf 72' lang='lat' dir='ltr'><strong>stipites</strong></span> <span class='ocrx_word' id='word_1_32' title='bbox 1762 1041 1848 1089; x_wconf 79' lang='grc' dir='ltr'><strong>οιιοο</strong></span> 
     </span>
     <span class='ocr_line' id='line_1_5' title="bbox 302 1125 1280 1216; baseline -0.001 -23"><span class='ocrx_word' id='word_1_33' title='bbox 302 1127 477 1207; x_wconf 82' lang='grc' dir='ltr'>δακτύλους</span> <span class='ocrx_word' id='word_1_34' title='bbox 493 1147 552 1216; x_wconf 87' lang='grc' dir='ltr'><strong>μου</strong></span> <span class='ocrx_word' id='word_1_35' title='bbox 568 1128 612 1207; x_wconf 86' lang='grc' dir='ltr'><strong>είς</strong></span> <span class='ocrx_word' id='word_1_36' title='bbox 626 1125 776 1215; x_wconf 88' lang='grc' dir='ltr'><strong>πόλεμον.</strong></span> <span class='ocrx_word' id='word_1_37' title='bbox 795 1129 894 1197; x_wconf 82' lang='lat' dir='ltr'><strong>Vatia.</strong></span> <span class='ocrx_word' id='word_1_38' title='bbox 910 1131 986 1209; x_wconf 77' lang='lat'><strong>710,</strong></span> <span class='ocrx_word' id='word_1_39' title='bbox 1006 1146 1028 1193; x_wconf 88' lang='lat' dir='ltr'><strong>r.</strong></span> <span class='ocrx_word' id='word_1_40' title='bbox 1095 1125 1139 1192; x_wconf 81' lang='lat' dir='ltr'><strong>ud</strong></span> <span class='ocrx_word' id='word_1_41' title='bbox 1152 1125 1280 1194; x_wconf 76' lang='lat' dir='ltr'><strong>beticus.</strong></span> 
     </span>
    </p>

    <p class='ocr_par' dir='ltr' id='par_1_4' title="bbox 294 1231 1875 2775">
     <span class='ocr_line' id='line_1_6' title="bbox 346 1231 1844 1320; baseline -0.002 -21"><span class='ocrx_word' id='word_1_42' title='bbox 346 1231 384 1299; x_wconf 82' lang='lat'><strong>‘0</strong></span> <span class='ocrx_word' id='word_1_43' title='bbox 399 1233 554 1320; x_wconf 81' lang='grc' dir='ltr'><strong>διδαχθείς</strong></span> <span class='ocrx_word' id='word_1_44' title='bbox 577 1233 665 1318; x_wconf 84' lang='grc' dir='ltr'><strong>παρά</strong></span> <span class='ocrx_word' id='word_1_45' title='bbox 679 1232 797 1319; x_wconf 78' lang='grc' dir='ltr'>Κυρίου</span> <span class='ocrx_word' id='word_1_46' title='bbox 824 1235 878 1298; x_wconf 90' lang='grc' dir='ltr'><strong>τόν</strong></span> <span class='ocrx_word' id='word_1_47' title='bbox 892 1235 971 1316; x_wconf 87' lang='grc' dir='ltr'><strong>πρός</strong></span> <span class='ocrx_word' id='word_1_48' title='bbox 991 1233 1051 1317; x_wconf 86' lang='grc' dir='ltr'><strong>τήν</strong></span> <span class='ocrx_word' id='word_1_49' title='bbox 1139 1233 1203 1307; x_wconf 83' lang='lat' dir='ltr'><strong>Qui</strong></span> <span class='ocrx_word' id='word_1_50' title='bbox 1214 1231 1386 1296; x_wconf 88' lang='lat' dir='ltr'><strong>aDomino</strong></span> <span class='ocrx_word' id='word_1_51' title='bbox 1398 1233 1535 1298; x_wconf 88' lang='lat' dir='ltr'><strong>edoctus</strong></span> <span class='ocrx_word' id='word_1_52' title='bbox 1548 1234 1739 1299; x_wconf 90' lang='lat' dir='ltr'><strong>estbellum</strong></span> <span class='ocrx_word' id='word_1_53' title='bbox 1751 1252 1844 1298; x_wconf 87' lang='lat' dir='ltr'><strong>exer·</strong></span> 
     </span>
     <span class='ocr_line' id='line_1_7' title="bbox 302 1333 1844 1426; baseline -0.001 -24"><span class='ocrx_word' id='word_1_54' title='bbox 302 1333 519 1423; x_wconf 74' lang='grc' dir='ltr'><strong>ἀντικειμένην</strong></span> <span class='ocrx_word' id='word_1_55' title='bbox 549 1337 678 1426; x_wconf 80' lang='grc' dir='ltr'><strong>δύναμιν</strong></span> <span class='ocrx_word' id='word_1_56' title='bbox 708 1338 859 1423; x_wconf 86' lang='grc' dir='ltr'><strong>πόλεμον,</strong></span> <span class='ocrx_word' id='word_1_57' title='bbox 887 1333 1052 1401; x_wconf 82' lang='grc' dir='ltr'><strong>ἐπίσταται</strong></span> <span class='ocrx_word' id='word_1_58' title='bbox 1093 1353 1169 1399; x_wconf 90' lang='lat' dir='ltr'><strong>cere</strong></span> <span class='ocrx_word' id='word_1_59' title='bbox 1184 1336 1346 1402; x_wconf 83' lang='lat' dir='ltr'><strong>adversus</strong></span> <span class='ocrx_word' id='word_1_60' title='bbox 1369 1339 1543 1402; x_wconf 89' lang='lat' dir='ltr'><strong>inimicam</strong></span> <span class='ocrx_word' id='word_1_61' title='bbox 1567 1343 1778 1420; x_wconf 86' lang='lat' dir='ltr'><strong>potestatem,</strong></span> <span class='ocrx_word' id='word_1_62' title='bbox 1794 1337 1844 1413; x_wconf 83' lang='lat' dir='ltr'><strong>di·</strong></span> 
     </span>
     <span class='ocr_line' id='line_1_8' title="bbox 300 1438 1842 1526; baseline 0.001 -20"><span class='ocrx_word' id='word_1_63' title='bbox 300 1438 414 1526; x_wconf 92' lang='grc' dir='ltr'><strong>λόγους</strong></span> <span class='ocrx_word' id='word_1_64' title='bbox 426 1441 545 1526; x_wconf 79' lang='grc' dir='ltr'><strong>ἀρετῶν</strong></span> <span class='ocrx_word' id='word_1_65' title='bbox 556 1443 611 1508; x_wconf 81' lang='grc' dir='ltr'><strong>καί</strong></span> <span class='ocrx_word' id='word_1_66' title='bbox 623 1450 753 1526; x_wconf 81' lang='grc' dir='ltr'><strong>κακιῶν,</strong></span> <span class='ocrx_word' id='word_1_67' title='bbox 766 1443 820 1506; x_wconf 84' lang='grc' dir='ltr'><strong>καὶ</strong></span> <span class='ocrx_word' id='word_1_68' title='bbox 831 1440 983 1526; x_wconf 79' lang='grc' dir='ltr'><strong>διαφοράς</strong></span> <span class='ocrx_word' id='word_1_69' title='bbox 997 1439 1050 1503; x_wconf 88' lang='grc' dir='ltr'><strong>λο-</strong></span> <span class='ocrx_word' id='word_1_70' title='bbox 1093 1439 1176 1503; x_wconf 91' lang='lat' dir='ltr'><strong>dicit</strong></span> <span class='ocrx_word' id='word_1_71' title='bbox 1199 1442 1345 1506; x_wconf 89' lang='lat' dir='ltr'><strong>rationes</strong></span> <span class='ocrx_word' id='word_1_72' title='bbox 1368 1442 1534 1505; x_wconf 89' lang='lat' dir='ltr'><strong>virtutum</strong></span> <span class='ocrx_word' id='word_1_73' title='bbox 1561 1447 1595 1506; x_wconf 90' lang='lat' dir='ltr'><strong>et</strong></span> <span class='ocrx_word' id='word_1_74' title='bbox 1623 1445 1842 1525; x_wconf 76' lang='lat' dir='ltr'><strong>pravitatum,</strong></span> 
     </span>
     <span class='ocr_line' id='line_1_9' title="bbox 298 1529 1847 1632; baseline 0.002 -22"><span class='ocrx_word' id='word_1_75' title='bbox 298 1551 429 1631; x_wconf 85' lang='grc' dir='ltr'><strong>γισμῦν,</strong></span> <span class='ocrx_word' id='word_1_76' title='bbox 444 1544 646 1632; x_wconf 86' lang='grc' dir='ltr'><strong>γνωρίσματά</strong></span> <span class='ocrx_word' id='word_1_77' title='bbox 657 1566 691 1611; x_wconf 87' lang='grc' dir='ltr'><strong>τε</strong></span> <span class='ocrx_word' id='word_1_78' title='bbox 702 1541 871 1622; x_wconf 84' lang='grc' dir='ltr'><strong>ἀπαθείας·</strong></span> <span class='ocrx_word' id='word_1_79' title='bbox 887 1546 934 1609; x_wconf 84' lang='grc' dir='ltr'><strong>ἐτι</strong></span> <span class='ocrx_word' id='word_1_80' title='bbox 948 1529 983 1609; x_wconf 85' lang='grc' dir='ltr'><strong>δέ</strong></span> <span class='ocrx_word' id='word_1_81' title='bbox 995 1544 1049 1609; x_wconf 81' lang='grc' dir='ltr'><strong>καί</strong></span> <span class='ocrx_word' id='word_1_82' title='bbox 1094 1547 1130 1607; x_wconf 86' lang='lat' dir='ltr'><strong>et</strong></span> <span class='ocrx_word' id='word_1_83' title='bbox 1161 1544 1358 1609; x_wconf 84' lang='lat' dir='ltr'><strong>discrimina</strong></span> <span class='ocrx_word' id='word_1_84' title='bbox 1393 1548 1633 1625; x_wconf 75' lang='lat' dir='ltr'><strong>tentationum,</strong></span> <span class='ocrx_word' id='word_1_85' title='bbox 1664 1553 1700 1611; x_wconf 89' lang='lat' dir='ltr'><strong>et</strong></span> <span class='ocrx_word' id='word_1_86' title='bbox 1720 1548 1847 1613; x_wconf 89' lang='lat' dir='ltr'><strong>indicia</strong></span> 
     </span>
     <span class='ocr_line' id='line_1_10' title="bbox 298 1649 1847 1735; baseline 0.003 -23"><span class='ocrx_word' id='word_1_87' title='bbox 298 1652 559 1734; x_wconf 68' lang='lat' dir='ltr'><strong>consumserunt</strong></span> <span class='ocrx_word' id='word_1_88' title='bbox 581 1649 814 1735; x_wconf 81' lang='grc' dir='ltr'><strong>φαντασμάτων</strong></span> <span class='ocrx_word' id='word_1_89' title='bbox 829 1651 883 1714; x_wconf 76' lang='grc' dir='ltr'><strong>καί</strong></span> <span class='ocrx_word' id='word_1_90' title='bbox 898 1649 1049 1716; x_wconf 84' lang='grc' dir='ltr'><strong>ἐνυπνίων</strong></span> <span class='ocrx_word' id='word_1_91' title='bbox 1093 1650 1290 1729; x_wconf 86' lang='lat' dir='ltr'><strong>tranquillae</strong></span> <span class='ocrx_word' id='word_1_92' title='bbox 1309 1652 1443 1730; x_wconf 87' lang='lat' dir='ltr'><strong>mentis;</strong></span> <span class='ocrx_word' id='word_1_93' title='bbox 1461 1651 1542 1714; x_wconf 89' lang='lat' dir='ltr'><strong>item</strong></span> <span class='ocrx_word' id='word_1_94' title='bbox 1559 1655 1593 1714; x_wconf 89' lang='lat' dir='ltr'><strong>et</strong></span> <span class='ocrx_word' id='word_1_95' title='bbox 1604 1659 1847 1717; x_wconf 90' lang='lat' dir='ltr'><strong>nocturnorum</strong></span> 
     </span>
     <span class='ocr_line' id='line_1_11' title="bbox 297 1748 1843 1844; baseline 0.002 -27"><span class='ocrx_word' id='word_1_96' title='bbox 297 1751 446 1836; x_wconf 74' lang='grc' dir='ltr'><strong>γινώσκει</strong></span> <span class='ocrx_word' id='word_1_97' title='bbox 467 1755 540 1831; x_wconf 87' lang='grc' dir='ltr'><strong>τοῦς</strong></span> <span class='ocrx_word' id='word_1_98' title='bbox 563 1748 695 1840; x_wconf 85' lang='grc' dir='ltr'><strong>λόγους·</strong></span> <span class='ocrx_word' id='word_1_99' title='bbox 718 1757 761 1820; x_wconf 80' lang='grc' dir='ltr'><strong>ων</strong></span> <span class='ocrx_word' id='word_1_100' title='bbox 776 1753 805 1818; x_wconf 87' lang='lat' dir='ltr'><strong>ci</strong></span> <span class='ocrx_word' id='word_1_101' title='bbox 827 1753 883 1840; x_wconf 78' lang='grc' dir='ltr'><strong>μὲν</strong></span> <span class='ocrx_word' id='word_1_102' title='bbox 907 1751 970 1816; x_wconf 77' lang='lat' dir='ltr'><strong>dud</strong></span> <span class='ocrx_word' id='word_1_103' title='bbox 993 1762 1049 1817; x_wconf 90' lang='grc' dir='ltr'><strong>τοῦ</strong></span> <span class='ocrx_word' id='word_1_104' title='bbox 1093 1751 1369 1844; x_wconf 85' lang='lat' dir='ltr'><strong>phantasmatum</strong></span> <span class='ocrx_word' id='word_1_105' title='bbox 1407 1759 1441 1818; x_wconf 87' lang='lat' dir='ltr'><strong>et</strong></span> <span class='ocrx_word' id='word_1_106' title='bbox 1474 1756 1682 1818; x_wconf 87' lang='lat' dir='ltr'><strong>somniorum</strong></span> <span class='ocrx_word' id='word_1_107' title='bbox 1722 1756 1843 1834; x_wconf 80' lang='lat' dir='ltr'><strong>digno·</strong></span> 
     </span>
     <span class='ocr_line' id='line_1_12' title="bbox 298 1853 1846 1948; baseline 0.001 -28"><span class='ocrx_word' id='word_1_108' title='bbox 298 1853 479 1942; x_wconf 83' lang='grc' dir='ltr'><strong>λογιστικοῦ</strong></span> <span class='ocrx_word' id='word_1_109' title='bbox 500 1855 612 1944; x_wconf 84' lang='grc' dir='ltr'><strong>μέρους</strong></span> <span class='ocrx_word' id='word_1_110' title='bbox 633 1856 772 1944; x_wconf 84' lang='grc' dir='ltr'><strong>γίνονται</strong></span> <span class='ocrx_word' id='word_1_111' title='bbox 791 1867 847 1943; x_wconf 84' lang='grc' dir='ltr'><strong>τής</strong></span> <span class='ocrx_word' id='word_1_112' title='bbox 870 1859 986 1944; x_wconf 80' lang='grc' dir='ltr'><strong>ψυχῆς,</strong></span> <span class='ocrx_word' id='word_1_113' title='bbox 1003 1878 1049 1922; x_wconf 78' lang='grc' dir='ltr'><strong>ιιι·</strong></span> <span class='ocrx_word' id='word_1_114' title='bbox 1092 1857 1158 1920; x_wconf 89' lang='lat' dir='ltr'><strong>scit</strong></span> <span class='ocrx_word' id='word_1_115' title='bbox 1180 1873 1317 1922; x_wconf 79' lang='lat' dir='ltr'>causas:</span> <span class='ocrx_word' id='word_1_116' title='bbox 1350 1875 1498 1940; x_wconf 87' lang='lat' dir='ltr'><strong>quarum</strong></span> <span class='ocrx_word' id='word_1_117' title='bbox 1522 1860 1599 1922; x_wconf 83' lang='lat' dir='ltr'><strong>alioe&#39;</strong></span> <span class='ocrx_word' id='word_1_118' title='bbox 1620 1859 1779 1948; x_wconf 72' lang='lat' dir='ltr'><strong>oriuntur</strong></span> <span class='ocrx_word' id='word_1_119' title='bbox 1804 1879 1846 1923; x_wconf 89' lang='lat' dir='ltr'><strong>ex</strong></span> 
     </span>
     <span class='ocr_line' id='line_1_13' title="bbox 295 1959 1844 2049; baseline 0.001 -23"><span class='ocrx_word' id='word_1_120' title='bbox 295 1959 449 2046; x_wconf 86' lang='grc' dir='ltr'><strong>νουμένης</strong></span> <span class='ocrx_word' id='word_1_121' title='bbox 464 1970 520 2046; x_wconf 84' lang='grc' dir='ltr'><strong>τής</strong></span> <span class='ocrx_word' id='word_1_122' title='bbox 543 1961 686 2049; x_wconf 89' lang='grc' dir='ltr'><strong>μνήμης,</strong></span> <span class='ocrx_word' id='word_1_123' title='bbox 710 1963 740 2028; x_wconf 86' lang='lat' dir='ltr'><strong>cl</strong></span> <span class='ocrx_word' id='word_1_124' title='bbox 754 1963 789 2028; x_wconf 81' lang='grc' dir='ltr'><strong>δὲ</strong></span> <span class='ocrx_word' id='word_1_125' title='bbox 812 1963 875 2028; x_wconf 88' lang='grc' dir='ltr'><strong>άπό</strong></span> <span class='ocrx_word' id='word_1_126' title='bbox 899 1963 1046 2049; x_wconf 84' lang='grc' dir='ltr'><strong>θυμικσῦ,</strong></span> <span class='ocrx_word' id='word_1_127' title='bbox 1092 1962 1215 2026; x_wconf 77' lang='lat' dir='ltr'><strong>anima</strong></span> <span class='ocrx_word' id='word_1_128' title='bbox 1230 1963 1388 2027; x_wconf 80' lang='lat' dir='ltr'><strong>rationali</strong></span> <span class='ocrx_word' id='word_1_129' title='bbox 1404 1963 1579 2042; x_wconf 84' lang='lat' dir='ltr'><strong>facultate,</strong></span> <span class='ocrx_word' id='word_1_130' title='bbox 1597 1963 1733 2026; x_wconf 84' lang='lat' dir='ltr'><strong>invente</strong></span> <span class='ocrx_word' id='word_1_131' title='bbox 1749 1967 1844 2027; x_wconf 91' lang='lat' dir='ltr'><strong>motu</strong></span> 
     </span>
     <span class='ocr_line' id='line_1_14' title="bbox 297 2063 1842 2154; baseline 0.001 -25"><span class='ocrx_word' id='word_1_132' title='bbox 297 2063 399 2151; x_wconf 73' lang='grc' dir='ltr'><strong>ἕτεροι</strong></span> <span class='ocrx_word' id='word_1_133' title='bbox 413 2066 449 2130; x_wconf 87' lang='grc' dir='ltr'><strong>δέ</strong></span> <span class='ocrx_word' id='word_1_134' title='bbox 464 2065 528 2131; x_wconf 87' lang='grc' dir='ltr'><strong>άπό</strong></span> <span class='ocrx_word' id='word_1_135' title='bbox 543 2077 598 2132; x_wconf 94' lang='grc' dir='ltr'><strong>τοῦ</strong></span> <span class='ocrx_word' id='word_1_136' title='bbox 614 2067 855 2154; x_wconf 82' lang='grc' dir='ltr'><strong>ἐπιθυμητικοῦ·</strong></span> <span class='ocrx_word' id='word_1_137' title='bbox 878 2067 962 2133; x_wconf 87' lang='grc' dir='ltr'><strong>άλλόι</strong></span> <span class='ocrx_word' id='word_1_138' title='bbox 976 2069 1048 2151; x_wconf 79' lang='grc' dir='ltr'><strong>περὶ</strong></span> <span class='ocrx_word' id='word_1_139' title='bbox 1092 2069 1272 2146; x_wconf 85' lang='lat' dir='ltr'><strong>memoriae,</strong></span> <span class='ocrx_word' id='word_1_140' title='bbox 1299 2067 1375 2130; x_wconf 86' lang='lat' dir='ltr'><strong>aliae</strong></span> <span class='ocrx_word' id='word_1_141' title='bbox 1399 2083 1441 2130; x_wconf 84' lang='lat' dir='ltr'><strong>ex</strong></span> <span class='ocrx_word' id='word_1_142' title='bbox 1463 2067 1628 2132; x_wconf 74' lang='lat' dir='ltr'><strong>irascibili</strong></span> <span class='ocrx_word' id='word_1_143' title='bbox 1644 2072 1750 2149; x_wconf 90' lang='lat' dir='ltr'><strong>parte,</strong></span> <span class='ocrx_word' id='word_1_144' title='bbox 1766 2069 1842 2130; x_wconf 84' lang='lat' dir='ltr'><strong>aliae</strong></span> 
     </span>
     <span class='ocr_line' id='line_1_15' title="bbox 296 2169 1840 2259; baseline 0.001 -25"><span class='ocrx_word' id='word_1_145' title='bbox 296 2171 354 2254; x_wconf 81' lang='grc' dir='ltr'><strong>μὲν</strong></span> <span class='ocrx_word' id='word_1_146' title='bbox 368 2169 487 2236; x_wconf 81' lang='grc' dir='ltr'><strong>τούτων</strong></span> <span class='ocrx_word' id='word_1_147' title='bbox 509 2169 730 2257; x_wconf 83' lang='grc' dir='ltr'><strong>άκριόέστερον</strong></span> <span class='ocrx_word' id='word_1_148' title='bbox 745 2175 778 2239; x_wconf 88' lang='grc' dir='ltr'><strong>ἐν</strong></span> <span class='ocrx_word' id='word_1_149' title='bbox 793 2179 837 2258; x_wconf 82' lang='grc' dir='ltr'><strong>τῷ</strong></span> <span class='ocrx_word' id='word_1_150' title='bbox 858 2169 1047 2259; x_wconf 80' lang='grc' dir='ltr'><strong>Μονοστίχῳ</strong></span> <span class='ocrx_word' id='word_1_151' title='bbox 1090 2175 1206 2234; x_wconf 87' lang='lat' dir='ltr'><strong>autem</strong></span> <span class='ocrx_word' id='word_1_152' title='bbox 1222 2187 1263 2234; x_wconf 84' lang='lat' dir='ltr'><strong>ex</strong></span> <span class='ocrx_word' id='word_1_153' title='bbox 1279 2171 1430 2235; x_wconf 83' lang='lat' dir='ltr'><strong>libidine.</strong></span> <span class='ocrx_word' id='word_1_154' title='bbox 1446 2172 1510 2235; x_wconf 88' lang='lat' dir='ltr'><strong>Sed</strong></span> <span class='ocrx_word' id='word_1_155' title='bbox 1530 2172 1572 2236; x_wconf 87' lang='lat' dir='ltr'><strong>de</strong></span> <span class='ocrx_word' id='word_1_156' title='bbox 1587 2173 1680 2236; x_wconf 85' lang='lat' dir='ltr'><strong>hisce</strong></span> <span class='ocrx_word' id='word_1_157' title='bbox 1693 2173 1840 2252; x_wconf 85' lang='lat' dir='ltr'><strong>diligen·</strong></span> 
     </span>
     <span class='ocr_line' id='line_1_16' title="bbox 297 2272 1843 2363; baseline 0.003 -28"><span class='ocrx_word' id='word_1_158' title='bbox 297 2272 555 2360; x_wconf 81' lang='grc' dir='ltr'><strong>περιειλήφαμτν.</strong></span> <span class='ocrx_word' id='word_1_159' title='bbox 585 2274 652 2362; x_wconf 85' lang='grc' dir='ltr'><strong>Τής</strong></span> <span class='ocrx_word' id='word_1_160' title='bbox 674 2278 736 2362; x_wconf 83' lang='grc' dir='ltr'><strong>γάρ</strong></span> <span class='ocrx_word' id='word_1_161' title='bbox 761 2275 875 2363; x_wconf 84' lang='grc' dir='ltr'><strong>ήθικής</strong></span> <span class='ocrx_word' id='word_1_162' title='bbox 901 2297 1047 2363; x_wconf 81' lang='grc' dir='ltr'><strong>πραγμα-</strong></span> <span class='ocrx_word' id='word_1_163' title='bbox 1090 2275 1159 2338; x_wconf 89' lang='lat' dir='ltr'><strong>tius</strong></span> <span class='ocrx_word' id='word_1_164' title='bbox 1174 2275 1398 2340; x_wconf 88' lang='lat' dir='ltr'><strong>disseruimus</strong></span> <span class='ocrx_word' id='word_1_165' title='bbox 1411 2277 1445 2338; x_wconf 92' lang='lat' dir='ltr'><strong>in</strong></span> <span class='ocrx_word' id='word_1_166' title='bbox 1462 2275 1548 2339; x_wconf 93' lang='lat' dir='ltr'><strong>libro</strong></span> <span class='ocrx_word' id='word_1_167' title='bbox 1566 2277 1773 2342; x_wconf 68' lang='lat' dir='ltr'><strong>nucetulo.</strong></span> <span class='ocrx_word' id='word_1_168' title='bbox 1792 2277 1843 2341; x_wconf 81' lang='lat' dir='ltr'><strong>nd</strong></span> 
     </span>
     <span class='ocr_line' id='line_1_17' title="bbox 295 2375 1838 2466; baseline 0.002 -26"><span class='ocrx_word' id='word_1_169' title='bbox 295 2375 381 2453; x_wconf 81' lang='grc' dir='ltr'><strong>τείας</strong></span> <span class='ocrx_word' id='word_1_170' title='bbox 402 2376 568 2464; x_wconf 78' lang='grc' dir='ltr'><strong>ἡτοιαύτη</strong></span> <span class='ocrx_word' id='word_1_171' title='bbox 592 2387 654 2446; x_wconf 81' lang='grc' dir='ltr'><strong>τῶν</strong></span> <span class='ocrx_word' id='word_1_172' title='bbox 669 2380 772 2466; x_wconf 92' lang='grc' dir='ltr'><strong>λόγων</strong></span> <span class='ocrx_word' id='word_1_173' title='bbox 796 2379 945 2460; x_wconf 73' lang='grc' dir='ltr'><strong>ἐξέτασις.</strong></span> <span class='ocrx_word' id='word_1_174' title='bbox 970 2379 1046 2448; x_wconf 76' lang='grc' dir='ltr'><strong>Νυνὶ</strong></span> <span class='ocrx_word' id='word_1_175' title='bbox 1089 2381 1252 2443; x_wconf 87' lang='lat' dir='ltr'><strong>moralem</strong></span> <span class='ocrx_word' id='word_1_176' title='bbox 1278 2380 1369 2443; x_wconf 87' lang='lat' dir='ltr'><strong>enim</strong></span> <span class='ocrx_word' id='word_1_177' title='bbox 1392 2380 1606 2461; x_wconf 79' lang='lat' dir='ltr'><strong>disciplinam</strong></span> <span class='ocrx_word' id='word_1_178' title='bbox 1643 2380 1838 2460; x_wconf 83' lang='lat' dir='ltr'><strong>hujusmodi</strong></span> 
     </span>
     <span class='ocr_line' id='line_1_18' title="bbox 295 2480 1843 2571; baseline 0.001 -26"><span class='ocrx_word' id='word_1_179' title='bbox 295 2480 331 2544; x_wconf 82' lang='grc' dir='ltr'><strong>δὲ</strong></span> <span class='ocrx_word' id='word_1_180' title='bbox 346 2488 451 2559; x_wconf 85' lang='grc' dir='ltr'><strong>ποσῶς</strong></span> <span class='ocrx_word' id='word_1_181' title='bbox 476 2481 690 2571; x_wconf 76' lang='grc' dir='ltr'><strong>κεκινήκαμεν</strong></span> <span class='ocrx_word' id='word_1_182' title='bbox 705 2487 759 2551; x_wconf 87' lang='grc' dir='ltr'><strong>τόν</strong></span> <span class='ocrx_word' id='word_1_183' title='bbox 781 2486 841 2550; x_wconf 87' lang='grc' dir='ltr'><strong>ὑπό</strong></span> <span class='ocrx_word' id='word_1_184' title='bbox 855 2495 911 2551; x_wconf 89' lang='grc' dir='ltr'><strong>τοῦ</strong></span> <span class='ocrx_word' id='word_1_185' title='bbox 927 2484 1046 2570; x_wconf 87' lang='grc' dir='ltr'><strong>Κυρίου</strong></span> <span class='ocrx_word' id='word_1_186' title='bbox 1088 2499 1270 2547; x_wconf 87' lang='lat' dir='ltr'><strong>causarum</strong></span> <span class='ocrx_word' id='word_1_187' title='bbox 1296 2501 1438 2547; x_wconf 84' lang='lat' dir='ltr'><strong>examen</strong></span> <span class='ocrx_word' id='word_1_188' title='bbox 1455 2484 1620 2565; x_wconf 84' lang='lat' dir='ltr'><strong>pertinet.</strong></span> <span class='ocrx_word' id='word_1_189' title='bbox 1643 2486 1742 2547; x_wconf 86' lang='lat' dir='ltr'><strong>Nunc</strong></span> <span class='ocrx_word' id='word_1_190' title='bbox 1763 2501 1843 2547; x_wconf 85' lang='lat' dir='ltr'><strong>vero</strong></span> 
     </span>
     <span class='ocr_line' id='line_1_19' title="bbox 294 2584 1875 2678; baseline 0 -27"><span class='ocrx_word' id='word_1_191' title='bbox 294 2584 530 2674; x_wconf 81' lang='grc' dir='ltr'><strong>διδασκόμενον,</strong></span> <span class='ocrx_word' id='word_1_192' title='bbox 553 2587 691 2676; x_wconf 79' lang='grc' dir='ltr'><strong>πόλεμον</strong></span> <span class='ocrx_word' id='word_1_193' title='bbox 711 2599 915 2676; x_wconf 80' lang='grc' dir='ltr'><strong>παραστησαι</strong></span> <span class='ocrx_word' id='word_1_194' title='bbox 937 2589 1046 2678; x_wconf 83' lang='grc' dir='ltr'><strong>βουλό</strong></span> <span class='ocrx_word' id='word_1_195' title='bbox 1088 2587 1199 2652; x_wconf 82' lang='lat' dir='ltr'><strong>sicubi</strong></span> <span class='ocrx_word' id='word_1_196' title='bbox 1222 2589 1406 2662; x_wconf 88' lang='lat' dir='ltr'><strong>alumnum</strong></span> <span class='ocrx_word' id='word_1_197' title='bbox 1422 2607 1443 2651; x_wconf 91' lang='lat' dir='ltr'><strong>a</strong></span> <span class='ocrx_word' id='word_1_198' title='bbox 1459 2589 1528 2652; x_wconf 89' lang='lat' dir='ltr'><strong>Deo</strong></span> <span class='ocrx_word' id='word_1_199' title='bbox 1550 2586 1706 2651; x_wconf 90' lang='lat' dir='ltr'><strong>edoctum</strong></span> <span class='ocrx_word' id='word_1_200' title='bbox 1729 2589 1843 2670; x_wconf 90' lang='lat' dir='ltr'><strong>aliquo</strong></span> <span class='ocrx_word' id='word_1_201' title='bbox 1873 2671 1875 2678; x_wconf 16' lang='grc' dir='ltr'><strong><em>γ</em></strong></span> 
     </span>
     <span class='ocr_line' id='line_1_20' title="bbox 296 2692 1844 2775; baseline 0 -20"><span class='ocrx_word' id='word_1_202' title='bbox 296 2709 394 2775; x_wconf 87' lang='grc' dir='ltr'><strong>μενοι.</strong></span> <span class='ocrx_word' id='word_1_203' title='bbox 467 2701 470 2708; x_wconf 81' lang='grc'><em>·</em></span> <span class='ocrx_word' id='word_1_204' title='bbox 1090 2692 1188 2756; x_wconf 90' lang='lat' dir='ltr'><strong>modo</strong></span> <span class='ocrx_word' id='word_1_205' title='bbox 1216 2693 1450 2774; x_wconf 80' lang='lat' dir='ltr'><strong>excitavimus,</strong></span> <span class='ocrx_word' id='word_1_206' title='bbox 1473 2694 1634 2756; x_wconf 85' lang='lat' dir='ltr'><strong>volumus</strong></span> <span class='ocrx_word' id='word_1_207' title='bbox 1657 2692 1764 2755; x_wconf 88' lang='lat' dir='ltr'><strong>aciem</strong></span> <span class='ocrx_word' id='word_1_208' title='bbox 1792 2693 1844 2755; x_wconf 92' lang='lat' dir='ltr'><strong>in-</strong></span> 
     </span>
    </p>

    <p class='ocr_par' dir='ltr' id='par_1_5' title="bbox 320 2802 1209 2861">
     <span class='ocr_line' id='line_1_21' title="bbox 320 2802 1209 2861; baseline -0.002 0"><span class='ocrx_word' id='word_1_209' title='bbox 320 2806 326 2816; x_wconf 79' lang='lat'><strong>·</strong></span> <span class='ocrx_word' id='word_1_210' title='bbox 1088 2802 1209 2861; x_wconf 87' lang='lat' dir='ltr'><strong>struat.</strong></span> 
     </span>
    </p>
   </div>
   <div class='ocr_carea' id='block_1_4' title="bbox 290 2900 1839 4142">
    <p class='ocr_par' dir='ltr' id='par_1_6' title="bbox 294 2900 1839 3199">
     <span class='ocr_line' id='line_1_22' title="bbox 337 2900 1839 2992; baseline -0.002 -25"><span class='ocrx_word' id='word_1_211' title='bbox 337 2923 370 2968; x_wconf 91' lang='lat' dir='ltr'><strong>v.</strong></span> <span class='ocrx_word' id='word_1_212' title='bbox 389 2905 418 2988; x_wconf 79' lang='lat' dir='ltr'><strong>i,</strong></span> <span class='ocrx_word' id='word_1_213' title='bbox 435 2905 465 2969; x_wconf 90' lang='grc'><strong>8.</strong></span> <span class='ocrx_word' id='word_1_214' title='bbox 489 2900 734 2984; x_wconf 83' lang='grc' dir='ltr'><strong>Ἐξατόστειλον</strong></span> <span class='ocrx_word' id='word_1_215' title='bbox 746 2913 806 2991; x_wconf 86' lang='grc' dir='ltr'><strong>τήν</strong></span> <span class='ocrx_word' id='word_1_216' title='bbox 821 2907 914 2992; x_wconf 77' lang='grc' dir='ltr'><strong>χεῖρά</strong></span> <span class='ocrx_word' id='word_1_217' title='bbox 930 2925 987 2971; x_wconf 91' lang='grc' dir='ltr'><strong>σου</strong></span> <span class='ocrx_word' id='word_1_218' title='bbox 1010 2903 1044 2986; x_wconf 76' lang='grc' dir='ltr'><strong>ἐξ</strong></span> <span class='ocrx_word' id='word_1_219' title='bbox 1118 2919 1161 2966; x_wconf 76' lang='grc' dir='ltr'><strong>ο.</strong></span> <span class='ocrx_word' id='word_1_220' title='bbox 1177 2902 1208 2982; x_wconf 81' lang='lat'><strong>7,</strong></span> <span class='ocrx_word' id='word_1_221' title='bbox 1225 2903 1256 2964; x_wconf 89' lang='lat'><strong>8.</strong></span> <span class='ocrx_word' id='word_1_222' title='bbox 1272 2900 1395 2965; x_wconf 78' lang='lat' dir='ltr'><strong>Emitte</strong></span> <span class='ocrx_word' id='word_1_223' title='bbox 1409 2917 1541 2964; x_wconf 82' lang='grc' dir='ltr'><strong>οιαιιιικι</strong></span> <span class='ocrx_word' id='word_1_224' title='bbox 1556 2903 1646 2964; x_wconf 79' lang='lat' dir='ltr'><strong>tacut</strong></span> <span class='ocrx_word' id='word_1_225' title='bbox 1660 2915 1699 2964; x_wconf 84' lang='lat' dir='ltr'><strong>cc</strong></span> <span class='ocrx_word' id='word_1_226' title='bbox 1713 2901 1791 2980; x_wconf 86' lang='lat' dir='ltr'><strong>utto,</strong></span> <span class='ocrx_word' id='word_1_227' title='bbox 1809 2918 1839 2964; x_wconf 87' lang='lat' dir='ltr'><strong>c-</strong></span> 
     </span>
     <span class='ocr_line' id='line_1_23' title="bbox 294 3005 1839 3096; baseline 0.001 -26"><span class='ocrx_word' id='word_1_228' title='bbox 294 3006 401 3091; x_wconf 81' lang='grc' dir='ltr'><strong>ὕψους,</strong></span> <span class='ocrx_word' id='word_1_229' title='bbox 418 3006 527 3086; x_wconf 80' lang='grc' dir='ltr'><strong>ἐξελοῦ</strong></span> <span class='ocrx_word' id='word_1_230' title='bbox 550 3030 598 3094; x_wconf 87' lang='grc' dir='ltr'><strong>με,</strong></span> <span class='ocrx_word' id='word_1_231' title='bbox 615 3010 670 3073; x_wconf 84' lang='grc' dir='ltr'><strong>καί</strong></span> <span class='ocrx_word' id='word_1_232' title='bbox 688 3005 780 3093; x_wconf 76' lang='grc' dir='ltr'><strong>ῥῦσαί</strong></span> <span class='ocrx_word' id='word_1_233' title='bbox 801 3031 840 3096; x_wconf 82' lang='grc' dir='ltr'><strong>με</strong></span> <span class='ocrx_word' id='word_1_234' title='bbox 865 3009 899 3091; x_wconf 79' lang='grc' dir='ltr'><strong>ἐξ</strong></span> <span class='ocrx_word' id='word_1_235' title='bbox 922 3010 1044 3077; x_wconf 77' lang='grc' dir='ltr'><strong>ὑδάτων</strong></span> <span class='ocrx_word' id='word_1_236' title='bbox 1088 3006 1159 3086; x_wconf 75' lang='lat' dir='ltr'><strong>ripe</strong></span> <span class='ocrx_word' id='word_1_237' title='bbox 1173 3023 1232 3086; x_wconf 81' lang='lat' dir='ltr'><strong>ute,</strong></span> <span class='ocrx_word' id='word_1_238' title='bbox 1252 3008 1284 3069; x_wconf 81' lang='lat' dir='ltr'><strong>et</strong></span> <span class='ocrx_word' id='word_1_239' title='bbox 1307 3005 1410 3071; x_wconf 78' lang='lat' dir='ltr'><strong>libera</strong></span> <span class='ocrx_word' id='word_1_240' title='bbox 1431 3023 1480 3070; x_wconf 80' lang='lat' dir='ltr'><strong>ute</strong></span> <span class='ocrx_word' id='word_1_241' title='bbox 1494 3005 1531 3070; x_wconf 78' lang='lat' dir='ltr'><strong>de</strong></span> <span class='ocrx_word' id='word_1_242' title='bbox 1547 3006 1644 3087; x_wconf 80' lang='lat' dir='ltr'><strong>cquis</strong></span> <span class='ocrx_word' id='word_1_243' title='bbox 1658 3005 1783 3086; x_wconf 80' lang='lat' dir='ltr'><strong>multis,</strong></span> <span class='ocrx_word' id='word_1_244' title='bbox 1801 3005 1839 3071; x_wconf 80' lang='lat' dir='ltr'><strong>dc</strong></span> 
     </span>
     <span class='ocr_line' id='line_1_24' title="bbox 294 3109 1838 3199; baseline 0.005 -26"><span class='ocrx_word' id='word_1_245' title='bbox 294 3110 431 3194; x_wconf 80' lang='grc' dir='ltr'><strong>πολλῶν,</strong></span> <span class='ocrx_word' id='word_1_246' title='bbox 447 3113 486 3177; x_wconf 90' lang='grc' dir='ltr'><strong>ἐκ</strong></span> <span class='ocrx_word' id='word_1_247' title='bbox 499 3114 605 3199; x_wconf 81' lang='grc' dir='ltr'><strong>χειρός</strong></span> <span class='ocrx_word' id='word_1_248' title='bbox 627 3113 701 3178; x_wconf 76' lang='lat' dir='ltr'><strong>niba</strong></span> <span class='ocrx_word' id='word_1_249' title='bbox 724 3111 905 3199; x_wconf 84' lang='grc' dir='ltr'><strong>ἀλλοτρίων.</strong></span> <span class='ocrx_word' id='word_1_250' title='bbox 930 3114 990 3182; x_wconf 87' lang='grc' dir='ltr'><strong>Ὧν</strong></span> <span class='ocrx_word' id='word_1_251' title='bbox 1008 3119 1043 3182; x_wconf 84' lang='grc' dir='ltr'><strong>τό</strong></span> <span class='ocrx_word' id='word_1_252' title='bbox 1086 3127 1186 3173; x_wconf 67' lang='lat' dir='ltr'><strong>mmm</strong></span> <span class='ocrx_word' id='word_1_253' title='bbox 1196 3110 1351 3192; x_wconf 71' lang='lat' dir='ltr'><strong>filiorum</strong></span> <span class='ocrx_word' id='word_1_254' title='bbox 1365 3111 1564 3174; x_wconf 62' lang='lat' dir='ltr'><strong>illicitorum:</strong></span> <span class='ocrx_word' id='word_1_255' title='bbox 1584 3127 1770 3193; x_wconf 72' lang='lat' dir='ltr'><strong>quorumve·</strong></span> <span class='ocrx_word' id='word_1_256' title='bbox 1792 3109 1838 3174; x_wconf 79' lang='grc' dir='ltr'><strong>Ιο-</strong></span> 
     </span>
    </p>

    <p class='ocr_par' dir='ltr' id='par_1_7' title="bbox 293 3213 1833 3400">
     <span class='ocr_line' id='line_1_25' title="bbox 294 3213 1833 3342; baseline -0.002 -58.921"><span class='ocrx_word' id='word_1_257' title='bbox 294 3213 396 3302; x_wconf 72' lang='lat' dir='ltr'><strong>oripo</strong></span> <span class='ocrx_word' id='word_1_258' title='bbox 410 3215 549 3302; x_wconf 74' lang='grc' dir='ltr'><strong>ἐλάλησα</strong></span> <span class='ocrx_word' id='word_1_259' title='bbox 565 3217 875 3306; x_wconf 86' lang='grc' dir='ltr'><strong>ματαιότητα,κα1ή</strong></span> <span class='ocrx_word' id='word_1_260' title='bbox 892 3220 1044 3302; x_wconf 57' lang='lat' dir='ltr'><strong>initiab-</strong></span> <span class='ocrx_word' id='word_1_261' title='bbox 1087 3218 1195 3278; x_wconf 81' lang='lat' dir='ltr'><strong>cutum</strong></span> <span class='ocrx_word' id='word_1_262' title='bbox 1218 3217 1534 3295; x_wconf 60' lang='lat' dir='ltr'><strong>recentiuocat</strong></span> <span class='ocrx_word' id='word_1_263' title='bbox 1558 3213 1688 3280; x_wconf 76' lang='lat' dir='ltr'><strong>deutero</strong></span> <span class='ocrx_word' id='word_1_264' title='bbox 1714 3232 1833 3342; x_wconf 63' lang='lat' dir='ltr'><strong>corun,</strong></span> 
     </span>
     <span class='ocr_line' id='line_1_26' title="bbox 293 3317 1430 3400; baseline 0.002 -18"><span class='ocrx_word' id='word_1_265' title='bbox 293 3317 604 3400; x_wconf 59' lang='lat' dir='ltr'><strong>revisitaturum.</strong></span> <span class='ocrx_word' id='word_1_266' title='bbox 1086 3317 1340 3399; x_wconf 65' lang='lat' dir='ltr'><strong>detentusque·</strong></span> <span class='ocrx_word' id='word_1_267' title='bbox 1340 3320 1430 3384; x_wconf 82' lang='lat' dir='ltr'><strong>tetis.</strong></span> 
     </span>
    </p>

    <p class='ocr_par' dir='ltr' id='par_1_8' title="bbox 290 3422 1838 4142">
     <span class='ocr_line' id='line_1_27' title="bbox 337 3422 1838 3514; baseline -0.001 -26"><span class='ocrx_word' id='word_1_268' title='bbox 337 3422 428 3500; x_wconf 78' lang='grc' dir='ltr'><strong>Τινὲς</strong></span> <span class='ocrx_word' id='word_1_269' title='bbox 449 3425 485 3490; x_wconf 83' lang='lat' dir='ltr'><strong>iii</strong></span> <span class='ocrx_word' id='word_1_270' title='bbox 507 3428 544 3490; x_wconf 87' lang='grc' dir='ltr'><strong>τό</strong></span> <span class='ocrx_word' id='word_1_271' title='bbox 566 3427 686 3512; x_wconf 82' lang='grc' dir='ltr'><strong>πληθος</strong></span> <span class='ocrx_word' id='word_1_272' title='bbox 700 3425 841 3514; x_wconf 73' lang='grc' dir='ltr'><strong>εἰρῆσθαι</strong></span> <span class='ocrx_word' id='word_1_273' title='bbox 863 3439 925 3496; x_wconf 75' lang='grc' dir='ltr'><strong>τῶν</strong></span> <span class='ocrx_word' id='word_1_274' title='bbox 952 3431 1044 3497; x_wconf 69' lang='grc' dir='ltr'><strong>πολε.</strong></span> <span class='ocrx_word' id='word_1_275' title='bbox 1124 3423 1286 3485; x_wconf 80' lang='lat' dir='ltr'><strong>Nonnulli</strong></span> <span class='ocrx_word' id='word_1_276' title='bbox 1296 3425 1618 3504; x_wconf 86' lang='lat' dir='ltr'><strong>censueruntaquas</strong></span> <span class='ocrx_word' id='word_1_277' title='bbox 1626 3422 1742 3486; x_wconf 79' lang='lat' dir='ltr'><strong>dicrde</strong></span> <span class='ocrx_word' id='word_1_278' title='bbox 1751 3422 1838 3486; x_wconf 89' lang='lat' dir='ltr'><strong>mul</strong></span> 
     </span>
     <span class='ocr_line' id='line_1_28' title="bbox 292 3523 1837 3622; baseline -0.003 -27"><span class='ocrx_word' id='word_1_279' title='bbox 292 3523 371 3612; x_wconf 79' lang='grc' dir='ltr'><strong>μίων</strong></span> <span class='ocrx_word' id='word_1_280' title='bbox 385 3528 531 3614; x_wconf 81' lang='grc' dir='ltr'><strong>ἐνόμισαν</strong></span> <span class='ocrx_word' id='word_1_281' title='bbox 543 3529 653 3612; x_wconf 87' lang='grc' dir='ltr'><strong>όδατα,</strong></span> <span class='ocrx_word' id='word_1_282' title='bbox 669 3531 716 3596; x_wconf 86' lang='grc' dir='ltr'><strong>διό</strong></span> <span class='ocrx_word' id='word_1_283' title='bbox 732 3529 858 3618; x_wconf 86' lang='grc' dir='ltr'><strong>ἐπήχθη</strong></span> <span class='ocrx_word' id='word_1_284' title='bbox 875 3535 911 3598; x_wconf 84' lang='grc' dir='ltr'><strong>τὸ</strong></span> <span class='ocrx_word' id='word_1_285' title='bbox 926 3533 964 3599; x_wconf 88' lang='grc' dir='ltr'><strong>ἐκ</strong></span> <span class='ocrx_word' id='word_1_286' title='bbox 978 3556 1044 3622; x_wconf 81' lang='grc' dir='ltr'><strong>χει.</strong></span> <span class='ocrx_word' id='word_1_287' title='bbox 1086 3528 1233 3592; x_wconf 83' lang='lat' dir='ltr'><strong>titudine</strong></span> <span class='ocrx_word' id='word_1_288' title='bbox 1248 3529 1408 3610; x_wconf 86' lang='lat' dir='ltr'><strong>bostium,</strong></span> <span class='ocrx_word' id='word_1_289' title='bbox 1425 3547 1493 3611; x_wconf 89' lang='lat' dir='ltr'><strong>qua</strong></span> <span class='ocrx_word' id='word_1_290' title='bbox 1505 3528 1546 3592; x_wconf 91' lang='lat' dir='ltr'><strong>de</strong></span> <span class='ocrx_word' id='word_1_291' title='bbox 1558 3547 1594 3592; x_wconf 89' lang='lat' dir='ltr'><strong>re</strong></span> <span class='ocrx_word' id='word_1_292' title='bbox 1606 3528 1759 3592; x_wconf 86' lang='lat' dir='ltr'><strong>additum</strong></span> <span class='ocrx_word' id='word_1_293' title='bbox 1775 3535 1837 3607; x_wconf 88' lang='lat' dir='ltr'><strong>est,</strong></span> 
     </span>
     <span class='ocr_line' id='line_1_29' title="bbox 293 3630 1836 3728; baseline -0.001 -31"><span class='ocrx_word' id='word_1_294' title='bbox 293 3633 346 3716; x_wconf 87' lang='grc' dir='ltr'><strong>ρδς</strong></span> <span class='ocrx_word' id='word_1_295' title='bbox 361 3633 435 3698; x_wconf 86' lang='grc' dir='ltr'><strong>υῑιῦν</strong></span> <span class='ocrx_word' id='word_1_296' title='bbox 450 3630 639 3720; x_wconf 77' lang='grc' dir='ltr'><strong>ἀλλοτρίων·</strong></span> <span class='ocrx_word' id='word_1_297' title='bbox 654 3636 672 3699; x_wconf 91' lang='grc' dir='ltr'><strong>ό</strong></span> <span class='ocrx_word' id='word_1_298' title='bbox 687 3636 770 3701; x_wconf 79' lang='grc' dir='ltr'><strong>δὲτὸ</strong></span> <span class='ocrx_word' id='word_1_299' title='bbox 785 3636 897 3715; x_wconf 83' lang='grc' dir='ltr'><strong>άσεόὲς</strong></span> <span class='ocrx_word' id='word_1_300' title='bbox 916 3639 1041 3724; x_wconf 86' lang='grc' dir='ltr'><strong>δηλοῦν,</strong></span> <span class='ocrx_word' id='word_1_301' title='bbox 1085 3632 1123 3696; x_wconf 63' lang='lat' dir='ltr'><strong>de</strong></span> <span class='ocrx_word' id='word_1_302' title='bbox 1145 3634 1409 3728; x_wconf 71' lang='lat' dir='ltr'><strong>mcuustliomcm</strong></span> <span class='ocrx_word' id='word_1_303' title='bbox 1430 3634 1627 3712; x_wconf 74' lang='grc' dir='ltr'><strong>ῦίόοιιοοαπι,</strong></span> <span class='ocrx_word' id='word_1_304' title='bbox 1644 3634 1732 3697; x_wconf 90' lang='lat' dir='ltr'><strong>alius</strong></span> <span class='ocrx_word' id='word_1_305' title='bbox 1755 3651 1836 3696; x_wconf 90' lang='lat' dir='ltr'><strong>vero</strong></span> 
     </span>
     <span class='ocr_line' id='line_1_30' title="bbox 292 3733 1834 3829; baseline 0 -29"><span class='ocrx_word' id='word_1_306' title='bbox 292 3733 330 3800; x_wconf 81' lang='grc' dir='ltr'><strong>σὺ</strong></span> <span class='ocrx_word' id='word_1_307' title='bbox 344 3737 380 3800; x_wconf 90' lang='grc' dir='ltr'><strong>τό</strong></span> <span class='ocrx_word' id='word_1_308' title='bbox 396 3736 585 3823; x_wconf 79' lang='grc' dir='ltr'><strong>ἀλλόφυλον,</strong></span> <span class='ocrx_word' id='word_1_309' title='bbox 601 3741 655 3816; x_wconf 85' lang='grc' dir='ltr'><strong>οῦς</strong></span> <span class='ocrx_word' id='word_1_310' title='bbox 670 3741 724 3805; x_wconf 82' lang='grc' dir='ltr'><strong>καί</strong></span> <span class='ocrx_word' id='word_1_311' title='bbox 741 3738 971 3829; x_wconf 85' lang='grc' dir='ltr'><strong>βλασφημησαι</strong></span> <span class='ocrx_word' id='word_1_312' title='bbox 984 3765 1041 3807; x_wconf 91' lang='grc' dir='ltr'><strong>κα-</strong></span> <span class='ocrx_word' id='word_1_313' title='bbox 1058 3739 1060 3746; x_wconf 87' lang='grc'><strong>“</strong></span> <span class='ocrx_word' id='word_1_314' title='bbox 1086 3735 1260 3815; x_wconf 82' lang='lat' dir='ltr'><strong>designari</strong></span> <span class='ocrx_word' id='word_1_315' title='bbox 1273 3739 1386 3820; x_wconf 87' lang='lat' dir='ltr'><strong>potius</strong></span> <span class='ocrx_word' id='word_1_316' title='bbox 1402 3737 1485 3818; x_wconf 91' lang='lat' dir='ltr'><strong>quid</strong></span> <span class='ocrx_word' id='word_1_317' title='bbox 1507 3738 1603 3818; x_wconf 91' lang='lat' dir='ltr'><strong>impii</strong></span> <span class='ocrx_word' id='word_1_318' title='bbox 1619 3754 1722 3818; x_wconf 87' lang='lat' dir='ltr'><strong>quam</strong></span> <span class='ocrx_word' id='word_1_319' title='bbox 1745 3736 1834 3818; x_wconf 92' lang='lat' dir='ltr'><strong>quod</strong></span> 
     </span>
     <span class='ocr_line' id='line_1_31' title="bbox 291 3839 1835 3932; baseline 0 -28"><span class='ocrx_word' id='word_1_320' title='bbox 291 3842 401 3926; x_wconf 80' lang='grc' dir='ltr'><strong>τάπης</strong></span> <span class='ocrx_word' id='word_1_321' title='bbox 415 3841 506 3920; x_wconf 87' lang='grc' dir='ltr'><strong>θείας</strong></span> <span class='ocrx_word' id='word_1_322' title='bbox 521 3842 613 3928; x_wconf 78' lang='grc' dir='ltr'><strong>δόξης</strong></span> <span class='ocrx_word' id='word_1_323' title='bbox 636 3845 741 3928; x_wconf 78' lang='grc' dir='ltr'><strong>φησιν,</strong></span> <span class='ocrx_word' id='word_1_324' title='bbox 757 3847 815 3910; x_wconf 79' lang='grc' dir='ltr'><strong>παὶ</strong></span> <span class='ocrx_word' id='word_1_325' title='bbox 836 3847 934 3932; x_wconf 72' lang='grc' dir='ltr'><strong>μηδὲν</strong></span> <span class='ocrx_word' id='word_1_326' title='bbox 949 3847 1042 3932; x_wconf 66' lang='grc' dir='ltr'><strong>ἔργά.</strong></span> <span class='ocrx_word' id='word_1_327' title='bbox 1085 3841 1236 3905; x_wconf 87' lang='lat' dir='ltr'><strong>alienum</strong></span> <span class='ocrx_word' id='word_1_328' title='bbox 1264 3843 1384 3906; x_wconf 75' lang='lat' dir='ltr'><strong>ostili</strong></span> <span class='ocrx_word' id='word_1_329' title='bbox 1411 3846 1591 3922; x_wconf 88' lang='lat' dir='ltr'><strong>sunt&#39;quos</strong></span> <span class='ocrx_word' id='word_1_330' title='bbox 1614 3842 1663 3904; x_wconf 90' lang='lat' dir='ltr'><strong>ait</strong></span> <span class='ocrx_word' id='word_1_331' title='bbox 1680 3839 1835 3921; x_wconf 86' lang='lat' dir='ltr'><strong>blaspbe-</strong></span> 
     </span>
     <span class='ocr_line' id='line_1_32' title="bbox 291 3943 1835 4034; baseline 0 -26"><span class='ocrx_word' id='word_1_332' title='bbox 291 3945 407 4011; x_wconf 89' lang='grc' dir='ltr'><strong>σασθαι</strong></span> <span class='ocrx_word' id='word_1_333' title='bbox 423 3945 532 4026; x_wconf 83' lang='grc' dir='ltr'><strong>δεξιόν.</strong></span> <span class='ocrx_word' id='word_1_334' title='bbox 555 3985 597 3996; x_wconf 90' lang='grc'><strong>-</strong></span> <span class='ocrx_word' id='word_1_335' title='bbox 613 3943 691 4032; x_wconf 81' lang='grc' dir='ltr'><strong>Χείρ</strong></span> <span class='ocrx_word' id='word_1_336' title='bbox 713 3948 800 4014; x_wconf 85' lang='grc' dir='ltr'><strong>ἐστιν</strong></span> <span class='ocrx_word' id='word_1_337' title='bbox 822 3947 975 4034; x_wconf 77' lang='grc' dir='ltr'><strong>ἀλλοτρία</strong></span> <span class='ocrx_word' id='word_1_338' title='bbox 988 3949 1041 4015; x_wconf 92' lang='grc' dir='ltr'><strong>λο-</strong></span> <span class='ocrx_word' id='word_1_339' title='bbox 1086 3963 1178 4009; x_wconf 91' lang='lat' dir='ltr'><strong>mara</strong></span> <span class='ocrx_word' id='word_1_340' title='bbox 1194 3945 1356 4010; x_wconf 86' lang='lat' dir='ltr'><strong>adversus</strong></span> <span class='ocrx_word' id='word_1_341' title='bbox 1371 3945 1527 4011; x_wconf 87' lang='lat' dir='ltr'><strong>deificam</strong></span> <span class='ocrx_word' id='word_1_342' title='bbox 1543 3946 1700 4024; x_wconf 83' lang='lat' dir='ltr'><strong>gloriam,</strong></span> <span class='ocrx_word' id='word_1_343' title='bbox 1723 3961 1835 4026; x_wconf 89' lang='lat' dir='ltr'><strong>neque</strong></span> 
     </span>
     <span class='ocr_line' id='line_1_33' title="bbox 290 4050 1836 4142; baseline -0.001 -30"><span class='ocrx_word' id='word_1_344' title='bbox 290 4050 400 4135; x_wconf 85' lang='grc' dir='ltr'><strong>γισμός</strong></span> <span class='ocrx_word' id='word_1_345' title='bbox 418 4052 498 4138; x_wconf 75' lang='grc' dir='ltr'><strong>μετὰ</strong></span> <span class='ocrx_word' id='word_1_346' title='bbox 512 4060 568 4117; x_wconf 90' lang='grc' dir='ltr'><strong>τοῦ</strong></span> <span class='ocrx_word' id='word_1_347' title='bbox 582 4052 758 4137; x_wconf 83' lang='grc' dir='ltr'><strong>παθητικοῦ</strong></span> <span class='ocrx_word' id='word_1_348' title='bbox 782 4053 895 4140; x_wconf 82' lang='grc' dir='ltr'><strong>μέρους</strong></span> <span class='ocrx_word' id='word_1_349' title='bbox 910 4064 967 4141; x_wconf 86' lang='grc' dir='ltr'><strong>της</strong></span> <span class='ocrx_word' id='word_1_350' title='bbox 986 4057 1042 4142; x_wconf 82' lang='grc' dir='ltr'><strong>ψυ-</strong></span> <span class='ocrx_word' id='word_1_351' title='bbox 1085 4067 1189 4129; x_wconf 76' lang='lat' dir='ltr'><strong>agere</strong></span> <span class='ocrx_word' id='word_1_352' title='bbox 1201 4050 1396 4133; x_wconf 90' lang='lat' dir='ltr'><strong>quodquam</strong></span> <span class='ocrx_word' id='word_1_353' title='bbox 1408 4051 1443 4114; x_wconf 90' lang='lat' dir='ltr'><strong>in</strong></span> <span class='ocrx_word' id='word_1_354' title='bbox 1455 4051 1627 4115; x_wconf 83' lang='lat' dir='ltr'><strong>dexteram</strong></span> <span class='ocrx_word' id='word_1_355' title='bbox 1639 4054 1780 4132; x_wconf 87' lang='lat' dir='ltr'><strong>purtem.</strong></span> <span class='ocrx_word' id='word_1_356' title='bbox 1797 4083 1836 4095; x_wconf 93' lang='lat'><em>-</em></span> 
     </span>
    </p>
   </div>
   <div class='ocr_carea' id='block_1_5' title="bbox 285 4198 1836 5241">
    <p class='ocr_par' dir='ltr' id='par_1_9' title="bbox 285 4198 1836 5155">
     <span class='ocr_line' id='line_1_34' title="bbox 325 4198 1836 4284; baseline 0.009 -30"><span class='ocrx_word' id='word_1_357' title='bbox 325 4198 527 4270; x_wconf 82' lang='lat' dir='ltr'><strong>Ps.ox1.1n,v.</strong></span> <span class='ocrx_word' id='word_1_358' title='bbox 542 4199 678 4256; x_wconf 83' lang='lat' dir='ltr'><strong>lVatb</strong></span> <span class='ocrx_word' id='word_1_359' title='bbox 690 4200 747 4256; x_wconf 91' lang='lat' dir='ltr'><strong>Hic</strong></span> <span class='ocrx_word' id='word_1_360' title='bbox 760 4201 811 4258; x_wconf 90' lang='lat' dir='ltr'><strong>ubi</strong></span> <span class='ocrx_word' id='word_1_361' title='bbox 824 4201 860 4258; x_wconf 86' lang='lat' dir='ltr'><strong>de</strong></span> <span class='ocrx_word' id='word_1_362' title='bbox 873 4204 1041 4261; x_wconf 74' lang='lat' dir='ltr'><strong>Monosticha</strong></span> <span class='ocrx_word' id='word_1_363' title='bbox 1083 4213 1178 4269; x_wconf 68' lang='lat' dir='ltr'><strong>nostri</strong></span> <span class='ocrx_word' id='word_1_364' title='bbox 1195 4211 1339 4270; x_wconf 73' lang='lat' dir='ltr'><strong>invehunt</strong></span> <span class='ocrx_word' id='word_1_365' title='bbox 1351 4212 1406 4268; x_wconf 78' lang='lat' dir='ltr'><strong>sub</strong></span> <span class='ocrx_word' id='word_1_366' title='bbox 1418 4211 1557 4284; x_wconf 80' lang='lat' dir='ltr'><strong>origenis</strong></span> <span class='ocrx_word' id='word_1_367' title='bbox 1574 4211 1693 4268; x_wconf 86' lang='lat' dir='ltr'><strong>nomine</strong></span> <span class='ocrx_word' id='word_1_368' title='bbox 1710 4210 1836 4266; x_wconf 86' lang='lat' dir='ltr'><strong>acholio·</strong></span> 
     </span>
     <span class='ocr_line' id='line_1_35' title="bbox 290 4287 1835 4372; baseline 0.008 -29"><span class='ocrx_word' id='word_1_369' title='bbox 290 4287 415 4362; x_wconf 84' lang='lat' dir='ltr'><strong>queeetio</strong></span> <span class='ocrx_word' id='word_1_370' title='bbox 433 4292 493 4358; x_wconf 85' lang='lat' dir='ltr'><strong>eet,</strong></span> <span class='ocrx_word' id='word_1_371' title='bbox 512 4287 575 4360; x_wconf 84' lang='lat' dir='ltr'><strong>jam</strong></span> <span class='ocrx_word' id='word_1_372' title='bbox 592 4287 783 4360; x_wconf 77' lang='lat' dir='ltr'><strong>querendum</strong></span> <span class='ocrx_word' id='word_1_373' title='bbox 799 4307 839 4344; x_wconf 84' lang='lat' dir='ltr'><strong>an</strong></span> <span class='ocrx_word' id='word_1_374' title='bbox 856 4308 893 4346; x_wconf 85' lang='lat' dir='ltr'><strong>ex</strong></span> <span class='ocrx_word' id='word_1_375' title='bbox 911 4293 1041 4350; x_wconf 80' lang='lat' dir='ltr'><strong>tenebris</strong></span> <span class='ocrx_word' id='word_1_376' title='bbox 1082 4301 1145 4356; x_wconf 87' lang='lat' dir='ltr'><strong>lum</strong></span> <span class='ocrx_word' id='word_1_377' title='bbox 1156 4301 1235 4372; x_wconf 90' lang='lat' dir='ltr'><strong>qnod</strong></span> <span class='ocrx_word' id='word_1_378' title='bbox 1252 4299 1370 4358; x_wconf 83' lang='lat' dir='ltr'><strong>videtur</strong></span> <span class='ocrx_word' id='word_1_379' title='bbox 1387 4299 1574 4356; x_wconf 85' lang='lat' dir='ltr'><strong>referendum</strong></span> <span class='ocrx_word' id='word_1_380' title='bbox 1591 4299 1674 4370; x_wconf 85' lang='lat' dir='ltr'><strong>aliae,</strong></span> <span class='ocrx_word' id='word_1_381' title='bbox 1688 4297 1726 4354; x_wconf 85' lang='lat' dir='ltr'><strong>ad</strong></span> <span class='ocrx_word' id='word_1_382' title='bbox 1743 4317 1835 4356; x_wconf 88' lang='lat' dir='ltr'><strong>unum</strong></span> 
     </span>
     <span class='ocr_line' id='line_1_36' title="bbox 288 4374 1835 4460; baseline 0.006 -28"><span class='ocrx_word' id='word_1_383' title='bbox 288 4393 366 4433; x_wconf 87' lang='lat' dir='ltr'><strong>nnnc</strong></span> <span class='ocrx_word' id='word_1_384' title='bbox 377 4374 507 4448; x_wconf 84' lang='lat' dir='ltr'><strong>eruperit</strong></span> <span class='ocrx_word' id='word_1_385' title='bbox 517 4374 638 4448; x_wconf 79' lang='lat' dir='ltr'><strong>ignotus</strong></span> <span class='ocrx_word' id='word_1_386' title='bbox 648 4375 786 4447; x_wconf 79' lang='lat' dir='ltr'><strong>origenis</strong></span> <span class='ocrx_word' id='word_1_387' title='bbox 798 4376 872 4434; x_wconf 90' lang='lat' dir='ltr'><strong>liber</strong></span> <span class='ocrx_word' id='word_1_388' title='bbox 873 4379 979 4451; x_wconf 80' lang='lat' dir='ltr'><strong>,plana</strong></span> <span class='ocrx_word' id='word_1_389' title='bbox 989 4399 1041 4436; x_wconf 90' lang='lat' dir='ltr'><strong>no·</strong></span> <span class='ocrx_word' id='word_1_390' title='bbox 1084 4403 1122 4442; x_wconf 83' lang='lat' dir='ltr'><strong>ex</strong></span> <span class='ocrx_word' id='word_1_391' title='bbox 1134 4387 1256 4460; x_wconf 80' lang='lat' dir='ltr'><strong>psalmis</strong></span> <span class='ocrx_word' id='word_1_392' title='bbox 1274 4386 1476 4460; x_wconf 83' lang='lat' dir='ltr'><strong>alphabeticie,</strong></span> <span class='ocrx_word' id='word_1_393' title='bbox 1489 4385 1589 4442; x_wconf 86' lang='lat' dir='ltr'><strong>nascio</strong></span> <span class='ocrx_word' id='word_1_394' title='bbox 1607 4401 1702 4457; x_wconf 86' lang='lat' dir='ltr'><strong>quem,</strong></span> <span class='ocrx_word' id='word_1_395' title='bbox 1715 4385 1764 4441; x_wconf 88' lang='lat' dir='ltr'><strong>bic</strong></span> <span class='ocrx_word' id='word_1_396' title='bbox 1780 4403 1835 4459; x_wconf 88' lang='lat' dir='ltr'><strong>pro</strong></span> 
     </span>
     <span class='ocr_line' id='line_1_37' title="bbox 288 4459 1836 4546; baseline 0.007 -28"><span class='ocrx_word' id='word_1_397' title='bbox 288 4477 352 4532; x_wconf 85' lang='lat' dir='ltr'><strong>vus,</strong></span> <span class='ocrx_word' id='word_1_398' title='bbox 365 4479 486 4519; x_wconf 81' lang='lat' dir='ltr'><strong>unvero</strong></span> <span class='ocrx_word' id='word_1_399' title='bbox 495 4459 670 4518; x_wconf 77' lang='lat' dir='ltr'><strong>brabantum</strong></span> <span class='ocrx_word' id='word_1_400' title='bbox 679 4462 772 4518; x_wconf 83' lang='lat' dir='ltr'><strong>lateat</strong></span> <span class='ocrx_word' id='word_1_401' title='bbox 782 4463 887 4520; x_wconf 81' lang='lat' dir='ltr'><strong>irtulus</strong></span> <span class='ocrx_word' id='word_1_402' title='bbox 896 4482 1040 4524; x_wconf 87' lang='lat' dir='ltr'><strong>commen</strong></span> <span class='ocrx_word' id='word_1_403' title='bbox 1083 4491 1137 4530; x_wconf 83' lang='lat' dir='ltr'><strong>sua</strong></span> <span class='ocrx_word' id='word_1_404' title='bbox 1156 4473 1312 4545; x_wconf 83' lang='lat' dir='ltr'><strong>brevitate,</strong></span> <span class='ocrx_word' id='word_1_405' title='bbox 1329 4473 1524 4544; x_wconf 83' lang='lat' dir='ltr'><strong>retinendum,</strong></span> <span class='ocrx_word' id='word_1_406' title='bbox 1542 4491 1579 4529; x_wconf 89' lang='lat' dir='ltr'><strong>ne</strong></span> <span class='ocrx_word' id='word_1_407' title='bbox 1597 4480 1713 4546; x_wconf 83' lang='lat' dir='ltr'><strong>pereat:</strong></span> <span class='ocrx_word' id='word_1_408' title='bbox 1732 4477 1769 4528; x_wconf 76' lang='grc' dir='ltr'><strong>Τό</strong></span> <span class='ocrx_word' id='word_1_409' title='bbox 1782 4477 1836 4543; x_wconf 81' lang='grc' dir='ltr'><strong>γάρ</strong></span> 
     </span>
     <span class='ocr_line' id='line_1_38' title="bbox 288 4547 1834 4634; baseline 0.006 -30"><span class='ocrx_word' id='word_1_410' title='bbox 288 4548 360 4604; x_wconf 79' lang='lat' dir='ltr'><strong>terii</strong></span> <span class='ocrx_word' id='word_1_411' title='bbox 376 4547 530 4620; x_wconf 81' lang='lat' dir='ltr'><strong>brevioris,</strong></span> <span class='ocrx_word' id='word_1_412' title='bbox 552 4547 617 4606; x_wconf 88' lang='lat' dir='ltr'><strong>ab&#39;</strong></span> <span class='ocrx_word' id='word_1_413' title='bbox 607 4565 673 4621; x_wconf 79' lang='lat' dir='ltr'><strong>ipso</strong></span> <span class='ocrx_word' id='word_1_414' title='bbox 694 4565 754 4604; x_wconf 89' lang='lat' dir='ltr'><strong>non</strong></span> <span class='ocrx_word' id='word_1_415' title='bbox 772 4552 863 4606; x_wconf 80' lang='lat' dir='ltr'><strong>semel</strong></span> <span class='ocrx_word' id='word_1_416' title='bbox 880 4555 1040 4627; x_wconf 82' lang='lat' dir='ltr'><strong>nuncupati</strong></span> <span class='ocrx_word' id='word_1_417' title='bbox 1083 4563 1435 4630; x_wconf 74' lang='grc' dir='ltr'><strong>οιατοῦμιλανοςπαρακιι</strong></span> <span class='ocrx_word' id='word_1_418' title='bbox 1435 4559 1548 4634; x_wconf 56' lang='lat' dir='ltr'><strong>ptiust.</strong></span> <span class='ocrx_word' id='word_1_419' title='bbox 1560 4561 1617 4632; x_wconf 82' lang='lat' dir='ltr'><strong>leg.</strong></span> <span class='ocrx_word' id='word_1_420' title='bbox 1626 4559 1834 4632; x_wconf 82' lang='grc' dir='ltr'><strong>παρακιίμινον)</strong></span> 
     </span>
     <span class='ocr_line' id='line_1_39' title="bbox 286 4635 1836 4720; baseline 0.005 -26"><span class='ocrx_word' id='word_1_421' title='bbox 286 4635 412 4706; x_wconf 71' lang='lat' dir='ltr'><strong>Scholia,</strong></span> <span class='ocrx_word' id='word_1_422' title='bbox 425 4652 512 4708; x_wconf 87' lang='lat' dir='ltr'><strong>quem</strong></span> <span class='ocrx_word' id='word_1_423' title='bbox 523 4653 577 4710; x_wconf 89' lang='lat' dir='ltr'><strong>per</strong></span> <span class='ocrx_word' id='word_1_424' title='bbox 595 4636 917 4711; x_wconf 75' lang='lat' dir='ltr'><strong>singoloepsalmornm</strong></span> <span class='ocrx_word' id='word_1_425' title='bbox 934 4649 1040 4710; x_wconf 86' lang='grc' dir='ltr'><strong>στίχους</strong></span> <span class='ocrx_word' id='word_1_426' title='bbox 1083 4657 1120 4718; x_wconf 78' lang='grc' dir='ltr'><strong>τῷ</strong></span> <span class='ocrx_word' id='word_1_427' title='bbox 1134 4654 1214 4718; x_wconf 81' lang='grc' dir='ltr'><strong>στίχῳ</strong></span> <span class='ocrx_word' id='word_1_428' title='bbox 1227 4653 1313 4717; x_wconf 87' lang='grc' dir='ltr'><strong>όνομα</strong></span> <span class='ocrx_word' id='word_1_429' title='bbox 1329 4652 1361 4702; x_wconf 88' lang='grc' dir='ltr'><strong>τό</strong></span> <span class='ocrx_word' id='word_1_430' title='bbox 1379 4650 1462 4716; x_wconf 58' lang='lat' dir='ltr'><strong>’nun</strong></span> <span class='ocrx_word' id='word_1_431' title='bbox 1480 4647 1559 4720; x_wconf 77' lang='lat' dir='ltr'><strong>(Vnt.</strong></span> <span class='ocrx_word' id='word_1_432' title='bbox 1573 4649 1615 4702; x_wconf 83' lang='lat'><strong>12.</strong></span> <span class='ocrx_word' id='word_1_433' title='bbox 1629 4649 1694 4718; x_wconf 78' lang='grc' dir='ltr'><strong>άφή,</strong></span> <span class='ocrx_word' id='word_1_434' title='bbox 1712 4648 1778 4719; x_wconf 81' lang='lat' dir='ltr'><strong>lege</strong></span> <span class='ocrx_word' id='word_1_435' title='bbox 1792 4649 1836 4702; x_wconf 82' lang='grc' dir='ltr'><strong>Δ·</strong></span> 
     </span>
     <span class='ocr_line' id='line_1_40' title="bbox 286 4723 1834 4808; baseline 0.007 -29"><span class='ocrx_word' id='word_1_436' title='bbox 286 4723 445 4796; x_wconf 80' lang='lat' dir='ltr'><strong>exegisset</strong></span> <span class='ocrx_word' id='word_1_437' title='bbox 458 4723 542 4792; x_wconf 83' lang='lat' dir='ltr'><strong>Quod</strong></span> <span class='ocrx_word' id='word_1_438' title='bbox 554 4723 674 4796; x_wconf 84' lang='lat' dir='ltr'><strong>quidem</strong></span> <span class='ocrx_word' id='word_1_439' title='bbox 686 4741 741 4797; x_wconf 82' lang='lat' dir='ltr'><strong>ego</strong></span> <span class='ocrx_word' id='word_1_440' title='bbox 753 4727 805 4782; x_wconf 80' lang='lat' dir='ltr'><strong>vix</strong></span> <span class='ocrx_word' id='word_1_441' title='bbox 817 4733 927 4798; x_wconf 89' lang='lat' dir='ltr'><strong>putem,</strong></span> <span class='ocrx_word' id='word_1_442' title='bbox 949 4745 1039 4800; x_wconf 87' lang='lat' dir='ltr'><strong>quum</strong></span> <span class='ocrx_word' id='word_1_443' title='bbox 1081 4735 1144 4808; x_wconf 76' lang='grc' dir='ltr'><strong>λιφ)</strong></span> <span class='ocrx_word' id='word_1_444' title='bbox 1157 4739 1237 4804; x_wconf 82' lang='grc' dir='ltr'><strong>ίρμην</strong></span> <span class='ocrx_word' id='word_1_445' title='bbox 1224 4740 1327 4790; x_wconf 82' lang='grc' dir='ltr'><strong>νιῦιται</strong></span> <span class='ocrx_word' id='word_1_446' title='bbox 1338 4737 1504 4790; x_wconf 78' lang='grc' dir='ltr'><strong>διδασκαλία.</strong></span> <span class='ocrx_word' id='word_1_447' title='bbox 1514 4733 1608 4790; x_wconf 86' lang='lat' dir='ltr'><strong>Addit</strong></span> <span class='ocrx_word' id='word_1_448' title='bbox 1619 4734 1687 4792; x_wconf 75' lang='lat' dir='ltr'><strong>Vnt.</strong></span> <span class='ocrx_word' id='word_1_449' title='bbox 1701 4736 1750 4792; x_wconf 77' lang='lat'><strong>12:</strong></span> <span class='ocrx_word' id='word_1_450' title='bbox 1763 4738 1834 4806; x_wconf 78' lang='grc' dir='ltr'><strong>’Δφή</strong></span> 
     </span>
     <span class='ocr_line' id='line_1_41' title="bbox 286 4809 1834 4890; baseline 0.006 -24"><span class='ocrx_word' id='word_1_451' title='bbox 286 4809 401 4866; x_wconf 78' lang='lat' dir='ltr'><strong>scholia</strong></span> <span class='ocrx_word' id='word_1_452' title='bbox 410 4809 551 4868; x_wconf 82' lang='lat' dir='ltr'><strong>intercisa</strong></span> <span class='ocrx_word' id='word_1_453' title='bbox 563 4817 594 4868; x_wconf 87' lang='lat' dir='ltr'><strong>et</strong></span> <span class='ocrx_word' id='word_1_454' title='bbox 611 4811 786 4870; x_wconf 75' lang='lat' dir='ltr'><strong>brevissima</strong></span> <span class='ocrx_word' id='word_1_455' title='bbox 802 4813 894 4885; x_wconf 76' lang='lat' dir='ltr'><strong>sint,</strong></span> <span class='ocrx_word' id='word_1_456' title='bbox 880 4815 984 4887; x_wconf 71' lang='lat' dir='ltr'><strong>jejuna</strong></span> <span class='ocrx_word' id='word_1_457' title='bbox 1001 4817 1038 4876; x_wconf 88' lang='lat' dir='ltr'><strong>de</strong></span> <span class='ocrx_word' id='word_1_458' title='bbox 1081 4824 1212 4876; x_wconf 75' lang='grc' dir='ltr'><strong>ἐστιθέοῦ</strong></span> <span class='ocrx_word' id='word_1_459' title='bbox 1224 4824 1382 4877; x_wconf 78' lang='grc' dir='ltr'><strong>διδασκαλία</strong></span> <span class='ocrx_word' id='word_1_460' title='bbox 1397 4823 1559 4890; x_wconf 82' lang='grc' dir='ltr'><strong>πνευματική</strong></span> <span class='ocrx_word' id='word_1_461' title='bbox 1571 4825 1617 4876; x_wconf 87' lang='grc' dir='ltr'><strong>τόν</strong></span> <span class='ocrx_word' id='word_1_462' title='bbox 1630 4824 1664 4876; x_wconf 80' lang='grc' dir='ltr'><strong>ἐκ</strong></span> <span class='ocrx_word' id='word_1_463' title='bbox 1675 4828 1723 4890; x_wconf 75' lang='grc' dir='ltr'><strong>τῆς</strong></span> <span class='ocrx_word' id='word_1_464' title='bbox 1734 4827 1834 4888; x_wconf 82' lang='grc' dir='ltr'><strong>κακίας</strong></span> 
     </span>
     <span class='ocr_line' id='line_1_42' title="bbox 285 4896 1834 4982; baseline 0.008 -29"><span class='ocrx_word' id='word_1_465' title='bbox 285 4911 320 4954; x_wconf 78' lang='grc' dir='ltr'><strong>το</strong></span> <span class='ocrx_word' id='word_1_466' title='bbox 331 4897 437 4968; x_wconf 82' lang='lat' dir='ltr'><strong>ethica,</strong></span> <span class='ocrx_word' id='word_1_467' title='bbox 449 4896 547 4954; x_wconf 80' lang='lat' dir='ltr'><strong>aliena</strong></span> <span class='ocrx_word' id='word_1_468' title='bbox 558 4897 681 4972; x_wconf 88' lang='lat' dir='ltr'><strong>proinde</strong></span> <span class='ocrx_word' id='word_1_469' title='bbox 691 4899 728 4956; x_wconf 81' lang='lat' dir='ltr'><strong>ab</strong></span> <span class='ocrx_word' id='word_1_470' title='bbox 747 4899 799 4956; x_wconf 92' lang='lat' dir='ltr'><strong>illo</strong></span> <span class='ocrx_word' id='word_1_471' title='bbox 817 4900 855 4959; x_wconf 89' lang='lat' dir='ltr'><strong>de</strong></span> <span class='ocrx_word' id='word_1_472' title='bbox 866 4907 931 4958; x_wconf 83' lang='lat' dir='ltr'><strong>tota</strong></span> <span class='ocrx_word' id='word_1_473' title='bbox 943 4904 1038 4960; x_wconf 86' lang='lat' dir='ltr'><strong>ascesi</strong></span> <span class='ocrx_word' id='word_1_474' title='bbox 1081 4911 1254 4977; x_wconf 65' lang='lat' dir='ltr'><strong>connominari</strong></span> <span class='ocrx_word' id='word_1_475' title='bbox 1240 4927 1286 4964; x_wconf 92' lang='grc' dir='ltr'><strong>νον</strong></span> <span class='ocrx_word' id='word_1_476' title='bbox 1303 4907 1400 4982; x_wconf 81' lang='lat' dir='ltr'><strong>(deest</strong></span> <span class='ocrx_word' id='word_1_477' title='bbox 1416 4907 1437 4963; x_wconf 86' lang='lat' dir='ltr'><strong>f.</strong></span> <span class='ocrx_word' id='word_1_478' title='bbox 1455 4910 1557 4977; x_wconf 75' lang='grc' dir='ltr'><strong>ἀγαθόν</strong></span> <span class='ocrx_word' id='word_1_479' title='bbox 1574 4914 1606 4965; x_wconf 85' lang='lat' dir='ltr'><strong>et</strong></span> <span class='ocrx_word' id='word_1_480' title='bbox 1622 4907 1757 4981; x_wconf 74' lang='lat' dir='ltr'><strong>quiedam</strong></span> <span class='ocrx_word' id='word_1_481' title='bbox 1774 4909 1834 4966; x_wconf 76' lang='lat' dir='ltr'><strong>alia</strong></span> 
     </span>
     <span class='ocr_line' id='line_1_43' title="bbox 285 4983 1539 5066; baseline 0.01 -28"><span class='ocrx_word' id='word_1_482' title='bbox 285 4989 470 5054; x_wconf 74' lang='lat' dir='ltr'><strong>argumento,</strong></span> <span class='ocrx_word' id='word_1_483' title='bbox 482 4983 561 5056; x_wconf 86' lang='lat' dir='ltr'><strong>qnod</strong></span> <span class='ocrx_word' id='word_1_484' title='bbox 569 4985 613 5040; x_wconf 82' lang='lat' dir='ltr'><strong>eit</strong></span> <span class='ocrx_word' id='word_1_485' title='bbox 623 5003 655 5043; x_wconf 82' lang='lat' dir='ltr'><strong>ae</strong></span> <span class='ocrx_word' id='word_1_486' title='bbox 664 4985 696 5043; x_wconf 88' lang='lat' dir='ltr'><strong>in</strong></span> <span class='ocrx_word' id='word_1_487' title='bbox 704 5003 759 5042; x_wconf 79' lang='lat' dir='ltr'><strong>auo</strong></span> <span class='ocrx_word' id='word_1_488' title='bbox 768 4987 935 5045; x_wconf 77' lang='grc' dir='ltr'><strong>άίοκοείίσάο</strong></span> <span class='ocrx_word' id='word_1_489' title='bbox 943 4989 1037 5049; x_wconf 82' lang='lat' dir='ltr'><strong>inisse</strong></span> <span class='ocrx_word' id='word_1_490' title='bbox 1080 4993 1112 5048; x_wconf 87' lang='lat' dir='ltr'><strong>in</strong></span> <span class='ocrx_word' id='word_1_491' title='bbox 1124 4993 1189 5050; x_wconf 89' lang='lat' dir='ltr'><strong>loco</strong></span> <span class='ocrx_word' id='word_1_492' title='bbox 1202 4993 1338 5066; x_wconf 83' lang='lat' dir='ltr'><strong>evanido)</strong></span> <span class='ocrx_word' id='word_1_493' title='bbox 1351 4995 1539 5062; x_wconf 73' lang='grc' dir='ltr'><strong>ἐζελαῦνουσα.</strong></span> 
     </span>
     <span class='ocr_line' id='line_1_44' title="bbox 286 5067 1832 5155; baseline 0.009 -29"><span class='ocrx_word' id='word_1_494' title='bbox 286 5067 355 5127; x_wconf 78' lang='lat' dir='ltr'><strong>iaso</strong></span> <span class='ocrx_word' id='word_1_495' title='bbox 366 5072 479 5129; x_wconf 77' lang='lat' dir='ltr'><strong>calam</strong></span> <span class='ocrx_word' id='word_1_496' title='bbox 490 5077 686 5147; x_wconf 79' lang='lat' dir='ltr'><strong>prosecutum</strong></span> <span class='ocrx_word' id='word_1_497' title='bbox 1114 5100 1142 5138; x_wconf 85' lang='lat' dir='ltr'><strong>v.</strong></span> <span class='ocrx_word' id='word_1_498' title='bbox 1153 5081 1177 5136; x_wconf 81' lang='grc'><strong>1.</strong></span> <span class='ocrx_word' id='word_1_499' title='bbox 1191 5080 1409 5140; x_wconf 70' lang='grc' dir='ltr'><strong>θοοὸόοτουι.</strong></span> <span class='ocrx_word' id='word_1_500' title='bbox 1423 5097 1464 5151; x_wconf 79' lang='grc' dir='ltr'><strong>ιι,</strong></span> <span class='ocrx_word' id='word_1_501' title='bbox 1478 5083 1512 5139; x_wconf 78' lang='lat'><strong>12</strong></span> <span class='ocrx_word' id='word_1_502' title='bbox 1524 5083 1573 5140; x_wconf 83' lang='lat' dir='ltr'><strong>Pe.</strong></span> <span class='ocrx_word' id='word_1_503' title='bbox 1589 5099 1684 5155; x_wconf 77' lang='lat' dir='ltr'><strong>uun,</strong></span> <span class='ocrx_word' id='word_1_504' title='bbox 1696 5085 1722 5141; x_wconf 79' lang='lat'><strong>2.</strong></span> <span class='ocrx_word' id='word_1_505' title='bbox 1735 5081 1832 5142; x_wconf 82' lang='lat' dir='ltr'><strong>Series</strong></span> 
     </span>
    </p>

    <p class='ocr_par' dir='ltr' id='par_1_10' title="bbox 322 5157 1325 5241">
     <span class='ocr_line' id='line_1_45' title="bbox 322 5157 1325 5241; baseline 0.008 -27"><span class='ocrx_word' id='word_1_506' title='bbox 322 5174 351 5213; x_wconf 79' lang='lat' dir='ltr'><strong>v.</strong></span> <span class='ocrx_word' id='word_1_507' title='bbox 364 5158 393 5216; x_wconf 74' lang='lat'>2</span> <span class='ocrx_word' id='word_1_508' title='bbox 410 5157 479 5216; x_wconf 81' lang='lat' dir='ltr'><strong>Vat</strong></span> <span class='ocrx_word' id='word_1_509' title='bbox 497 5159 523 5232; x_wconf 83' lang='grc' dir='ltr'><strong>θ,</strong></span> <span class='ocrx_word' id='word_1_510' title='bbox 541 5161 584 5217; x_wconf 76' lang='grc'><strong>12.</strong></span> <span class='ocrx_word' id='word_1_511' title='bbox 602 5159 650 5216; x_wconf 83' lang='lat' dir='ltr'><strong>Ad</strong></span> <span class='ocrx_word' id='word_1_512' title='bbox 668 5159 746 5218; x_wconf 85' lang='lat' dir='ltr'><strong>hunc</strong></span> <span class='ocrx_word' id='word_1_513' title='bbox 758 5162 935 5222; x_wconf 80' lang='lat' dir='ltr'><strong>versiculum</strong></span> <span class='ocrx_word' id='word_1_514' title='bbox 952 5165 1036 5223; x_wconf 85' lang='lat' dir='ltr'><strong>codd.</strong></span> <span class='ocrx_word' id='word_1_515' title='bbox 1081 5183 1159 5241; x_wconf 71' lang='lat' dir='ltr'><strong>egre</strong></span> <span class='ocrx_word' id='word_1_516' title='bbox 1172 5166 1325 5224; x_wconf 84' lang='lat' dir='ltr'><strong>retexitur.</strong></span> 
     </span>
    </p>
   </div>
   <div class='ocr_carea' id='block_1_6' title="bbox 0 0 2008 6090">
    <p class='ocr_par' dir='ltr' id='par_1_11' title="bbox 0 0 2008 6090">
     <span class='ocr_line' id='line_1_46' title="bbox 0 0 2008 6090; baseline 0 1"><span class='ocrx_word' id='word_1_517' title='bbox 0 0 2008 6090; x_wconf 95' lang='lat' dir='ltr'><strong> </strong></span> 
     </span>
    </p>
   </div>
  </div>
 </body>
</html>
