4006 6090
962 433 1171 503 ORIGENES

850 677 1019 756 Psalmis
1045 672 1275 756 CXXXVI.
1344 734 1347 742 .

336 906 368 951 v.
379 885 490 953 2.Ἐπί
502 895 570 965 ταῖς
582 884 730 967 ίτέοιις,ἐν
744 884 829 973 μέσῳ
842 887 941 971 abed(
952 886 1039 970 ἑκρε-
1126 906 1158 950 ν.
1176 885 1265 950 1.Ικ
1284 885 1450 966 salicibus,
1477 886 1513 950 in
1534 882 1635 950 medio
1650 883 1731 964 ejus,
1756 901 1828 950 εαυ-

294 991 494 1078 μίισαμεντόι
510 989 739 1077 όργαναὴμῶν.
1078 991 1522 1074 μοιιόίοιιωοτρσιιανιοσίνα.

337 1091 468 1180 -Ἕτερός
484 1116 578 1182 φησι·
593 1095 725 1178 κιθόιρας
737 1093 836 1180 ἡμῶν,
859 1094 974 1172 ἄλλος·
988 1092 1041 1159 λό-
1132 1093 1284 1160 Citheron
1305 1098 1434 1160 nostros
1449 1111 1549 1172 unns,
1564 1093 1651 1156 alter
1666 1091 1760 1173 lyras
1774 1092 1833 1154 ait..

294 1222 360 1285 ρας.
380 1199 446 1264 Καί
460 1196 542 1277 τίνος
565 1201 671 1264 ἕνεκεν
686 1200 727 1262 τόι
742 1200 862 1283 όργοινα
884 1196 1040 1283 ἐπήγοντο
1085 1203 1128 1263 At
1143 1217 1218 1280 quae
1241 1215 1344 1262 causa
1358 1216 1420 1260 cnr
1439 1215 1554 1260 secum
1576 1214 1638 1260 sua
1657 1196 1835 1258 attulerint

294 1305 338 1382 εἰς
353 1301 571 1390 αἰχμαλωσίαν
583 1301 737 1386 ἀπιόντες,
755 1303 791 1367 οὐ
808 1299 976 1387 μέλλοντες
988 1303 1042 1366 αό-
1086 1321 1225 1383 organa,
1241 1304 1335 1366 nullo
1351 1303 1420 1366 illis
1435 1319 1502 1366 usu
1522 1300 1687 1379 habenda,
1703 1318 1780 1363 cnm
1798 1299 1832 1361 in

293 1417 358 1485 τοίς
372 1407 526 1492 χρησθοιι;
542 1405 761 1492 Οἰκονομεῖται
776 1409 945 1488 καὶτοῦτο,
961 1407 1042 1471 ὥστε
1085 1407 1316 1488 captivitatem
1333 1403 1547 1483 migrarent?
1572 1407 1624 1466 lta
1644 1405 1746 1466 etiam
1763 1419 1837 1483 pro·

294 1512 345 1578 ἐπί
359 1520 415 1596 της
437 1508 604 1595 ἀλλοτρίας
626 1512 712 1596 ἔχειν
734 1508 965 1597 ὑπερμνψματα
983 1520 1041 1596 της
1067 1511 1231 1591 'videtur,
1258 1514 1298 1574 nt
1323 1511 1359 1572 in
1386 1510 1499 1572 aliena
1521 1510 1662 1588 regione
1690 1507 1836 1570 habeant

294 1612 452 1692 πολιτείας
467 1623 525 1700 της
547 1614 673 1699 πρώτης
688 1617 743 1679 καί
766 1614 887 1701 μᾶλλον
909 1615 1040 1680 δόικνεσ-
1083 1616 1206 1696 prioris
1227 1616 1345 1697 patriae
1367 1621 1537 1696 superstes
1565 1616 1836 1688 monumentum,

298 1719 360 1802 θαι,
376 1719 509 1804 όρῶντες
524 1721 564 1785 τὰ
578 1718 721 1807 σόμόολα
735 1729 793 1807 της
806 1717 991 1805 θρησκείας.
1084 1719 1263 1800 magisque
1297 1719 1411 1782 animo
1444 1719 1640 1796 lanientur,
1667 1718 1838 1779 intuentes

1085 1823 1238 1907 symbola
1252 1821 1440 1902 religionis.

338 1950 370 1994 v.
388 1932 418 1994 3.
434 1924 506 1994 Ὅτι
521 1928 591 1994 ἐκεῖ
602 1928 813 2014 ἐπηρώτησαν
827 1929 913 2015 ἡμᾶς
928 1929 957 1992 οἱ
972 1929 1042 2014 αἰχ·
1130 1947 1163 1992 ν.
1180 1931 1210 2003 3.
1227 1928 1310 2003 Qrtio
1320 1926 1394 1990 illic
1405 1925 1767 2016 incunctantem,
1781 1923 1840 2004 ραι·

296 2031 552 2118 μαλωτεόσαντες
574 2032 659 2118 ἡμᾶς
682 2032 796 2119 λόγους
819 2034 916 2119 ι’ρδῶν,
937 2035 992 2097 καί
1013 2033 1043 2097 ot
1088 2030 1406 2114 captivaremur
1426 2046 1493 2108 που,
1513 2029 1615 2110 etqui
1637 2026 1840 2092 obducerent

295 2135 515 2221 ἀπαγαγόντες
539 2133 642 2222 ἡμᾶς·
670 2137 790 2222 ’ᾼοατε
817 2137 892 2224 ἡμῖν
918 2139 957 2203 ὲκ
983 2145 1045 2204 τῶν
1088 2155 1165 2202 uos:
1191 2139 1349 2218 Hymetto
1375 2138 1500 2200 οανιόαίο
1524 2133 1615 2197 nobis
1639 2131 1677 2196 dc
1703 2129 1840 2196 matois

297 2241 385 2326 ᾠδῶν
401 2239 493 2306 Σιών.
1089 2243 1178 2308 Sion.
1776 2279 1785 2300 ·

338 2344 462 2431 Ἔγνων
476 2346 540 2431 ἐγὼ
552 2347 607 2409 καί
619 2343 770 2432 δαίμονας
782 2344 979 2430 ἀναγκάζειν
994 2344 1045 2410 rt·
1133 2349 1178 2412 m
1203 2363 1268 2424 ego
1290 2345 1372 2409 novi
1396 2343 1566 2408 daemones
1589 2343 1648 2426 qui
1671 2341 1841 2420 urgebant

295 2469 362 2533 γειν
377 2448 520 2533 ψαλμοὺς
536 2451 591 2514 καὶ
606 2448 689 2534 ψδόις
704 2452 927 2535 πνευματικός,
944 2449 977 2517 ἐν
997 2451 1046 2528 αίς
1091 2451 1133 2514 ad
1159 2449 1350 2514 canendum
1372 2449 1519 2530 psalmos
1538 2452 1572 2511 et
1592 2449 1725 2512 cantica
1743 2446 1840 2527 spiri-

297 2555 363 2618 ἔστι
386 2573 432 2630 τις
447 2552 559 2638 ίντολη
575 2551 616 2636 ἣν
630 2550 821 2637 παρίόημεν,
838 2552 880 2631 ὡς
895 2555 934 2619 ἂν
949 2553 1044 2619 όικυό·
1091 2554 1241 2618 tualiain
1254 2553 1379 2634 quibus
1392 2553 1501 2615 inerat
1513 2551 1595 2633 quid
1606 2553 1757 2634 precepti
1769 2553 1838 2614 vio-

296 2679 383 2735 οντες
408 2656 637 2742 καταγελῶσιν,
665 2655 708 2733 ὡς
733 2657 888 2741 λεγόντων
914 2657 970 2722 καί
999 2657 1043 2742 μὴ
1089 2661 1197 2722 latum
1213 2676 1234 2721 a
1248 2655 1355 2737 nobis,
1374 2655 1514 2738 perinde
1534 2674 1574 2720 ac
1597 2657 1626 2720 si
1649 2672 1689 2719 ea
1704 2655 1841 2719 audien-

295 2763 484 2828 ποιούντων·
499 2761 546 2826 διὸ
558 2763 612 2828 καί
624 2761 721 2828 Δαυίδ
734 2759 829 2848 λέγει·
842 2759 897 2845 Μὴ
910 2780 1045 2845 καταγε-
1088 2767 1151 2842 tes,
1170 2760 1361 2824 deriderent
1375 2777 1446 2839 nos,
1461 2759 1574 2838 verba,
1590 2776 1659 2823 non
1677 2776 1780 2842 opera
1795 2758 1841 2821 fa·
1929 2799 1938 2816 .

299 2866 490 2934 λασόιτωσόιν
506 2888 565 2952 μου
580 2865 786 2952 ὑπερήφανοι.
1092 2867 1230 2931 cientes.
1247 2864 1325 2928 Ideo
1341 2863 1452 2928 David
1468 2863 1534 2926 ait:
1560 2865 1662 2928 «Non
1678 2882 1732 2927 mc
1755 2864 1842 2928 deri·

1093 2971 1195 3035 deant
1216 2970 1395 3052 superbi.»

341 3095 373 3139 v.
390 3076 420 3138 4.
437 3073 510 3151 Πῶς
525 3075 650 3160 ψσωμεν
673 3074 731 3160 την
752 3073 837 3160 ᾠδὴν
860 3067 982 3156 Κυρίου
999 3073 1050 3138 ἐπὶ
1137 3093 1169 3136 v.
1186 3075 1217 3136 4.
1237 3072 1390 3149 Qrtcmodo
1405 3071 1843 3140 communerationem

301 3186 361 3262 tlt
376 3173 562 3261 ἀλλοτρίας,
1094 3179 1178 3243 mini
1192 3177 1228 3240 iu
1245 3179 1335 3240 terra
1347 3176 1480 3242 eliceto?

342 3276 379 3347 Ὁ
394 3281 428 3346 ἐν
442 3281 541 3367 κακίᾳ
554 3281 686 3367 διοίγων,
711 3284 764 3348 ero
778 3291 838 3368 γῆς
850 3283 933 3352 ἐστιν
955 3282 1049 3348 ἀλλο·
1139 3282 1202 3358 Qui
1218 3282 1306 3344 male
1321 3282 1417 3361 vivit,
1434 3283 1469 3345 in
1492 3287 1583 3345 terra
1598 3284 1709 3348 aliena
1720 3287 1791 3347 est:
1816 3285 1842 3348 i-

299 3383 404 3470 τρίας·
419 3386 466 3450 διὸ
482 3387 518 3450 ob
534 3386 665 3452 δύναται
692 3387 809 3453 εἰπεῖν·
823 3387 912 3474 ’ᾼσω
927 3387 971 3472 τῷ
986 3385 1050 3451 Κυ-
1094 3386 1160 3450 deo·
1170 3385 1281 3449 dicere
1298 3403 1365 3448 non
1382 3386 1488 3449 valet:
1507 3408 1523 3446 ιι
1533 3386 1681 3466 Cantabo
1697 3387 1843 3450 Domino

300 3489 355 3574 ρίῳ
370 3488 612 3574 εὐεργετησαντί
627 3512 675 3576 με.
693 3490 764 3557 Τῶν
783 3493 845 3576 γόιρ
861 3489 1050 3570 ἐξελθόντων
1095 3491 1154 3574 qui
1169 3489 1335 3553 benefecit
1345 3489 1466 3552 mihi.»
1484 3491 1611 3552 Eorum
1624 3490 1714 3552 enim
1727 3491 1787 3572 qui
1800 3509 1843 3554 ex

299 3595 382 3659 ἐστίν
409 3595 471 3660 ἀπὸ
494 3593 610 3672 κακίας
633 3597 668 3660 τό
691 3595 812 3681 λέγειν·
835 3594 984 3680 ’ᾼσωμεν
1006 3595 1048 3680 τῷ
1094 3595 1225 3658 malitia
1236 3598 1370 3672 exeunt,
1379 3598 1431 3656 est
1442 3593 1528 3656 illud
1539 3594 1721 3658 canticum:
1735 3598 1842 3658 «Can-

180 3776 185 3788 ,
301 3695 417 3782 Κυρίῳ,
434 3697 565 3778 ἐνδόξως
580 3700 641 3785 γὰρ
657 3699 842 3779 δεδόξασται
856 3698 926 3763 κτλ.
1092 3705 1204 3762 temus
1225 3699 1383 3762 Domino:
1407 3697 1555 3774 gloriose
1571 3698 1662 3761 enim
1684 3693 1844 3778 magnili-

1093 3807 1189 3868 oatus
1206 3806 1297 3866 est.»

347 3928 379 3972 ν.
392 3912 422 3973 6.
435 3905 618 3992 Κολληθείη
631 3901 653 3990 ἡ
664 3907 795 3992 γλῶσσά
808 3928 867 3994 μου
879 3916 923 3994 τῷ
933 3907 1049 3993 λάρυγ-
1138 3926 1170 3970 v.
1199 3909 1228 3969 6.
1254 3905 1425 3970 Αιίίισνααί
1454 3902 1569 3986 linem
1594 3921 1665 3970 orco
1683 3905 1845 3988 saucibus

301 4010 335 4097 γί
349 4032 418 4096 μου,
436 4011 492 4076 ἐὰν
509 4009 551 4098 μή
568 4033 625 4076 σου
642 4011 778 4098 μνησθῶ.
1033 4089 1035 4094 Ι
1093 4011 1184 4090 oreb,
1203 4010 1271 4074 nisi
1285 4008 1458 4074 παννίκοιο
1473 4009 1533 4072 toi.

345 4112 391 4182 Ἢ
407 4120 461 4182 καὶ
476 4119 536 4203 οὺχ
552 4116 660 4194 όιπλῶς
675 4138 731 4182 σου
749 4119 942 4205 μνημονεύω,
960 4122 1048 4206 φησί,
1136 4118 1198 4179 Vel
1213 4116 1276 4179 hoc
1290 4131 1407 4178 sensu:
1429 4112 1521 4176 haud
1544 4114 1690 4196 simplici
1715 4117 1749 4177 te
1772 4133 1842 4178 me·

304 4221 601 4306 προανακροόσομαι
617 4219 651 4286 δέ
666 4243 702 4286 σε
718 4221 751 4286 ἐν
769 4225 875 4309 ὕμνοις
890 4245 924 4289 τε
940 4226 994 4288 καὶ
1010 4225 1050 4309 ψ·
1095 4222 1202 4285 moria
1223 4213 1378 4296 rec'clam,
1402 4217 1524 4300 inquit,
1548 4218 1606 4282 sed
1630 4224 1785 4300 prompta
1807 4224 1842 4284 te

336 4371 385 4426 Pa.
397 4387 524 4428 cxxxvt.
534 4388 562 4427 v.
569 4371 594 4424 2.
603 4367 694 4424 Oodd.
707 4369 801 4425 nostri
811 4371 836 4439 5,
847 4369 881 4425 16
891 4371 1051 4425 restituunt
1094 4373 1195 4426 nostro
1208 4365 1351 4423 oohaeret:
1369 4369 1425 4421 Οδκ
1442 4368 1553 4432 ἐφεῖται,
1566 4371 1636 4435 φησί,
1648 4369 1710 4436 ἡμῖν
1727 4367 1807 4435 ᾄδειν,
1820 4371 1844 4420 τί

302 4456 424 4527 Origeni
433 4455 512 4510 haud
522 4455 710 4510 temnendum
719 4455 870 4526 scholium,
878 4455 1050 4529 priscoOor·
1093 4461 1147 4525 γὰρ
1158 4459 1205 4510 καί
1221 4460 1269 4523 της
1280 4456 1406 4520 πατρίδος
1423 4455 1589 4521 όξεπὲοομον,
1607 4455 1681 4508 ἀλλὰ
1697 4457 1744 4508 τόν
1762 4457 1844 4521 νόμον

302 4543 377 4600 darii
400 4559 547 4615 anonymo
566 4541 674 4612 datum,
699 4560 786 4614 quem
810 4558 888 4616 saepe
910 4542 1051 4599 Nostrum
1094 4545 1206 4611 μένομεν
1219 4545 1411 4608 διατηροῦντες.
1423 4543 1500 4604 Είδες
1512 4541 1657 4608 φιλόσοφον
1668 4543 1756 4610 ψυχὴν
1773 4557 1843 4609 γινο-

301 4646 365 4688 osse
378 4627 550 4685 deteximus.
563 4627 607 4682 Of.
620 4628 713 4685 Field.
727 4645 760 4699 11,
773 4630 833 4686 290.
1095 4633 1174 4700 μόνην
1187 4631 1239 4683 ἀπὸ
1252 4629 1300 4694 τὴς
1311 4629 1429 4696 θλίψεως
1440 4631 1488 4680 καί
1498 4628 1664 4695 δψηλοτόραν
1676 4632 1728 4682 τῶν
1742 4632 1841 4682 δεινῶν.

337 4735 364 4774 ν.
377 4717 403 4770 3.
416 4716 483 4772 Vat.
497 4717 521 4771 5.
536 4714 702 4786 Integriora
713 4723 783 4772 sunt
795 4734 883 4788 quam
895 4715 973 4790 apud
990 4717 1050 4772 BB.
1131 4715 1222 4770 “Non
1233 4713 1311 4782 licet,
1323 4711 1427 4784 inquit,
1439 4711 1525 4768 nobis
1537 4729 1649 4768 canere.
1659 4713 1725 4768 Etsi
1737 4713 1815 4770 enim
1824 4733 1844 4769 a

302 4821 368 4876 ηοω
380 4801 499 4874 quidem
510 4806 641 4858 veterem
658 4801 847 4875 hymnodiam
860 4809 1007 4874 revocant,
1021 4809 1051 4860 et
1094 4801 1191 4875 patris
1208 4800 1377 4868 excidimus,
1396 4799 1493 4869 legem
1509 4804 1608 4854 tamen
1625 4805 1768 4872 perpetuo
1786 4819 1844 4858 ser·

304 4891 422 4964 sapiunt
449 4890 561 4962 priscos
579 4889 669 4944 eremi
687 4895 804 4962 patres,
823 4907 947 4962 quorum
964 4891 1052 4964 primi
1095 4905 1206 4945 eamus.
1226 4885 1336 4944 Vidisti
1353 4885 1482 4941 animam
1501 4884 1655 4958 sapientiae
1675 4886 1846 4956 studiosam,

303 4977 390 5033 facile
401 4975 520 5031 fuerunt
532 4993 569 5032 ex
581 4973 782 5030 Alexandrina
794 4975 903 5032 schola
1095 4972 1368 5044 calamitatibusque
1379 4970 1590 5044 superiorem„
1604 4972 1848 5046 Ghrysoetcmuru
1891 4983 1894 4990 '

338 5081 367 5118 v.
379 5063 405 5116 4.
418 5062 485 5119 Vct.
498 5061 707 5131 5,16.Ps.1.v1,
720 5062 745 5116 3.
759 5061 925 5132 Exodxrx,
937 5064 960 5119 1.
972 5064 1050 5120 Omi·
1095 5065 1166 5134 ψυχὴ
1176 5063 1322 5128 φιλόσοφος
1335 5057 1442 5132 sapuit,
1451 5058 1510 5114 nisi
1520 5060 1686 5134 tropologia
1698 5062 1849 5120 emicaret.

306 5153 409 5205 serunt
420 5147 469 5202 BB
479 5146 801 5217 scholiolumcorderii,
812 5149 889 5219 quod
901 5150 1050 5210 satiacum
1130 5169 1158 5208 v.
1172 5149 1197 5204 6.
1211 5149 1278 5206 Vct.
1291 5147 1316 5202 ό.
1330 5146 1419 5232 Marc.
1434 5161 1476 5218 tx,
1490 5147 1533 5202 43.
