3966 6108
832 465 1039 534 musculus
1187 525 1189 530 s
1276 497 1281 508 ν
1646 467 1711 531 sto

156 605 246 693 ᾆσμα
262 604 348 692 ᾄδειν
370 613 414 692 τῷ
429 603 556 692 Κυρίῳ·
578 604 715 672 ἐνταῦθα
736 603 808 691 δίη
825 607 907 692 αῦτη
954 624 1080 673 novum
1096 625 1217 672 canere
1240 607 1400 675 Domino:
1421 607 1476 672 hic
1495 623 1575 672 vero
1598 610 1707 674 eidem

156 721 200 799 γῆ
216 710 409 798 σαλευθῆναι
430 709 604 793 κελιόεται,
626 713 683 776 καί
706 710 767 797 οὐχ
789 710 907 792 ἁπλῶς,
957 718 1056 775 terrm
1085 711 1282 793 praecipitur
1311 715 1350 773 ut
1382 716 1574 792 moveatur,
1606 711 1709 793 idque

158 816 244 882 ἀλλὰ
257 818 318 910 πρὸ
334 815 502 901 προσώπου
517 817 625 882 αὐτοῦ.
957 834 1026 880 non
1039 817 1112 880 sine
1128 815 1252 896 addito,
1264 833 1385 898 nempe
1401 817 1615 898 inconperta
1628 817 1708 896 ejor.

202 920 268 987 Καὶ
282 920 387 987 πάλιν.
404 920 484 986 Τότε
508 918 739 1004 σαλευθῆσεται
754 916 818 982 ἀπό
833 937 908 1002 προ·
1000 921 1045 984 ut
1058 937 1188 986 rursus.
1204 923 1290 984 Tum
1306 921 1574 985 commovebitur
1588 939 1609 983 a
1624 921 1711 984 facie

158 1025 265 1092 σώπου
281 1027 379 1090 αθτοῦ
394 1025 519 1110 πῦσαῆ
535 1033 589 1112 γῆ,
605 1033 662 1110 τῆς
673 1021 781 1090 ἐνθέου
796 1021 910 1107 έπιφα-
955 1021 1031 1103 ejus
1054 1025 1215 1090 universa
1235 1030 1337 1106 terra,
1354 1026 1490 1108 quondo
1510 1027 1628 1091 divina
1643 1027 1713 1108 epi-

157 1127 243 1206 νσίας
258 1130 356 1194 αὐτοῦ
380 1127 592 1214 ἀνακινοόσης
606 1131 644 1193 τό
662 1136 726 1192 παν
741 1133 908 1211 στοιχεῖον,
954 1127 1081 1210 phania
1093 1129 1332 1211 quodcumque
1340 1131 1415 1211 ejus
1424 1133 1630 1196 elementum
1643 1149 1712 1196 mo·

159 1231 201 1310 ώς
218 1231 364 1315 αίσθησιν
379 1229 487 1297 λαθεῖν
501 1239 560 1317 τῆς
575 1231 672 1296 αὐτοῦ
687 1224 872 1315 παρουσίας.
955 1231 1057 1310 vehit,
1074 1249 1114 1294 ao
1125 1233 1154 1296 si
1167 1231 1240 1313 ejus
1255 1237 1471 1315 praesentiam
1487 1252 1590 1300 sensu
1607 1236 1712 1316 perci·

203 1335 271 1402 Καί
284 1337 390 1404 πόλιν.
406 1335 498 1422 Πλὴν
510 1335 595 1401 ἀλλὰ
606 1343 729 1422 πρώτον
742 1333 911 1400 σαλεόεται
959 1342 1067 1420 peret.
1688 1409 1691 1420 Ι

158 1439 221 1506 ἀπὸ
243 1439 413 1525 προσώπου
435 1439 543 1521 αὐτοῦ,
571 1437 626 1504 εἶθ’
640 1441 770 1524 ὕστερον
795 1456 910 1521 κατορ·
999 1443 1187 1507 utiterum.
1202 1444 1447 1506 Verumtamen
1469 1444 1618 1525 primum
1634 1461 1712 1509 eou-

158 1545 268 1612 θοῦται
283 1544 338 1609 ἀπ’
351 1545 459 1625 αὐτοῦ,
471 1544 642 1628 δηλοῦντος
656 1551 713 1608 τοῦ
727 1541 824 1628 λόγου
840 1561 910 1608 συν-
954 1547 1084 1610 entitur
1095 1563 1116 1610 a
1127 1545 1211 1610 facie
1224 1545 1307 1626 eius,
1320 1546 1440 1611 deinde
1454 1548 1496 1612 ab
1513 1565 1551 1612 eo
1567 1550 1709 1628 corrigi·

157 1647 281 1715 τέλειον
303 1657 437 1734 πρώτον,
461 1651 533 1714 είτα
551 1651 610 1736 τῆν
633 1649 685 1714 ἐπὶ
707 1650 743 1714 τό
766 1657 910 1734 κρεῖττον
955 1655 1026 1714 tur:
1043 1667 1110 1731 quo
1125 1667 1281 1714 sermone
1297 1651 1488 1714 ostenditur
1498 1667 1712 1717 consumma-

159 1752 349 1839 μεταόσλὴν,
365 1753 406 1838 ῆν
429 1751 615 1838 παρίστησιν
629 1755 686 1818 καί
707 1751 725 1817 ό
743 1749 910 1838 προφήτης
955 1755 1003 1818 tic
1018 1755 1179 1835 primum,
1198 1760 1272 1817 tum
1288 1753 1409 1818 deinde
1430 1757 1575 1820 mutatio
1591 1758 1625 1820 iu
1642 1775 1711 1821 me·

158 1855 280 1945 λέγων·
302 1860 417 1922 Ἔσται
437 1857 454 1922 ό
477 1857 610 1942 οῦρανός
631 1859 738 1936 καινός
760 1859 815 1922 καί
830 1855 851 1940 η
867 1865 909 1943 γῆ
954 1859 1032 1938 lius,
1045 1875 1148 1940 quam
1162 1858 1321 1939 proponit
1331 1875 1466 1941 quoque
1481 1860 1645 1943 prophete
1657 1861 1708 1924 di·

157 1962 264 2046 κοινῆ,
280 1960 303 2025 δ
318 1961 381 2046 ἐγώ
404 1970 484 2026 ποιῦ
501 1959 604 2046 μένειν
627 1960 759 2028 ἐνώπιόν
775 1981 845 2047 μου,
861 1957 912 2024 λέ·
955 1979 1052 2027 cens:
1068 1963 1168 2025 «Erit
1182 1962 1307 2026 coelum
1319 1978 1446 2028 novum
1463 1969 1497 2028 et
1508 1970 1600 2028 terra
1611 1981 1710 2046 nova,

158 2085 210 2152 γει
224 2063 350 2150 Κύριος.
366 2063 459 2151 Πλὴν
474 2063 559 2129 ἀλλὰ
574 2065 629 2128 καὶ
644 2063 695 2129 ἐπὶ
709 2073 767 2149 τῆς
782 2060 910 2148 πρώτης
956 2082 1032 2146 qum
1053 2081 1120 2146 ego
1143 2065 1266 2128 faciam
1288 2081 1486 2146 permanere
1507 2085 1621 2132 coram
1644 2087 1709 2149 me,

158 2176 215 2234 τοῦ
230 2176 373 2253 σωτῆρος
394 2168 486 2255 ῆμῦιν
508 2167 655 2254 ἀφίξεως,
678 2166 830 2254 πρότερον
853 2168 910 2253 μέν
955 2167 1038 2232 dicit
1049 2169 1252 2232 Dominus.»
1266 2171 1424 2233 Attamen
1437 2172 1540 2234 etiam
1552 2173 1587 2236 in
1599 2175 1711 2254 primo

159 2273 316 2358 ἐσαλεύθη
332 2272 354 2358 η
370 2282 413 2359 γῆ
431 2271 472 2352 ώς
488 2273 528 2338 ἂν
543 2272 624 2338 εἴποι
637 2292 704 2349 τις·
719 2270 910 2357 έσαλεώθηῆ
956 2273 1140 2336 salvatoris
1152 2275 1258 2336 nostri
1271 2271 1431 2354 adventu,
1439 2275 1534 2356 prius
1542 2280 1633 2340 terra
1642 2293 1712 2340 mo-

160 2377 260 2460 πόλις,
273 2387 335 2444 τῦν
345 2380 405 2465 τῆν
416 2377 507 2444 πόλιν
522 2377 690 2444 οίκοόντυν
701 2379 783 2443 otro
797 2376 912 2462 δηλου-
955 2380 1068 2455 tuest,
1091 2377 1182 2440 siout
1204 2378 1281 2458 quis
1303 2377 1444 2441 dixerit:
1468 2386 1636 2444 commota
1659 2386 1711 2446 est

162 2480 281 2567 μένων·
296 2486 351 2548 τόν
366 2484 461 2548 αῦτδν
476 2483 538 2568 γὰρ
553 2483 670 2568 τρόπον
685 2482 715 2548 οἱ
729 2483 788 2568 την
801 2490 863 2570 γῆν
875 2483 912 2547 ό·
956 2481 1087 2560 civitas,
1096 2480 1229 2544 civibus
1237 2481 1357 2545 urbem
1369 2483 1641 2549 inhabitantibus
1648 2487 1712 2551 hoc

161 2606 268 2652 πασαν
282 2587 450 2670 οίκοῦντες,
466 2587 517 2652 έπί
533 2596 572 2672 τῆ
589 2586 673 2672 ἀκοῆ
689 2595 744 2652 τοῦ
761 2586 912 2672 Σωτῆρος
957 2586 1055 2649 modo
1071 2585 1269 2649 declaratis:
1292 2586 1452 2650 similiter
1470 2589 1561 2651 enim
1581 2590 1640 2670 qui
1664 2594 1713 2653 to·

161 2688 362 2776 έσείσθησαν,
378 2689 559 2775 κινηθέντες
582 2689 634 2756 έπὶ
653 2699 697 2778 τῷ
719 2691 791 2776 περὶ
814 2691 912 2756 αὐτοῦ
955 2693 1026 2752 tam
1049 2693 1176 2753 terram
1203 2690 1368 2771 incolunt,
1394 2691 1512 2755 audita
1534 2709 1617 2756 voce
1641 2695 1712 2758 Sal-

160 2794 351 2884 κηρόγματι.
955 2795 1093 2875 vetoris,
1116 2795 1272 2860 concussi
1286 2801 1377 2876 sunt,
1395 2813 1436 2860 ex
1454 2795 1528 2878 ejus
1544 2799 1713 2879 praeccnio

955 2900 1125 2963 commoti.

208 3003 273 3068 Τοῦ
303 3004 400 3069 αὐτοῦ
426 3000 581 3069 Εόσεόίσυ
607 3000 722 3080 ἄλλως.
749 2999 815 3066 Καί
847 3004 910 3088 γόιρ
1000 3002 1156 3084 Eiusdem
1170 3002 1309 3068 unsrun
1323 3001 1425 3069 aliter·
1442 3037 1480 3051 -
1500 3005 1632 3071 Είοθόαι
1646 3025 1713 3073 cor-

163 3105 355 3192 κατώρθυσε
377 3108 435 3194 τῆν
457 3105 665 3192 οίκουμένην,
696 3104 822 3193 δηλαδὴ
852 3109 912 3192 τῆν
955 3107 1044 3172 remit
1067 3106 1171 3172 orbem
1197 3112 1301 3187 terre,
1335 3108 1495 3174 videlicet
1524 3112 1711 3176 Ecclesiam

162 3209 338 3295 ἐκκλησίαν
354 3212 461 3292 αὐτοῦ,
473 3212 542 3297 ῆτις
554 3212 591 3274 οῦ
602 3207 849 3294 σαλευθῆσεται·
862 3231 912 3276 τε-
956 3228 1066 3289 suom,
1086 3228 1163 3292 qum
1179 3228 1246 3274 non
1268 3214 1552 3280 commovebitur:
1570 3216 1712 3281 fundata

160 3312 345 3399 θεμιλίιυται
358 3315 421 3402 γόιρ
437 3314 487 3380 ἐπὶ
502 3316 561 3399 την
575 3312 702 3397 πέτραν.
719 3310 911 3398 Διδασκόμε-
957 3313 1050 3376 enim
1066 3316 1118 3376 est
1132 3331 1236 3394 supra
1251 3319 1393 3396 petram.
1409 3317 1581 3383 Discimus
1595 3325 1710 3386 autem

161 3417 202 3484 θα
224 3418 259 3482 δὲ
278 3416 460 3484 ἀπώθεσθαι
481 3420 540 3504 τὴν
562 3419 718 3503 σαρκικην
733 3417 788 3481 καί
803 3415 909 3504 γεώδη
956 3434 1121 3480 carneum
1136 3422 1171 3480 et
1185 3423 1359 3484 terrenum
1370 3422 1476 3484 animi
1489 3422 1656 3505 deponere
1664 3425 1713 3489 ai·

160 3520 299 3588 διίιθεσιν
320 3522 373 3586 ἐπὶ
394 3531 438 3609 τῷ
459 3523 675 3608 πνευματικὴν
700 3521 757 3587 καί
778 3520 912 3606 ίπουρά-
956 3520 1093 3601 fectum,
1110 3524 1150 3583 ut
1163 3521 1378 3602 spiritualem
1391 3529 1425 3587 et
1436 3527 1607 3591 coelestem
1619 3529 1713 3594 hobi-

159 3645 225 3691 νιον
241 3625 304 3705 ἕξιν
320 3623 508 3692 ἀναλαόεῖν·
530 3624 657 3710 ἀληθῦς
671 3626 734 3711 γὰρ
756 3625 796 3690 δν
818 3633 911 3689 τοῦτο
956 3629 1030 3688 tum
1058 3642 1283 3689 assumamus.
1307 3628 1460 3709 Namque
1483 3647 1564 3694 vera
1586 3635 1622 3695 in
1648 3634 1713 3698 hoc

97 3715 101 3722 ⁴
159 3730 208 3814 είη
225 3731 261 3794 τό
277 3729 470 3815 σαλευθῆναι
492 3732 551 3816 τῆν
572 3739 644 3818 γῆν,
660 3731 696 3794 τό
712 3729 757 3806 είς
779 3729 911 3813 οὐρανόν
956 3729 1022 3793 erit
1042 3732 1141 3792 terrae
1160 3730 1350 3810 commotio,
1373 3731 1403 3794 si
1426 3734 1503 3797 coeli
1526 3737 1708 3819 participes

160 3832 349 3920 μεταόαλεῖν
370 3833 426 3898 καὶ
450 3832 583 3919 φορέσαι
597 3835 656 3920 την
678 3833 789 3898 εἰκόνα
809 3841 866 3897 τσῦ
880 3831 910 3898 έ·
955 3832 1077 3913 effecti,
1089 3832 1276 3911 imaginem
1292 3837 1439 3902 coelestis
1451 3839 1517 3904 viri
1532 3841 1711 3906 circumfe-

160 3936 341 4024 πουρανίου.
957 3953 1084 4000 ramus.

204 4041 270 4109 Καὶ
284 4043 389 4110 πόλιν.
406 4039 521 4108 Παθῦν
535 4044 599 4130 γόιρ
618 4045 674 4108 καί
689 4043 727 4108 ἐκ
742 4049 860 4127 νεκρών
876 4041 911 4107 ἀ·
1000 4042 1045 4105 ut
1057 4041 1187 4105 ι’ίοτιακ.
1203 4041 1339 4105 Etenim
1351 4061 1472 4126 possus
1484 4052 1550 4111 eto
1567 4050 1710 4114 mortuis

161 4149 288 4231 ναστόις,
304 4145 507 4214 έόασίλευσεν
522 4149 556 4214 έν
577 4157 642 4227 τοῖς
657 4148 786 4231 ἔθνεσιν,
806 4147 911 4213 είπών·
956 4159 1151 4224 resurgens,
1167 4147 1328 4223 regnavit
1339 4149 1375 4210 in
1387 4151 1560 4233 gentibus,
1577 4153 1713 4218 dicens:

161 4249 277 4336 Ἐδόθη
294 4272 346 4337 μοι
362 4259 451 4316 πᾶσα
466 4248 594 4330 ἐξουσία
607 4251 641 4317 έν
657 4251 780 4337 οὐρανῷ
790 4253 846 4316 καί
860 4251 913 4316 es
959 4248 1076 4311 «Data
1091 4252 1142 4311 esi
1164 4248 1250 4313 mihi
1270 4252 1381 4315 omnis
1401 4258 1551 4334 potestas
1566 4257 1601 4320 in
1624 4261 1710 4322 eoelo

160 4361 231 4438 γῆς,
254 4351 420 4440 γινομένου
442 4354 552 4420 λοιπόν
574 4363 630 4419 τοῦ
651 4352 837 4441 θελήματος
856 4364 912 4420 τοῦ
957 4356 992 4415 et
1006 4352 1042 4414 in
1058 4355 1150 4416 terra
1161 4373 1191 4432 ν,
1215 4369 1254 4416 eo
1270 4355 1382 4434 magis
1398 4358 1488 4439 quod
1511 4361 1573 4423 Dei
1588 4363 1710 4427 volun-

162 4457 246 4525 Θεοῦ
261 4457 303 4534 ώς
317 4458 352 4522 ἐν
367 4456 488 4543 οὐρανῷ
504 4458 560 4521 καί
574 4455 625 4521 έπί
640 4465 712 4543 γῆς.
957 4460 1009 4519 tas
1025 4455 1065 4518 fit
1082 4456 1148 4521 «in
1163 4463 1254 4522 terra
1269 4459 1360 4523 sicut
1375 4461 1410 4525 in
1426 4465 1553 4528 coelo.»

206 4559 317 4648 Κρινεῖ
325 4561 423 4639 λαοὺς
434 4562 469 4628 έν
481 4561 634 4644 εὐθύτητα
648 4555 810 4628 Ἕκαστον
823 4561 856 4627 έν
868 4571 913 4649 τῷ
1001 4559 1167 4626 Iudicabit
1184 4563 1323 4644 populos
1348 4563 1386 4628 iu
1401 4567 1561 4648 cqoitme,
1591 4589 1716 4636 uuum·

59 4655 60 4660 ἵ
162 4664 229 4752 ἰδίιρ
243 4665 379 4752 τάγματι
394 4665 540 4748 δικάζων,
558 4664 684 4751 ἐπείπερ
699 4665 734 4731 έν
748 4675 843 4731 πᾶσιν
859 4667 914 4730 αὐ-
958 4680 1129 4747 quemque
1156 4667 1191 4729 in
1217 4685 1280 4729 sua
1307 4669 1414 4732 classe
1431 4669 1600 4754 judicans,
1623 4681 1713 4757 post-

162 4781 228 4849 τοϊς
242 4770 415 4857 ἀναγγελεῖ
427 4769 593 4856 θαυμάσια
609 4771 716 4853 αὐτοῦ,
737 4771 796 4835 σῦκ
810 4771 844 4836 έν
861 4769 914 4856 μό·
959 4785 1063 4851 quam
1086 4770 1155 4832 iilis
1175 4770 1332 4836 omnibus
1348 4774 1519 4838 mirabilia
1540 4797 1603 4842 sua
1626 4797 1717 4844 uun-
1847 4788 1850 4798 ’

161 4896 205 4962 νην
219 4875 254 4938 δὲ
268 4883 312 4960 νῷ
326 4871 476 4959 Ἰσραήλ·
490 4881 592 4958 κρινεῖ
604 4873 639 4938 δὲ
651 4873 766 4951 αὐτοὺς
781 4875 815 4939 έν
827 4873 914 4939 εὐθό-
961 4877 1109 4956 tiaverit,
1129 4893 1196 4939 non
1212 4877 1275 4940 scii
1289 4877 1472 4944 israelitico
1495 4886 1629 4964 populo.
1653 4889 1674 4949 J
1679 4905 1715 4949 u-

163 5002 243 5066 τητι,
257 4977 294 5044 οὐ
304 4980 346 5045 τόι
356 4979 436 5065 ἔργα
452 4977 555 5063 μόνον,
573 4974 658 5042 ἀλλὰ
672 4977 727 5042 καί
738 4979 798 5064 τὴν
812 4977 915 5044 διάθε-
960 4980 1090 5044 dicabit
1103 4984 1218 5043 autem
1231 4998 1288 5044 eos
1304 4983 1339 5045 in
1353 4984 1522 5067 equitate,
1536 5005 1603 5052 non
1616 4993 1715 5056 modo

167 5107 216 5152 σιν
232 5086 335 5151 αὐτῶν
350 5081 516 5163 έξετόζών.
961 5102 1075 5166 opera,
1091 5084 1151 5148 sed
1166 5100 1285 5149 eorum
1302 5093 1474 5155 scrutatus
1489 5094 1693 5162 voluntates.

209 5211 241 5256 ν.
261 5193 311 5256 12.
328 5186 514 5274 Χαρησεται
530 5188 571 5253 τόι
585 5185 678 5252 πεδία
690 5189 745 5252 καλ
760 5185 864 5254 πάντα
875 5188 916 5253 τόι
1008 5207 1039 5252 ν.
1058 5189 1109 5252 12.
1129 5187 1317 5259 tuomum
1337 5195 1443 5278 campi
1463 5201 1495 5262 et
1514 5202 1624 5268 omaro
1648 5217 1719 5287 γιαῦ
