4008 6094
840 432 883 494 IN
905 433 1091 496 assinos
1689 439 1731 502 65

196 568 281 651 λεὺς,
297 569 369 634 οθδέ
392 568 567 655 ἀρχιερεὺς,
592 567 663 634 οὐδὲ
679 566 855 653 προφήτης,
871 567 943 634 ἀλλ’
988 571 1136 653 amplius
1154 573 1268 654 itaque
1283 575 1339 637 vei
1355 591 1424 654 rex,
1437 576 1491 639 vel
1508 577 1665 661 princeps
1678 582 1738 640 aut

196 673 269 738 οὐδὲ
283 681 477 760 γραμματεῖς
488 674 543 738 καί
555 672 724 757 Φαρισαῖοι
735 674 789 737 καὶ
805 673 943 739 Σαδδου-
988 676 1152 755 sacerdos,
1165 679 1218 739 vel
1234 677 1408 758 propheta,
1420 679 1478 741 sed
1491 681 1733 760 nequeScribae

196 787 282 842 καίοι
302 777 376 862 παρ’
394 778 499 855 αὐτοῖς
522 775 608 842 είσίν.
632 775 679 842 Οὐ
702 779 765 863 μὴν
786 778 840 841 καί
863 777 942 846 ἀπο·
989 783 1023 842 et
1034 779 1195 844 Pharisaei
1206 799 1246 844 ao
1258 781 1432 845 Sadducaei
1443 783 1532 864 apud
1547 785 1635 865 ipsos
1643 792 1735 848 sunt.

196 879 369 966 κτανθηναί
384 901 496 965 φησιν·
512 881 558 946 διὸ
574 879 766 965 συνέστηκεν
788 882 890 946 αὐτῶν
905 884 942 946 τὸ
988 885 1230 948 Verumtamen
1253 900 1321 948 non
1352 887 1439 967 petit
1462 891 1501 949 ut
1523 887 1736 968 occidantur;

195 981 297 1070 γένος,
311 985 366 1049 καί
381 994 442 1049 τῦν
456 983 576 1049 παιδῦν
590 982 612 1067 ἡ
627 985 761 1072 διαδοχὴ
782 985 941 1072 πληθῦνει.
987 992 1191 1069 quapropter
1207 993 1241 1051 et
1255 1005 1366 1067 genus
1383 1007 1501 1054 eorum
1518 991 1686 1072 subsistit,
1704 996 1739 1056 et

196 1085 243 1154 Οὐ
264 1091 327 1174 γὰρ
344 1088 597 1173 απεκτάνθησαν,
621 1089 686 1155 οὐδ’
712 1089 746 1170 ἐξ
771 1089 944 1175 ἀνθρώπων
988 1091 1173 1155 liberorum
1188 1093 1357 1158 successio
1381 1095 1641 1176 multiplicatur.
1664 1097 1738 1159 Non

195 1191 390 1278 άπέσδησαν,
407 1192 479 1258 ἀλλ’
494 1195 554 1259 εἰσί
570 1195 626 1279 μὲν
640 1197 694 1258 καί
717 1193 941 1280 ὑρεστηκασιν,
988 1197 1079 1258 enim
1102 1196 1271 1260 interfecti
1286 1203 1377 1277 sunt,
1393 1215 1504 1280 neque
1529 1215 1571 1260 en
1593 1197 1738 1262 homini·

195 1299 293 1377 οὕτως
307 1300 343 1364 δὲ
358 1297 400 1377 ὡς
416 1295 687 1384 καταθεδλημίνοι
701 1301 756 1364 καί
775 1319 943 1385 κατενηνε-
988 1299 1052 1381 bus
1060 1298 1172 1379 deleti,
1180 1301 1240 1364 sed
1247 1305 1328 1365 sunt
1339 1300 1476 1382 quidem
1489 1306 1524 1366 et
1534 1302 1737 1381 consistunt,

194 1399 303 1488 γμένοι
315 1403 356 1487 ης
370 1401 470 1468 πάλαι
491 1401 622 1488 ηξιῦντο
644 1405 733 1488 παρὰ
752 1402 824 1490 Θεῷ
838 1411 942 1489 τιμῆς·
985 1407 1221 1466 verumtamen
1239 1407 1415 1486 tamquam
1433 1403 1549 1485 rejecti
1569 1423 1608 1470 ac
1623 1405 1736 1471 detru-

195 1504 299 1572 Ἀλλθι
312 1507 368 1571 καί
389 1504 610 1591 διασκάρπισον
630 1507 754 1588 αὐτοὺς,
778 1508 883 1591 φησίν,
908 1506 942 1571 ἐν
987 1507 1017 1568 si
1033 1505 1075 1569 ab
1091 1505 1217 1570 honore
1233 1523 1342 1588 quem¹
1357 1509 1439 1572 olim
1455 1527 1476 1571 a
1490 1510 1560 1572 Deo
1582 1510 1737 1575 obtinue-

195 1619 234 1696 τῇ
249 1608 379 1695 δυνάμει
400 1629 475 1673 σου·
490 1609 508 1673 δ
523 1608 563 1694 δη
580 1611 634 1674 καί
648 1606 788 1696 γέγονεν.
805 1607 861 1687 Είς
882 1617 942 1673 πᾶ-
988 1614 1078 1674 runt.
1106 1612 1193 1687 Quin
1220 1616 1251 1677 ct
1271 1611 1418 1695 alienorae
1439 1611 1527 1693 illac,
1554 1614 1675 1695 inquit,
1697 1615 1736 1679 ia

194 1733 254 1779 σαν
276 1714 389 1790 αἰετοὺς
412 1710 568 1778 σκέδασον
588 1714 647 1799 τὴν
670 1709 868 1798 οἰκουμένην,
886 1713 941 1777 καί
986 1714 1108 1778 cirtatc
1129 1717 1195 1795 aa,
1212 1715 1432 1797 quodutique
1455 1719 1557 1780 etiam
1580 1703 1738 1796 contigit.

196 1815 330 1902 ποίησον
352 1815 511 1901 σποράδας
531 1818 586 1881 καί
610 1815 817 1902 μετανάστας,
832 1815 942 1902 ἐπειδὴ
987 1819 1050 1882 Per
1077 1819 1275 1884 universum
1310 1820 1425 1884 orbem
1452 1837 1509 1885 eos
1537 1822 1734 1902 dissemina,

194 1923 279 1988 κατὰ
289 1929 347 1986 σοῦ
360 1919 535 2008 κέχρηνται
549 1920 721 2006 συμφωνίᾳ.
744 1920 782 1987 Τί
803 1922 838 1986 δὲ
861 1921 941 2006 αὐτη
986 1938 1188 2004 sparsosque
1203 1922 1257 1986 fac
1273 1923 1349 1987 illos
1366 1929 1400 1988 et
1413 1925 1632 2008 palabundos,
1653 1928 1736 2007 quia

194 2024 352 2110 διδάσκεις
986 2029 1152 2090 contrata
1167 2017 1451 2108 conspirationem
1467 2035 1623 2108 egerunt.
1644 2031 1733 2107 Quid
1762 2091 1764 2098 ,

236 2127 354 2215 Ἑτέρα
367 2128 403 2194 δέ
417 2129 535 2214 γραφὴ,
551 2126 620 2193 ἀντὶ
634 2137 709 2192 τοῦ·
725 2125 769 2212 μή
785 2147 862 2192 ποτε
878 2127 942 2193 ἐπι·
987 2132 1101 2192 autem
1125 2130 1198 2210 ipsa
1216 2130 1314 2194 docet
1336 2134 1531 2214 Scriptura?
1553 2135 1630 2199 Alia
1652 2151 1733 2199 vero

194 2233 350 2300 λάθωνται
364 2242 420 2298 τοῦ
442 2232 537 2319 νόμου
552 2253 619 2314 σου,
642 2241 698 2297 τοῦ
721 2231 801 2297 λαοῦ
817 2252 874 2297 σου
889 2253 943 2296 ιτε-
987 2234 1087 2297 lectio
1113 2251 1173 2315 pro
1198 2235 1373 2317 Ncqaaada
1395 2237 1627 2304 odliaiscaatar
1648 2236 1733 2322 lacis

195 2335 311 2423 ριέχει·
327 2337 354 2402 εἰ
375 2338 438 2422 γὰρ
458 2336 542 2422 ἦσαν
562 2334 596 2415 ἐξ
618 2333 789 2420 ἀνθρώπων
811 2335 943 2421 άφανισ-
987 2342 1059 2417 tac,
1083 2339 1233 2402 continet
1253 2340 1370 2421 ρορτιίί
1391 2341 1451 2406 tai.
1475 2343 1558 2406 Nam
1581 2343 1610 2405 si
1634 2341 1736 2406 deleti

195 2439 310 2524 θέντες,
326 2441 473 2527 μηδαμοῦ
485 2441 636 2526 μηδαμῶς
648 2441 681 2505 ἐν
694 2439 760 2526 ζωῇ
774 2440 871 2522 ὄντες,
884 2441 943 2505 οὐκ
988 2446 1100 2507 essent
1115 2460 1156 2506 ex
1173 2443 1378 2526 hominibus,
1394 2445 1442 2508 ita
1461 2451 1501 2511 ut
1515 2446 1638 2511 nullibi
1663 2448 1733 2512 ullo
1782 2480 1786 2488 ·

195 2545 235 2610 ἂν
250 2545 342 2628 είδον,
366 2546 453 2630 φησί,
476 2548 530 2610 τὸν
545 2543 620 2629 έμδν
643 2543 731 2626 λαδν,
748 2544 814 2609 οὐδ’
835 2545 874 2610 ἂν
890 2545 942 2630 έγ·
986 2545 1084 2610 modo
1105 2547 1139 2610 in
1155 2548 1243 2611 vivis
1259 2552 1382 2628 essent,
1406 2547 1496 2613 haud
1513 2552 1660 2630 nossent,
1685 2551 1735 2613 in-

194 2669 299 2714 νωσαν
312 2647 469 2714 ἀνθοῦσαν
490 2651 549 2734 την
563 2648 644 2734 έμὴν
666 2646 852 2733 ἐκκλησίαν.
868 2645 941 2714 Δια-
988 2652 1072 2732 quit,
1088 2653 1251 2733 populum
1275 2669 1399 2733 meum,
1423 2671 1532 2735 neque
1556 2654 1739 2719 scivissent

195 2749 479 2837 mecoenatiana
494 2753 607 2829 αῦτοὺς
623 2751 793 2837 άπανταχη
805 2761 876 2838 γης,
894 2753 941 2818 έν·
988 2756 1173 2821 Ecclesiam
1189 2773 1299 2820 meam
1315 2755 1735 2840 θοσετο.1ιυηωεάι”.ιρει·ρι

194 2855 235 2921 θα
258 2853 366 2942 μέλλει
387 2853 478 2939 καὶὴ
502 2852 658 2940 ἐκκλησία
675 2853 887 2937 συνίστασθαι,
911 2858 942 2922 δ-
986 2859 1064 2925 illos
1075 2860 1225 2942 undique
1238 2864 1416 2942 terrarum,
1426 2862 1485 2925 ubi
1496 2863 1648 2926 Ecclesia
1661 2879 1737 2926 mea

195 2981 261 3038 πως
277 2957 444 3045 βλέποντες
464 2959 524 3045 την
538 2956 591 3023 ὑπ’
606 2958 683 3042 ἐμοῦ
701 2957 941 3044 θεμελιωθεῖσαν
986 2963 1223 3028 constituenda
1237 2967 1298 3044 est,
1315 2968 1354 3027 ut
1368 2981 1446 3028 cum
1461 2964 1609 3029 viderint
1623 2965 1737 3029 Eccle-

194 3060 378 3148 ἐκκλησίαν,
400 3063 444 3140 εἰς
466 3062 564 3146 ζηλον
585 3062 727 3148 έρχοιντο
751 3059 940 3142 θεοσεδείας.
987 3068 1073 3131 siam
1095 3083 1116 3129 a
1139 3083 1193 3129 me
1217 3065 1403 3148 fundatam,
1425 3068 1469 3131 ad
1491 3067 1600 3132 divini
1622 3070 1736 3134 cultus

195 3166 319 3235 Οὐκοῦν
332 3169 386 3233 καὶ
400 3175 501 3232 ταῦτα
515 3166 532 3232 ὁ
547 3168 654 3252 σωτηρ
669 3167 746 3252 ὑπὲρ
768 3169 869 3234 αὐτῶν
884 3171 941 3254 ηῦ-
988 3170 1212 3234 imitationem
1228 3171 1423 3234 incitentur.
1447 3173 1600 3236 Salvator
1622 3171 1738 3254 itaque

196 3293 283 3359 χετο.
988 3289 1048 3352 pro
1064 3273 1146 3353 ipsis
1162 3272 1233 3336 hac
1248 3273 1352 3336 etiam
1368 3276 1514 3351 rogavit.

239 3397 271 3441 v.
297 3377 347 3456 13,
377 3376 427 3440 14.
450 3371 626 3460 Ἅμαρτίαν
648 3373 802 3461 στόματος
829 3377 941 3459 αὐτῶν,
1032 3377 1196 3455 v.13,14.
1213 3377 1382 3440 Peccatum
1397 3377 1466 3441 ocis
1480 3393 1599 3457 corana,
1620 3394 1737 3442 sermo

194 3478 289 3565 λάχον
303 3475 436 3565 χειλέων
457 3479 578 3543 αῦτῦν·
596 3479 651 3542 καί
673 3477 943 3564 συλληρθητωσαν
986 3497 1058 3546 acm
1073 3479 1232 3545 labiorum
1243 3495 1371 3560 εοιυικ,·
1383 3485 1415 3546 ct
1432 3480 1739 3562 comprehendantur

195 3582 230 3649 ἐν
244 3591 283 3668 τῇ
299 3580 499 3667 ὑπερηφανίᾳ
521 3583 632 3646 αὐτῶν.
656 3581 721 3647 Καί
736 3581 769 3662 ἐξ
785 3583 864 3668 άρᾶς
887 3586 942 3648 καί
986 3585 1024 3649 ιἰι
1037 3583 1188 3667 capacia
1201 3601 1276 3664 ῦιιῦς
1289 3588 1322 3648 ct
1333 3583 1371 3649 dc
1384 3585 1582 3650 castratione
1596 3591 1628 3651 ct
1648 3603 1735 3650 caca-

195 3685 329 3770 ψειίδους
341 3683 601 3770 διαγγελήσονται
614 3683 797 3769 συντέλειαι,
814 3687 847 3752 έν
863 3688 941 3774 ὀργῇ
986 3689 1076 3755 dacia
1091 3688 1371 3754 aaaaaacaanr
1386 3691 1682 3770 casamaatiaas,
1700 3691 1738 3754 ia

196 3787 386 3872 συντελείας,
409 3789 523 3854 καλοῦ
547 3790 590 3874 μὴ
614 3787 782 3874 ὑπάρξωσι.
986 3795 1042 3858 ira
1055 3792 1348 3872 conclamationis,
1364 3797 1445 3858 ctae
1459 3794 1610 3859 aaistaat.

240 3891 372 3971 Ἄλλος·
384 3890 559 3978 Ἀμαρτίαν
571 3892 724 3979 στόματος
736 3897 837 3959 αὐτῶν
848 3892 942 3980 λόγον
1031 3899 1128 3962 Alius
1136 3897 1267 3962 scribit:
1283 3899 1452 3962 Peccatum
1463 3898 1658 3979 orisaomaa,
1670 3915 1736 3964 scr·

196 3995 327 4084 χειλέων
343 3999 463 4062 αῦτῦν·
489 3994 789 4081 καταληφθήσονται
810 3998 844 4064 ἐν
870 3999 942 4065 ὑπε-
986 4001 1735 4083 ικυιισικίαθὶυικιιιιζουοινιιιιῶιραιίιειιάειιίυα

194 4098 343 4186 ρηφανίᾳ,
358 4101 414 4164 καὶ
436 4098 469 4180 ἐξ
485 4099 564 4185 άρᾱς
579 4102 634 4164 καί
652 4098 861 4185 ἐξαρνήσεως
876 4100 942 4185 διη·
987 4107 1025 4170 ia
1035 4104 1196 4187 snperbia,
1213 4109 1244 4170 ct
1257 4105 1295 4171 dc
1308 4107 1506 4172 cataractam
1524 4110 1556 4170 ct
1569 4108 1736 4190 acaatioac

193 4203 365 4290 γήσονται·
389 4201 528 4287 τέλεσον,
552 4204 586 4268 ἐν
615 4203 702 4291 χθλιμ
724 4203 863 4288 τέλεσον,
887 4207 941 4270 καὶ
986 4208 1218 4274 mamaea.
1254 4211 1416 4290 Oanaamc,
1437 4211 1476 4276 ia
1496 4211 1551 4276 ira
1574 4229 1731 4293 coasamc,

194 4309 255 4394 οὐχ
284 4306 488 4394 ὑπάρχουσιν.
512 4307 702 4394 Σύμμαχος·
727 4308 775 4394 Ta
803 4309 942 4396 άμαρτίρι
986 4319 1019 4380 ct
1038 4332 1102 4379 aaa
1122 4313 1312 4380 ῦιιέείιίιιιιί.
1336 4316 1575 4397 Symmachus:
1604 4317 1736 4382 Peccata

193 4421 249 4478 τοῦ
268 4411 423 4497 στάματος
442 4413 555 4496 αὐτῶν,
572 4412 653 4497 άράν
667 4415 721 4478 καί
744 4413 859 4498 ψεῦδος
881 4412 939 4478 λα-
987 4418 1056 4484 aas
1071 4434 1210 4482 caram...
1227 4420 1473 4484 αασιονῦίίοιισιιι
1488 4424 1520 4484 ct
1539 4419 1739 4486 aaraaaam

194 4515 331 4594 λοῦντες.
355 4515 549 4583 Συντέλεσον
571 4516 605 4581 ἐν
626 4515 721 4602 θυμῷ,
746 4514 941 4602 συντέλεσον,
987 4522 1158 4604 loquaces.
1176 4522 1514 4604 Coasamciasarora,
1534 4540 1689 4604 caesana,
1709 4530 1741 4590 et

193 4621 248 4686 καί
263 4621 322 4685 οὐκ
337 4618 424 4686 είσίν.
989 4641 1055 4689 aaa
1068 4630 1155 4690 caat,

237 4724 340 4790 Πάλιν
363 4724 527 4790 κάνταῦθα
551 4727 610 4810 την
634 4723 737 4790 αἰτίαν
759 4724 939 4811 παρίστησι.
1033 4731 1160 4792 Rursus
1191 4729 1247 4793 hic
1273 4730 1376 4792 etiam
1406 4748 1544 4795 causam
1567 4733 1733 4811 assignat.

194 4828 252 4896 Διὰ
263 4828 294 4894 τί
302 4831 365 4916 γὰρ
376 4839 476 4894 ταῦτα
487 4829 597 4895 παθεῖν
612 4831 726 4908 αὐτοὺς
741 4829 831 4916 ἠξίου
846 4831 942 4918 ἀναγ-
988 4833 1056 4896 Gur
1070 4833 1161 4894 enim
1177 4833 1250 4896 haec
1274 4833 1362 4914 ipsos
1378 4835 1448 4916 pati
1472 4838 1662 4900 necessario
1686 4855 1737 4900 ro·

194 4931 301 5014 καίως,
327 4933 467 4998 διδάσκει
492 4930 610 5018 λέγων·
633 4933 672 4998 δι’
694 4933 849 5020 ἁμαρτίαν
871 4936 941 5002 στά-
988 4940 1114 5016 gasset,
1138 4935 1234 5000 docet
1267 4936 1399 5002 dicens:
1422 4940 1559 5020 Proper
1584 4940 1736 5006 delictam

194 5058 292 5122 ματος
305 5039 409 5102 αθτῦν
423 5039 478 5101 καί
500 5037 552 5101 διά
566 5035 661 5122 λόγον
676 5036 809 5124 χειλέων
828 5042 940 5106 αὐτῶν.
988 5043 1056 5108 arta
1070 5059 1178 5108 carcaa
1192 5048 1224 5108 ct
1232 5047 1368 5125 propter
1381 5060 1556 5110 sarmatam
1578 5044 1736 5111 labiorum

194 5141 258 5208 Kal
281 5139 526 5227 ἐπιθαυμάσαι
549 5145 584 5208 τὸ
607 5140 733 5226 ἀκριδές
756 5150 812 5226 της
835 5153 890 5210 τοῦ
906 5142 941 5210 ά-
989 5148 1141 5228 incoram.
1157 5148 1259 5228 Atqui
1281 5148 1508 5229 praedictionis
1531 5151 1639 5215 sancti
1662 5153 1733 5232 Spi-

273 5263 486 5326 namucum,
507 5248 525 5303 ῦ
