4006 6090
720 473 764 542 IN
786 473 987 540 PSALMUM
1011 475 1145 540 CXVIII
1656 479 1720 544 ³07

180 610 229 686 Οίι
244 608 357 684 ’ταύτὸν
371 608 407 684 δά
422 614 505 683 ἔστιν
519 615 567 682 τά·
581 612 698 701 Κρίνον
709 635 758 702 με,
781 624 835 702 τῷ·
851 612 927 701 Κρί-
968 634 1026 682 me.
1043 619 1181 682 Minime
1199 616 1289 682 idem
1305 620 1375 682 est:
1392 615 1509 698 judica
1523 636 1588 701 me,
1612 620 1716 686 idem·

177 743 231 791 νον
242 721 411 810 τὴνκρίσιν
424 742 493 808 μου.
506 717 667 799 Ἕκαστος
678 721 713 785 δὲ
723 729 785 788 τῶν
794 717 925 806 εὐχομέ·
970 739 1052 804 que:
1076 720 1194 788 Jucicc
1219 720 1384 802 jmciom
1405 737 1517 787 πιαοιιι.
1541 724 1585 786 nt
1610 737 1714 812 unus·

176 847 238 893 νων
253 827 305 892 διά
319 823 348 890 τί
361 824 453 890 ἁίλει
469 825 550 909 {nau
565 823 603 890 ‘0
620 825 676 911 μὲν
691 825 820 909 φαῦλος,
837 823 876 888 δι’
889 820 926 908 ἠ·
969 830 1113 910 quisque
1133 845 1249 891 eorum
1264 827 1324 908 qni
1342 826 1576 908 deprecantur,
1593 828 1716 910 quade

175 930 281 1017 δονήν,
308 931 360 996 ίνο
381 930 486 1014 αὐτῆς
508 927 675 1014 ἀπολαύῃ·
697 927 715 992 ὁ
737 928 773 992 δὲ
795 925 924 1010 δίκαιος,
968 933 1131 995 revivere
1143 933 1238 995 vulti
1252 931 1435 1012 improbus,
1450 935 1586 1012 propter
1599 933 1717 1013 volup·

176 1034 229 1100 διά
243 1032 455 1116 δικαιοσύνην.
967 1035 1082 1114 tatem,
1099 1038 1138 1097 ut
1154 1052 1194 1098 ea
1208 1034 1358 1114 truatur3
1369 1033 1496 1114 justus,
1512 1038 1648 1116 propter
1660 1034 1717 1115 ju·

219 1157 252 1203 v.
279 1139 351 1219 155,
381 1139 453 1202 156.
480 1133 703 1220 ricapecora
730 1133 924 1220 ἁμαρτωλῶν
967 1137 1107 1200 stitiam.

176 1238 325 1326 σωτηρία,
342 1239 389 1304 άτι
403 1240 444 1304 τά
462 1238 662 1325 δικαιώματά
677 1257 734 1304 σου
750 1239 808 1303 οὐκ
818 1235 924 1323 ἐξεζή·
1012 1259 1044 1305 v.
1060 1243 1131 1321 155,
1148 1243 1219 1304 156.
1232 1241 1337 1324 coepe
1350 1257 1371 1306 a
1378 1241 1713 1323 proceritatemne,

176 1365 288 1430 τηοον.
304 1342 343 1409 Oi
357 1339 510 1429 οἰκτιρμοί
524 1362 581 1408 σου
604 1339 725 1424 πολλοὶ,
741 1339 850 1425 Κύριε,
866 1361 924 1406 κα-
968 1345 1046 1425 qnia
1054 1345 1307 1428 justificationes
1318 1351 1392 1410 toas
1406 1363 1470 1410 που
1483 1349 1715 1430 reponimus.

176 1450 268 1514 τὰτά
283 1445 381 1533 κρῖμά
396 1466 453 1511 σου
468 1444 566 1531 ζῶσάν
583 1466 631 1531 με.
967 1448 1194 1512 Μάιοοοίίοαου
1216 1452 1277 1512 tue
1298 1448 1416 1528 οιιοῐιο,
1435 1451 1582 1531 Domine,
1607 1468 1717 1518 ιοοιιοι-

220 1550 356 1636 Μακρὰν
379 1550 443 1614 άπὸ
468 1548 664 1634 ἁμαρτωλῶν
689 1544 841 1634 σωτηρία.
866 1546 924 1612 Aac
966 1551 1043 1616 dom
1057 1551 1222 1632 judiciem
1243 1555 1335 1616 tuom
1356 1553 1488 1635 vivifico
1508 1572 1567 1619 me.

176 1652 225 1740 ti,
248 1656 296 1719 ὅτι
310 1655 352 1719 τά
364 1651 563 1738 δικαιώματα
577 1662 632 1717 τοῦ
647 1652 731 1720 Θεοῦ
746 1652 806 1716 οὐκ
815 1648 922 1734 &fiebi-
1010 1657 1115 1737 ὗοπρο
1146 1671 1168 1720 α
1194 1642 1416 1736 ροοοοίοιίάιιο
1442 1657 1544 1722 καίτοι.
1575 1659 1716 1732 Quare?

176 1778 289 1843 τησαν.
302 1756 344 1823 Et
356 1777 401 1833 τις
415 1758 477 1842 γὰρ
492 1757 533 1821 τά
544 1743 742 1841 δικαιώματα
754 1756 849 1821 αὐτοῦ
865 1757 924 1820 οὐκ
970 1761 1052 1837 Qtoic
1059 1757 1313 1842 jemtfficntiooes
1328 1760 1390 1822 Dei
1404 1777 1467 1823 ιουπ
1481 1761 1715 1841 accederunt.

175 1859 313 1946 λκζητει,
336 1859 449 1925 τούτου
473 1858 597 1944 μακράν
620 1857 747 1942 ἐστινὴ
771 1855 921 1943 σωτηρία,
967 1867 1002 1928 Si
1024 1867 1100 1946 quis
1123 1865 1214 1928 enim
1238 1862 1310 1942 ejus
1334 1879 1400 1926 non
1424 1865 1547 1944 quaerit
1571 1862 1713 1945 judicia,

175 1962 323 2048 δηλονότι
344 1965 362 2028 b
385 1961 474 2040 Θεός.
492 2000 533 2011 -
549 1962 589 2029 Ei
611 1965 665 2028 καί
691 1963 816 2049 μακράν
839 1962 923 2028 ἐστιν
967 1970 1084 2032 abillo
1100 1969 1217 2048 procul
1233 1968 1401 2046 estsalus,
1418 1984 1538 2048 nempe
1554 1968 1654 2031 Deus.
1675 2002 1716 2014 -

175 2067 239 2133 ἀπὸ
261 2066 456 2153 ἁμαρτωλῶν
481 2067 503 2152 ἡ
531 2062 681 2152 σωτηρία,
706 2065 790 2134 ἀλλά
811 2061 924 2130 πολλοί
968 2072 1193 2147 Quantumvis
1216 2073 1355 2149 longea
1376 2071 1607 2152 peccatoribus
1626 2073 1719 2137 salus

175 2175 253 2239 τίσιν
275 2172 304 2237 οἱ
326 2173 479 2256 οἰκτιρμοί
494 2171 624 2257 Κυρίου,
648 2171 691 2250 ὡς
711 2174 783 2249 τοὺς
799 2173 923 2258 μακράν
967 2178 1033 2256 sit,
1069 2193 1188 2238 verum
1223 2176 1339 2239 multae
1373 2179 1454 2238 sunt
1480 2177 1719 2241 misericordia

174 2275 269 2363 ἐγγὺς
283 2273 431 2363 γενέσθαι
446 2275 605 2342 δύνασθαι.
968 2280 1115 2360 Domini,
1138 2279 1221 2342 adeo
1237 2283 1276 2342 ut
1298 2279 1359 2360 qui
1374 2279 1492 2358 procul
1507 2283 1597 2359 sunt,
1613 2296 1715 2361 prope

490 2457 494 2466 ¹
968 2401 1041 2448 esse
1064 2386 1200 2466 queant.

218 2501 251 2547 v.
278 2483 350 2548 157.
374 2481 493 2548 Πολλοί
519 2481 549 2548 οἱ
574 2481 778 2562 ἐκδιῶκοντίς
804 2502 844 2569 με
868 2484 924 2548 καὶ
1010 2506 1041 2549 v.
1061 2487 1133 2550 157.
1149 2485 1252 2550 Multi
1273 2484 1331 2568 qui
1345 2490 1589 2568 persequuntur
1602 2503 1662 2568 me,
1686 2491 1719 2552 et

175 2584 338 2664 ἁλίδοντές
353 2608 403 2672 με,
420 2586 458 2652 ίκ
468 2595 529 2652 τῶν
542 2587 716 2673 μαρτυρίων
732 2607 789 2653 σου
804 2589 863 2653 οὐκ
877 2587 924 2668 ἐξ·
967 2589 1126 2654 scinne
1146 2605 1258 2667 οπερ-α
1280 2588 1561 2656 cerimoniarum
1581 2607 1646 2654 con
1666 2589 1717 2655 de·

179 2688 298 2756 ἐιιλινα.
966 2692 1100 2758 cliccci.

217 2793 340 2872 Πάντες
354 2793 384 2859 οἱ
397 2793 547 2874 θέλοντες
557 2794 617 2880 ζῆν
633 2794 767 2874 τῦστὸῶς
779 2795 814 2862 ἐν
825 2794 922 2880 Χρισ-
1013 2819 1030 2858 ι
1058 2800 1180 2862 Omnes
1214 2797 1274 2877 qui
1307 2797 1363 2878 pie
1385 2798 1505 2861 volunt
1537 2798 1652 2862 vivere
1679 2799 1716 2863 in

174 2904 218 2984 τῷ
231 2896 471 2984 διωχθήσονται.
487 2898 542 2986 Μὴ
559 2899 683 2978 πάντως
694 2901 729 2964 δὲ
744 2903 816 2978 τοὺς
832 2899 922 2987 διωγ-
966 2902 1109 2981 (ihrIstQ
1125 2901 1393 2982 persecutionem
1416 2901 1624 2982 patientur.»
1642 2905 1716 2967 Non

176 3005 254 3089 μοὺς
268 3005 342 3081 τοὺς
363 3001 476 3083 ἔξωθεν
497 3003 668 3090 προσδοκρ,
685 3003 770 3069 ἀλλά
791 3003 921 3090 διωγμοὶ
965 3022 1098 3086 semper
1120 3005 1374 3086 persecutiones
1400 3004 1443 3068 ab
1477 3010 1573 3069 extra
1601 3004 1717 3087 justus

174 3106 225 3171 ἁιὶ
239 3107 283 3192 τῷ
299 3107 409 3192 δικαίῳ
423 3105 570 3193 γίνονται,
587 3106 699 3187 ἔξωθεν
715 3106 825 3194 μάχαι,
844 3108 921 3174 ἔσω·
966 3113 1147 3191 exspectat,
1169 3109 1228 3173 sed
1244 3110 1493 3189 persecutiones
1511 3111 1563 3174 illi
1583 3129 1716 3193 sempor

174 3210 227 3278 θτν
242 3210 341 3297 peter.
354 3210 524 3278 Διῶκουσιν
540 3213 572 3277 αἱ
588 3212 733 3298 δυνάμεις
745 3211 778 3276 αἱ
789 3207 921 3278 άντικεί-
967 3214 1175 3278 excitantur:
1202 3213 1326 3276 «Foris
1349 3230 1486 3294 pugnae,
1503 3214 1595 3280 intus
1617 3217 1716 3279 timo·

175 3337 276 3402 μεναι,
291 3326 432 3384 κινοῦσαι
446 3319 523 3402 πρὸς
538 3313 704 3403 ἁμαρτίαν,
721 3317 773 3382 διά
787 3314 920 3400 οἰκείων,
966 3335 1060 3381 res».
1076 3319 1161 3380 Nem
1168 3319 1351 3397 potestates
1362 3316 1493 3382 infestae
1508 3337 1716 3403 persequun-

174 3423 227 3488 διά
248 3423 395 3507 γυναικὸς
419 3420 558 3508 μαχίμου
573 3442 607 3486 τε
631 3424 686 3486 καί
705 3420 921 3507 γλωοσὼδσυς,
965 3425 1032 3500 tur,
1047 3420 1091 3483 ad
1107 3424 1282 3502 peccatum
1300 3419 1473 3486 trahentes
1492 3439 1551 3502 per
1569 3423 1714 3488 familia-

173 3527 214 3592 δι’
225 3523 347 3591 οἰκέτου
371 3525 520 3606 ἀτάκτου,
536 3525 575 3590 δι’
586 3523 701 3608 ἑτέρων
723 3523 858 3607 πολλῶν,
882 3523 921 3588 δι’
965 3543 1029 3604 res,
1042 3541 1101 3605 per
1116 3540 1256 3586 uxorem
1272 3540 1465 3604 pugnacem
1478 3530 1512 3588 et
1526 3528 1714 3608 loquacem,

175 3633 279 3696 αὐτῶν
294 3632 355 3696 τῶν
370 3629 623 3716 ἁμαρτημάτων·
638 3630 694 3693 καί
708 3629 764 3695 ἐὰν
780 3630 823 3714 μὴ
840 3628 922 3714 άχω·
965 3647 1025 3710 μοι
1047 3644 1184 3692 servum
1201 3627 1471 3708 incompositum,
1485 3645 1544 3710 per
1558 3631 1627 3692 alia
1641 3632 1716 3711 plu·

172 3733 304 3821 νίσωμαι
317 3733 512 3820 ὁμολογῆσαι
525 3741 569 3819 τῷ
579 3732 651 3818 Θεῷ
662 3732 714 3797 διὰ
725 3740 783 3817 τῆς
797 3752 918 3816 σωφρο-
965 3734 1062 3812 rima,
1084 3750 1144 3813 per
1166 3732 1240 3811 ipsa
1261 3735 1407 3811 peccata.
1423 3733 1468 3796 Et
1482 3733 1549 3796 nisi
1575 3733 1611 3798 in
1634 3751 1717 3815 ago-

172 3838 268 3924 σὺνης
290 3838 427 3902 καὶτῶν
449 3836 567 3903 λοιπῶν
589 3835 919 3922 άρετῶν,άρνησίθεος
964 3854 1008 3899 ne
1036 3836 1224 3918 persistam,
1255 3851 1315 3916 pro
1341 3835 1410 3898 Deo
1441 3835 1613 3901 confessus
1653 3856 1714 3919 per

172 3941 307 4030 γίνομαι,
323 3943 428 4026 ῶσπερ
450 3942 505 4006 καὶ
530 3939 680 4026 γεγόνασί
701 3959 781 4018 τινες
805 3939 919 4026 μάριυ-
965 3941 1156 4006 castitatem
1183 3943 1217 4002 et
1241 3942 1378 4002 caeteras
1403 3939 1569 4020 virtutes,
1604 3943 1713 4006 Deum

173 4067 235 4132 ρες.
251 4044 343 4111 Οὕτω
358 4043 546 4122 τοσαυτάκις
565 4066 611 4122 τις
625 4040 746 4130 γίνεται
761 4042 917 4128 [δίκαιος]·
966 4063 1065 4126 nego,
1081 4049 1121 4110 ut
1142 4044 1295 4109 fecerunt
1318 4046 1420 4108 etiam
1443 4047 1600 4110 nonnulli
1623 4065 1711 4112 mar·

136 4141 140 4149 ’
171 4150 282 4228 ὁσάκις
310 4150 371 4234 γάρ
395 4149 434 4213 ἂν
457 4147 616 4234 ἔξιχνιάζῃ
647 4165 693 4226 τις
719 4155 781 4213 τῶν
805 4148 920 4234 μαρτύ-
964 4155 1067 4234 tyres.
1091 4153 1153 4231 Ita,
1169 4166 1279 4231 neque
1295 4150 1362 4212 alin
1385 4148 1483 4214 modo
1506 4151 1584 4232 quis
1598 4150 1638 4215 fit
1655 4151 1711 4232 jn·

173 4277 236 4342 ρων
258 4257 299 4321 τά
321 4250 535 4340 ἀγωνίσματα,
558 4260 668 4337 σκοπῶ
690 4261 747 4338 τῆς
762 4250 870 4338 ὁμοίας
887 4252 921 4317 ά·
964 4261 1048 4321 stus.
1082 4255 1219 4329 Quoties
1253 4254 1343 4317 enirn
1374 4253 1500 4336 aliquis
1525 4255 1713 4335 investigat

173 4357 326 4444 θλήοιως,
339 4360 430 4435 οὗτος
440 4356 629 4434 τοσαυτάκις
643 4351 761 4442 γίνεται
774 4367 830 4422 τοῦ
838 4356 921 4424 eaeo
965 4363 1155 4441 martyrum
1178 4357 1376 4436 certamina,
1392 4373 1431 4420 eo
1453 4355 1521 4421 fine
1544 4360 1585 4420 ut
1605 4360 1711 4423 simili

173 4463 300 4550 μάρτυς.
315 4459 444 4539 Ὁσάκις
465 4481 500 4526 τε
523 4461 583 4526 ὑπὸ
606 4459 767 4547 δυνάμεων
789 4460 921 4526 άντικει-
965 4463 1095 4526 ratione
1111 4462 1269 4540 decertet,
1287 4461 1346 4524 ille
1368 4461 1470 4524 toties
1485 4459 1524 4524 fit
1545 4462 1607 4524 Dei
1623 4480 1710 4526 mar-

173 4566 273 4655 μίνων
294 4563 441 4632 διῶκεται
466 4566 521 4629 καί
543 4564 604 4650 οὐχ
625 4564 768 4651 ἡττᾶται,
785 4565 857 4630 οὐδὲ
880 4584 922 4630 νι-
965 4572 1029 4650 tyr.
1054 4567 1099 4630 Et
1120 4566 1252 4647 quoties
1278 4568 1422 4628 vexatur
1445 4565 1488 4628 ab
1510 4565 1713 4632 adversariis

171 4680 267 4736 καται
289 4667 420 4736 πάθεσιν
435 4666 569 4754 ἀτιμίας,
585 4670 640 4734 καὶ
654 4677 736 4754 νικᾷ.
753 4668 830 4753 Περί
852 4668 922 4734 rod·
964 4670 1199 4753 potestatibus,
1215 4685 1283 4732 non
1299 4667 1479 4747 subjicitur
1491 4674 1553 4734 aut
1563 4671 1714 4736 vincitur

171 4796 227 4841 του
239 4773 366 4851 Παῦλος
377 4782 432 4838 τοῦ
445 4769 617 4860 μαρτυρίου
632 4771 844 4858 φησί·Τσῦτο
858 4771 921 4858 γάρ
965 4773 1179 4858 passionibus
1210 4773 1418 4852 ignominia,
1445 4773 1504 4836 sed
1534 4775 1711 4841 victoriam
1771 4779 1773 4784 ’

171 4879 238 4946 tcta
259 4879 295 4942 τὸ
317 4875 473 4963 καύχημα
493 4876 594 4963 ἡμῶν,
614 4879 650 4942 τὸ
673 4875 843 4962 μαρτύριον
864 4885 921 4963 τῆς
965 4881 1124 4962 reportat.
1146 4879 1195 4941 De
1217 4893 1285 4957 quo
1308 4877 1471 4958 martyrio
1493 4880 1621 4943 Paulus
1640 4882 1710 4945 ait:
1847 4925 1857 4944 .

209 5043 237 5083 v.
251 5025 310 5096 155,
324 5025 384 5082 156.
397 5024 503 5082 vast
964 5024 1051 5094 ravit,
1063 5041 1098 5080 ac
1109 5039 1163 5097 pro
1182 5027 1315 5095 tempore
1325 5022 1415 5095 pacis,
1435 5024 1542 5083 leviter
1558 5043 1593 5084 oa
1608 5029 1714 5101 porde-

208 5130 236 5169 ν,
250 5112 310 5168 157.
333 5111 400 5167 Vnt.
414 5128 454 5169 rr.
468 5111 483 5166 1
505 5110 571 5168 Tim
584 5127 629 5170 ιιι.
645 5111 686 5167 12.
701 5111 811 5170 rocoa
825 5128 878 5184 vn,
896 5113 920 5184 1,
964 5111 1009 5170 vit
1021 5128 1087 5185 quaa
1098 5115 1220 5167 cruenta
1231 5109 1309 5165 belle
1320 5109 1503 5171 adumbrant
1521 5113 1580 5174 Sed
1596 5115 1645 5174 hic
1662 5137 1713 5193 ps·

172 5196 404 5270 5,1200rdario
417 5197 444 5254 si
454 5197 527 5256 fldes
540 5197 588 5270 sit,
600 5197 664 5256 hnc
675 5196 820 5272 Didymus
832 5197 921 5257 deflo-
964 5203 1009 5258 tet
1021 5215 1119 5256 coram
1132 5215 1222 5256 ατοιιο
1233 5201 1405 5272 martynum.
