4036 6090
827 368 870 432 IN
890 369 1080 434 assinos
1278 421 1282 436 .
1669 368 1729 429 135

191 505 258 593 τῷή,
275 505 411 587 ζωύοεις
432 505 517 593 ἡμᾶς
540 507 583 584 εἰς
606 509 659 573 τὸν
681 506 839 595 μέλλοντα
863 507 938 593 χρὸ-
986 511 1022 573 in
1038 509 1170 573 Christo
1188 529 1217 587 ν,
1241 509 1431 573 vivificabis
1447 526 1507 572 nos
1531 511 1731 591 intempore
1814 553 1817 557 ι

189 631 253 678 νον.
272 649 311 658 -
336 609 548 695 Ζωυπσιήσεις
570 609 664 698 ἡμᾶς,
685 612 787 689 οὐδεὶς
809 611 939 677 δύναται
981 620 1183 679 venturo—
1203 613 1385 698 Virilitatis
1399 631 1476 678 rior:
1492 632 1590 678 nemo
1606 616 1726 678 nosvi-

189 713 384 799 ζωοποιῆσαι
401 713 496 802 ἡμᾶς,
511 715 541 780 εί
557 717 600 800 μή
618 713 723 780 εἰπιύν·
738 713 823 801 Ἐγώ
839 716 900 801 εἰμι
915 713 937 799 ὴ
981 721 1119 784 vilicare
1132 723 1251 800 potest,
1263 719 1330 782 nisi
1342 718 1401 799 qui
1418 719 1520 782 dixit:
1536 721 1637 798 «ligo
1652 739 1729 783 sum

189 817 937 906 ζωήτωίτηςγὸιρέξήμῦνλαμύανομένηςτῷς
981 825 1094 887 vita.»
1120 825 1171 886 Ex
1194 823 1287 886 hisce
1310 824 1402 886 enim
1425 824 1549 887 nostris
1572 824 1732 904 primitiis

183 921 347 1007 ἀτταρχης,
355 933 444 988 πᾶσα
454 933 516 988 τῷν
527 922 725 1009 ἀνθρύπωνὴ
735 924 824 1009 φύσις
836 928 889 991 τὸν
901 925 937 989 ἀ·
981 927 1142 992 universa
1157 926 1334 992 hominum
1349 931 1473 990 natura
1487 944 1606 990 verum
1622 928 1732 990 Deum

185 1024 269 1111 ληθή
278 1025 937 1114 Θεὸνέπιγνύσεταςκαὶτήνγεγενημένην
980 1035 1172 1110 cognoscet,
1196 1035 1230 1094 et
1252 1031 1349 1094 nobis
1371 1030 1495 1094 factam
1516 1032 1732 1095 clementiam

187 1128 419 1215 φιλανθρωπίαν
431 1129 613 1217 ἀνυμνησει·
621 1140 665 1218 τῷ
675 1132 780 1218 τρόπω
792 1131 827 1196 δέ
835 1132 935 1216 τούτῳ
980 1134 1117 1216 hymnis
1133 1134 1326 1199 celebrabit.
1342 1134 1468 1198 Eodem
1484 1152 1619 1217 quoque
1636 1141 1733 1217 pacto

184 1237 310 1300 καὶτοῦ
324 1231 467 1301 θανάτου
482 1237 518 1300 τὸ
535 1233 651 1319 κράτος
673 1233 853 1321 λυθήσεται,
880 1237 936 1300 καί
978 1238 1096 1302 mortis
1112 1242 1258 1319 potestas
1281 1239 1494 1318 dissolvetur,
1516 1243 1550 1302 et
1565 1257 1626 1303 nos
1640 1245 1734 1303 aeter·

184 1336 276 1424 ήμείς
290 1347 348 1424 τῆς
370 1339 454 1425 ζωής
468 1347 526 1424 τῆς
551 1338 676 1406 αἰωνίου
698 1339 881 1427 τευξόμεθα,
898 1341 935 1404 σὲ
977 1360 1023 1405 na
1043 1344 1115 1406 vita
1141 1342 1303 1422 fruemur,
1319 1347 1353 1406 te
1369 1343 1477 1406 Deum
1499 1348 1631 1424 patrem
1653 1343 1730 1408 ado-

184 1451 432 1526 προσκυνοῦντες
446 1444 500 1508 τὸν
523 1442 647 1528 πατέρα
661 1443 751 1511 Θεὸν.
978 1451 1102 1512 rantes.

777 1641 945 1718 Paulinus
971 1639 1140 1719 LXXX.

230 1869 263 1914 v.
283 1851 310 1913 1.
335 1849 391 1928 Είς
413 1853 450 1916 τὸ
472 1850 563 1928 τέλος
585 1851 663 1937 ὑπὲρ
685 1861 746 1918 τῶν
768 1852 873 1937 ληνῶν
891 1862 935 1938 τῷ
1021 1873 1053 1917 ν.
1077 1857 1105 1916 1.
1129 1856 1172 1918 Iu
1182 1854 1289 1936 finem
1309 1871 1407 1936 super
1429 1856 1618 1936 torculum,
1638 1857 1732 1936 prul·
1797 1917 1800 1922 .

185 1949 293 2038 Ἀσάφ
319 1954 454 2040 ψαλμὸς.
479 1950 694 2041 Ἀγαλλίασθε
719 1963 764 2042 τῷ
794 1954 866 2043 Θεῷ
891 1964 935 2041 τῷ
977 1977 1051 2023 mur
1072 1957 1140 2038 ipsi
1161 1955 1282 2038 Asopi.
1304 1958 1459 2022 Eccltctc
1484 1960 1560 2039 Deo,
1590 1959 1734 2041 στήσαντ’

187 2055 293 2144 βοηθῷ
313 2056 414 2143 ήμῶν.
437 2057 639 2139 Ἀλιιλάξατε
662 2066 706 2145 τῷ
723 2059 795 2145 Θεῷ
809 2057 934 2125 Ἰακιύδ.
977 2064 1097 2139 nostro,
1109 2059 1251 2140 jubitate
1265 2062 1331 2125 Deo
1347 2061 1451 2126 Jacob.

196 2163 355 2244 Vocare,
371 2165 403 2227 2.
611 2191 612 2198 .

229 2264 437 2351 Ἠθικύτερον
452 2267 497 2349 δὲ,
520 2269 563 2334 ύιν
579 2268 635 2354 μὲν
650 2266 885 2353 κατορθούντων
902 2267 931 2332 oi
1022 2270 1135 2331 Potior
1150 2267 1193 2331 ad
1205 2284 1313 2332 mores
1326 2276 1498 2350 respectus
1509 2270 1557 2333 fit:
1571 2272 1728 2352 equidem

156 2416 160 2425 -
186 2372 302 2455 καρποί
316 2371 367 2435 ἐπὶ
380 2373 438 2448 τὰς
460 2371 574 2457 ληνοὺς
592 2374 750 2458 ἔρχονται,
775 2373 931 2438 ἀκουέτω·
979 2378 1148 2437 rectorum
1161 2376 1221 2452 est,
1235 2389 1380 2454 quorum
1396 2373 1527 2439 fructus
1539 2376 1575 2438 in
1586 2377 1733 2440 torcula-

186 2497 247 2541 σαν
261 2485 316 2540 τοῦ
338 2475 550 2560 ἀγαλλιᾶσθαι
563 2485 608 2563 τῷ
630 2477 752 2562 Θεῷ·ὸ
775 2477 810 2542 δὲ
832 2477 934 2562 ἁμαρ·
980 2477 1208 2556 riaferuntur,
1224 2476 1343 2540 audire
1366 2479 1534 2562 monitum
1554 2481 1730 2545 exultandi

186 2589 259 2661 τῶν,
278 2581 333 2645 καί
355 2579 501 2667 δεόμενος
525 2579 692 2666 μετανοίας
714 2582 769 2646 καί
791 2581 934 2667 έπιστρυ-
979 2584 1059 2646 Deo.
1075 2585 1235 2646 Peccator
1246 2597 1336 2661 vero,
1349 2583 1409 2664 qui
1425 2583 1558 2662 indiget
1569 2587 1733 2666 poeniten-

187 2691 260 2768 φης,
277 2684 320 2770 μή
332 2683 550 2770 ,ἀγαλλιάσθω
566 2684 651 2750 ἀλλά
664 2683 836 2770 λυπηθήτω
850 2687 936 2751 κατά
983 2687 1032 2750 tia
1048 2691 1083 2750 et
1097 2685 1326 2766 conversione,
1350 2703 1417 2748 non
1441 2689 1581 2768 exultet,
1604 2689 1665 2753 sed
1685 2692 1735 2754 iu·

188 2786 287 2855 Θεύν·
302 2786 324 2872 ἡ
339 2791 402 2874 γὰρ
412 2790 498 2853 κατὸι
513 2787 594 2855 Θεὸν
605 2789 689 2874 λύπη
709 2789 876 2875 μετάνοιαν
891 2791 936 2868 εἰς
982 2793 1064 2868 geat
1078 2789 1266 2854 secundum
1289 2791 1416 2853 Deum:
1440 2792 1551 2856 luctus
1574 2793 1665 2858 enim
1683 2813 1735 2858 se-

187 2890 346 2976 σωτηρίαν
361 2892 604 2979 ἀμεταμέλητον
618 2893 858 2980 κατεργάζεται.
871 2892 937 2960 Καὶ
980 2895 1133 2958 cundum
1149 2894 1268 2974 Deum,
1289 2895 1324 2957 in
1340 2895 1485 2958 salutem
1501 2897 1736 2977 poenitentiam

187 2998 226 3062 σὺ
241 2993 289 3079 δὲ,
303 2997 359 3062 ἐὸν
374 2996 540 3083 βσηθηθείς
562 2999 622 3063 ὑπὸ
638 2998 731 3080 Θεοῦ,
747 3000 805 3085 τήν
824 3021 937 3084 συγκο-
979 3003 1138 3080 operatur
1154 3015 1221 3062 non
1239 2998 1479 3080 poenitendam.
1493 3000 1537 3062 Et
1547 3005 1586 3064 tu
1597 3003 1734 3083 verosi,

188 3099 280 3186 μιδήν
293 3100 433 3187 ἐποιήσω
454 3111 516 3168 τῶν
530 3111 661 3187 καρπῶν
680 3102 732 3167 ἐπί
752 3103 809 3180 τάς
825 3102 934 3188 ἁγίους
980 3101 1114 3164 favente
1143 3103 1205 3165 Dei
1237 3102 1377 3182 auxilia,
1405 3104 1576 3181 collegisti
1603 3104 1735 3170 fruetus

187 3202 319 3288 ληνοὺς,
348 3206 391 3290 μή
419 3204 627 3272 ἐπιλανθάνου
652 3217 707 3272 τοῦ
735 3205 828 3289 Θεοῦ,
855 3207 936 3273 καθὸ
983 3205 1165 3288 portandos
1181 3207 1216 3268 in
1232 3205 1349 3269 divina
1363 3207 1557 3288 torcularia,
1580 3210 1650 3273 noli
1673 3211 1736 3275 Dei

187 3305 302 3392 βοηθὸς
329 3329 386 3374 σου
411 3307 551 3395 γέγονεν.
578 3308 650 3376 Κᾶν
673 3311 809 3394 εύπορης
835 3306 937 3395 λέγων
980 3311 1144 3389 oblivisci,
1158 3313 1198 3372 ut
1208 3312 1268 3392 qui
1280 3311 1343 3373 tibi
1355 3310 1492 3391 adJutor
1502 3310 1577 3375 suit.
1591 3315 1735 3379 Etiamsi

186 3419 248 3476 τῷν
262 3412 335 3478 κατ’
347 3411 436 3492 ἀξίαν
452 3411 737 3500 ἀποδυθησομένων
756 3423 800 3499 τῷ
816 3412 887 3499 Θεῷ
902 3414 937 3478 ἐν
979 3412 1161 3495 impeditus
1176 3415 1234 3492 sis,
1248 3415 1342 3493 quin,
1359 3418 1399 3477 ut
1413 3413 1517 3494 decet,
1531 3434 1571 3479 ea
1582 3418 1735 3498 loquaris

187 3514 379 3602 εὐχαριστίᾳ,
395 3515 538 3596 ἀλάλαζε
554 3515 683 3602 εὐσήμῷ
699 3527 786 3604 φωνή
803 3515 935 3602 καρδίας
979 3535 1055 3599 quae
1071 3518 1141 3580 Deo
1152 3517 1318 3598 placeant,
1336 3522 1375 3580 ut
1386 3522 1502 3595 grates
1515 3535 1608 3599 agas,
1621 3520 1734 3600 iubila

186 3618 388 3705 κεκραγυίας,
404 3619 651 3706 ύπερθαινούοης
666 3623 707 3688 τὸι
718 3620 936 3707 σημαινόμενα
981 3620 1103 3684 festiva
1118 3637 1199 3684 voce
1215 3621 1325 3684 cordis
1339 3623 1528 3702 clamantis,
1547 3641 1615 3705 quo
1637 3643 1736 3707 supe·

187 3721 367 3809 ἀπορούσης
381 3723 504 3806 λέξεως,
520 3728 574 3790 καὶ
585 3725 637 3790 διὸι
651 3727 710 3812 τήν
726 3723 860 3810 ἀπορίαν
873 3734 935 3790 τῷν
981 3729 1100 3789 rantur
1115 3726 1218 3803 signa
1230 3725 1402 3804 ambiguae
1414 3726 1583 3808 dictionis,
1597 3734 1631 3792 et
1645 3731 1735 3810 quod

186 3825 301 3906 λέξεων
330 3828 496 3914 ἀπὸρρητα
524 3832 580 3895 καί
610 3829 734 3914 ἄρρητα
762 3827 934 3915 λαλούσης.
981 3830 1024 3893 ob
1041 3831 1148 3910 ipsam
1164 3829 1345 3894 verborum
1361 3831 1540 3911 penuriam
1556 3851 1680 3897 arcano
1703 3841 1737 3898 et
1874 3859 1876 3866 ’

185 3928 263 3997 Ἐὸιν
274 3933 335 4017 γὸιρ
347 3931 466 4020 ἀναθῇς
474 3935 513 3998 τὸ
524 3919 632 4018 λεκτὸι,
641 3931 841 4019 ἐὸινύπέρβῇς
852 3935 893 4000 τὸι
904 3935 935 3999 ί·
983 3935 1170 4000 ineffabilia
1192 3935 1296 3998 verba
1310 3937 1524 4018 pronunciat.
1548 3939 1682 4004 Etenim
1705 3942 1735 4004 si

186 4035 438 4124 παγγελλὸμενα,
453 4040 494 4104 τὸι
505 4039 557 4105 διὸ
572 4038 728 4124 στὸματος
739 4039 934 4127 φωνούμενα,
981 4043 1073 4106 ultra
1088 4040 1259 4122 colloquia
1272 4040 1436 4121 ascendis,
1456 4042 1486 4104 si
1509 4045 1736 4122 transgredie-

186 4140 241 4204 καί
256 4139 339 4226 μύνῷ
362 4151 405 4227 νῷ
419 4143 554 4228 δυνηθῇς
576 4143 682 4229 ύμνεῖν
704 4146 758 4210 τὸν
780 4143 871 4228 Θεὸν,
889 4153 933 4229 τῷ
980 4147 1027 4210 ris
1043 4163 1084 4209 ea
1101 4163 1176 4226 quae
1192 4144 1447 4223 renunciantur,
1463 4163 1502 4209 ea
1518 4162 1593 4226 quoe
1615 4165 1675 4228 per
1697 4164 1734 4211 os

187 4243 354 4329 ἀποροῦντι
366 4246 515 4312 ἐπιθεῖναι
526 4247 639 4313 ἑαυτοῦ
650 4245 810 4334 κινήματα
821 4257 864 4334 τῷ
880 4247 933 4312 λὸ-
980 4253 1149 4329 insonant,
1166 4249 1266 4312 itaut
1282 4249 1353 4311 solo
1368 4249 1491 4329 spiritu
1504 4267 1608 4330 queas
1624 4251 1734 4314 Deum

188 4367 234 4432 γῷ
249 4351 338 4434 παρὰ
350 4352 387 4415 τὸ
401 4353 455 4416 τὸν
469 4350 564 4438 λύγον
578 4354 632 4418 τὸν
647 4353 681 4418 ἐν
695 4353 745 4417 σοί
761 4353 804 4438 μή
822 4351 935 4418 δύνασ-
980 4355 1108 4438 hymno
1123 4353 1303 4430 celebrare,
1318 4369 1358 4415 ac
1373 4352 1562 4431 ambigenti
1580 4353 1734 4435 imponas

187 4449 240 4516 θαι
254 4451 422 4538 βαστάζειν
437 4463 493 4520 τοῦ
507 4464 562 4521 νοῦ
578 4457 619 4524 τά
637 4455 804 4542 ἀπόρρητα
818 4458 874 4522 καί
895 4459 936 4523 τὸ
980 4459 1044 4523 tibi
1060 4456 1210 4538 metipsi
1230 4459 1372 4518 conatus
1395 4455 1566 4537 loquendi,
1590 4457 1734 4537 inquan-

188 4555 268 4639 θεῖα,
283 4556 453 4640 ἀλαλάξεις
463 4570 507 4646 τῷ
519 4561 590 4647 Θεῷ
605 4559 731 4646 Ἰακιὸύ,
745 4561 786 4641 ὡς
799 4564 936 4649 μιμητής
979 4568 1054 4627 tum
1069 4579 1218 4644 nequeas
1230 4575 1420 4624 sermonem
1435 4560 1471 4622 in
1483 4564 1516 4622 te
1532 4563 1731 4626 contentum

188 4671 246 4727 τοῦ
260 4675 444 4749 πτερνιστοῦ
459 4663 583 4732 ’Icarii
980 4666 1122 4731 sufferre
1139 4681 1247 4746 usque
1263 4664 1307 4727 ad
1322 4665 1468 4744 Spiritus
1484 4681 1609 4728 aroana
1625 4683 1665 4728 ac
1687 4665 1735 4729 di·

980 4773 1062 4834 vina
1076 4768 1223 4847 oracula,
1243 4767 1407 4847 jubilabis
1430 4768 1500 4830 Deo
1522 4767 1637 4848 Jacob,
1661 4773 1734 4834 tan·

981 4893 1084 4956 quam
1100 4873 1251 4936 imitator
1265 4871 1384 4936 Jacobi
1401 4872 1493 4937 illius
1508 4873 1566 4956 qui
1582 4875 1733 4956 plantam

981 4977 1192 5042 subcollavit.

225 5080 274 5138 Ps.
288 5098 382 5156 mx,
394 5101 422 5142 ν.
433 5083 457 5139 1.
470 5083 609 5141 Laurent.
622 5084 700 5141 Plut.
713 5101 741 5142 v.
755 5084 796 5140 14.
