4044 6104
319 447 382 510 388
993 446 1204 512 ORIGENES

319 587 363 665 εἰς
379 587 491 674 βόθρον
513 589 549 653 θν
571 586 752 672 εἰργάσατο.
769 585 1000 673 Ἐπιστρέψειδ
1015 589 1070 651 πό
1114 590 1151 653 ia
1163 589 1298 671 foveam
1316 587 1530 670 quemfecit.
1550 589 1758 654 emanator
1777 585 1868 652 dolor

319 713 372 770 νος
387 693 779 778 recempensaret
794 692 845 756 ἐπί
860 694 1003 777 κορυφὴν
1016 692 1070 756 αὐ·
1114 693 1184 773 ejus
1198 693 1236 756 io
1250 697 1346 774 σαρκί
1369 691 1450 772 οράο,
1477 697 1508 757 σί
1529 694 1566 756 ia
1585 694 1736 758 οοτόίοοπτ
1757 692 1866 772 ipsias

321 795 412 881 τοῠη
429 796 537 862 ἀδικία
552 799 649 860 αυτοῦ
664 795 890 880 καταθήσεται.
1061 783 1067 796 ’
1113 797 1274 877 iniqnitas
1291 795 1465 861 descendet.
1619 834 1622 854 .

364 899 474 965 Ταῦτά
490 920 542 986 μοι
563 900 653 963 δοκεῖ
674 898 775 983 ρητῶς
798 901 884 964 κατὰ
905 902 965 984 την
986 897 1069 978 λέξιν
1157 902 1237 964 Haec
1252 899 1337 962 mihi
1348 899 1507 963 videntur
1522 901 1564 964 ad
1577 900 1760 964 verbumet
1771 900 1863 962 litte·

319 1002 545 1089 πεπληρῶσθαι
560 1003 611 1068 ἐπὶ
625 1013 683 1067 τοῦ
696 1001 889 1087 Ἀχιτόφελ·
904 1004 989 1068 κατὰ
1004 1004 1067 1088 γὰρ
1114 1021 1186 1066 ram
1215 1005 1353 1085 impleta
1373 1003 1476 1068 fuisse
1502 1003 1538 1066 in
1559 1003 1769 1085 Achitophel.
1795 1003 1867 1068 Sub

318 1109 372 1172 τόν
393 1109 503 1192 καιρόν
524 1115 582 1191 της
604 1116 661 1171 τοῦ
680 1106 782 1172 Χουσὶ
798 1104 999 1191 συμάουλίας,
1015 1105 1066 1172 ἐκ·
1116 1115 1267 1189 tempore
1282 1111 1372 1172 enirn
1389 1109 1574 1172 molitionis
1592 1108 1707 1187 ebusi,
1723 1127 1744 1170 a
1766 1123 1869 1188 scopo

319 1211 423 1278 πεσὼν
454 1211 548 1289 αὐτὸς
574 1220 630 1276 τοῦ
656 1219 787 1292 σκοποῦ,
818 1210 860 1287 ὡς
891 1211 930 1275 ἀν
953 1231 1067 1295 παρευ-
1116 1213 1283 1292 excidens,
1299 1231 1338 1276 ac
1360 1213 1389 1276 si
1411 1230 1481 1294 prae
1502 1213 1695 1290 ignominia
1718 1213 1868 1288 inustus,

318 1315 509 1402 δοκιμηθείς,
519 1317 574 1379 καὶ
586 1315 630 1400 μὴ
639 1313 702 1392 οίός
709 1335 744 1379 τε
759 1312 864 1399 φέρειν
875 1317 931 1380 τόν
942 1315 1066 1400 φθόνον,
1113 1317 1204 1381 haud
1219 1317 1319 1380 homo
1332 1323 1423 1382 esset
1440 1317 1553 1380 ferens
1570 1316 1745 1396 invidiam,
1757 1315 1816 1378 sed
1832 1321 1869 1377 et

321 1418 406 1484 ἀλλά
428 1429 580 1504 προορῶν,
604 1421 660 1484 dre
683 1419 782 1496 δεινός
798 1420 851 1501 ὢν,
867 1421 1068 1507 καταστοχά-
1113 1421 1311 1502 praevidens,
1328 1422 1378 1485 uti
1394 1423 1510 1500 solers,
1524 1427 1558 1484 et
1574 1419 1758 1500 conjiciens
1774 1419 1867 1483 futu-

322 1523 430 1601 ζεσθαι
444 1526 479 1588 τό
493 1522 618 1610 μέλλον,
636 1523 677 1601 ὡς
693 1520 873 1608 προδίδοται
888 1525 928 1588 τὰ
943 1534 1000 1590 τοῦ
1014 1524 1068 1592 Ἀ·
1115 1543 1162 1602 ra,
1190 1543 1310 1606 nempe
1338 1525 1479 1589 deficere
1507 1524 1685 1588 Absalonis
1715 1512 1868 1602 negotia,

319 1626 488 1713 δεσσαλὼμ
502 1628 685 1715 πράγματα,
710 1626 818 1713 μέλλει
833 1647 867 1692 τε
884 1630 959 1694 ὅσον
981 1631 1068 1694 οθπω
1114 1649 1154 1693 ac
1177 1631 1289 1710 ipsum
1306 1634 1472 1710 quantum
1497 1645 1659 1708 unquam,
1681 1627 1866 1707 subjicien-

319 1734 374 1795 καί
390 1733 485 1810 αὐτός
501 1731 680 1818 ὑποχείριος
703 1731 844 1818 γίνεσθαι
859 1741 904 1818 τῷ
923 1733 1018 1799 Δαυίδ
1033 1733 1069 1798 ἀ-
1115 1733 1196 1796 dum
1213 1733 1283 1796 fore
1300 1735 1457 1798 manibus
1473 1733 1621 1812 Doridis,
1637 1733 1791 1795 animum
1806 1731 1864 1794 de-

318 1835 541 1918 παλλάττεται,
564 1839 620 1902 καὶ
641 1834 812 1922 γενόμενος
836 1836 870 1900 ἐν
891 1846 930 1922 τῇ
954 1836 1069 1902 ἐαυτοῦ
1114 1837 1258 1918 spondit,
1275 1838 1481 1920 domumque
1497 1838 1666 1916 secedens,
1681 1854 1717 1900 se
1740 1836 1865 1916 laqueo

318 1938 411 2025 οἰκίᾳ,
424 1939 544 2034 ἀγκόνη
560 1941 673 2006 ἑαυτόν
684 1937 910 2025 παραδίδωσιν·
924 1943 979 2006 καί
990 1942 1067 2007 πάν·
1115 1943 1308 2023 suspendit:
1336 1945 1370 2004 et
1399 1959 1622 2024 quoeoumque
1648 1941 1864 2006 sermonibus

318 2066 358 2110 τα
372 2045 433 2110 όσα
447 2054 511 2123 τοῖς
527 2047 624 2110 αυτοῦ
639 2043 744 2130 λόγοις
757 2042 920 2129 ῶδίνησεν,
932 2066 1069 2130 συναγα-
1114 2049 1187 2110 suis
1210 2065 1302 2126 aegre
1326 2051 1535 2126 conceperat,
1552 2047 1632 2110 dum
1648 2047 1780 2110 semina
1795 2063 1866 2107 ma-

316 2151 381 2236 γὼν
406 2152 462 2215 καὶ
483 2149 647 2216 συλλαόὼν
676 2149 711 2216 ἐν
741 2159 779 2236 τη
803 2149 919 2214 ἐαυτοο
944 2147 1068 2236 διανοίᾳ
1116 2150 1199 2215 litiae
1216 2153 1249 2214 in
1266 2151 1420 2229 cogitatu
1435 2167 1497 2213 suo
1512 2149 1689 2227 colligeret
1704 2151 1738 2210 et
1752 2147 1864 2210 conci-

318 2251 485 2339 σπέρματα
500 2250 651 2339 πονηρίας
665 2256 751 2319 κατὰ
765 2263 820 2317 τοῦ
837 2252 951 2318 Δαυίδ·
966 2264 1067 2318 ταῦτα
1115 2261 1209 2337 peret
1230 2256 1392 2320 adversus
1411 2254 1584 2332 Davidem,
1601 2251 1717 2316 eadem
1733 2251 1776 2314 ad
1791 2269 1866 2333 per-

318 2356 370 2420 ἐπ’
381 2353 500 2440 ὀλέθρῳ
523 2365 566 2441 τῷ
582 2356 697 2421 ἑαυτοῦ
718 2355 883 2438 ἀπέτεκεν,
904 2359 959 2422 καί
974 2360 1018 2436 εἰς
1033 2361 1069 2425 δν
1113 2360 1276 2424 ditionem
1291 2378 1389 2425 suam
1404 2359 1550 2441 peperit,
1563 2361 1598 2422 et
1608 2374 1712 2438 quam
1726 2355 1859 2419 foveam

318 2460 434 2544 ὤρυξεν
448 2459 570 2526 λάκκον
585 2463 640 2526 καὶ
656 2459 844 2546 ἀνέσκαψεν,
857 2460 981 2547 ἐτέρους
994 2457 1068 2550 cop·
1113 2466 1247 2546 aperuit
1272 2469 1306 2528 et
1332 2463 1457 2542 effodit,
1476 2462 1606 2526 caeteris
1632 2463 1768 2524 ruinam
1792 2478 1862 2523 ma·
1891 2459 1894 2464 '

318 2564 426 2631 6σλεῖν
442 2564 681 2651 μηχανώμενος,
704 2567 748 2644 είς
764 2577 875 2631 τοῦτον
898 2566 993 2634 αὐτὸν
1015 2589 1069 2633 πε-
1114 2570 1282 2649 elimatus,
1295 2569 1412 2633 eadem
1424 2569 1588 2632 adversus
1600 2568 1710 2648 ipsum
1726 2585 1864 2630 conver-

318 2669 537 2755 ριτέτραπται·
559 2669 645 2735 ἀλλά
658 2672 714 2735 καί
736 2671 780 2747 εἰς
803 2673 862 2756 την
885 2671 999 2737 ἐαυτοῦ
1014 2693 1069 2736 κε-
1113 2693 1151 2738 sa
1163 2679 1234 2738 est:
1251 2674 1335 2755 quin
1359 2678 1393 2736 et
1418 2675 1454 2738 in
1481 2675 1585 2755 caput
1599 2689 1701 2735 suum
1717 2669 1863 2734 referen-

317 2774 424 2861 φαλην
438 2778 497 2861 τὴν
515 2774 630 2840 ἐαυτοῦ
642 2772 759 2840 κακίαν
774 2774 993 2861 ἀπωμόρξατο.
1008 2775 1069 2840 Πε-
1114 2779 1190 2842 darn
1208 2779 1378 2860 propriam
1401 2777 1568 2840 malitiam
1584 2776 1759 2857 expressit.
1780 2777 1863 2838 Con·

319 2877 459 2964 ριέχουσι
488 2881 543 2944 καί
566 2879 737 2944 καθολικδν
765 2878 861 2965 λόγον
883 2879 917 2944 αἱ
945 2877 1068 2963 προκαί-
1113 2883 1223 2946 tinent
1238 2883 1340 2945 etiam
1357 2881 1461 2960 uerba
1486 2882 1585 2947 modo
1613 2881 1744 2961 prolata
1759 2895 1864 2957 gene-

318 3003 410 3068 μεναι
436 2985 546 3068 φωναὶ,
569 2981 611 3061 ὡς
638 2985 755 3060 παντός
778 2992 835 3048 τοο
857 2983 950 3048 δόλον
972 2985 1006 3049 ἐν
1029 2993 1068 3070 τη
1114 2988 1219 3050 reiem
1250 2987 1471 3065 sententiam,
1503 2991 1542 3049 ut
1572 2987 1780 3068 quicumque
1806 2982 1864 3046 do·

317 3088 433 3153 ἐαυτοῶ
449 3087 536 3174 ψυχῇ
549 3090 634 3153 κατὰ
645 3097 703 3152 τοῦ
716 3086 815 3165 πέλας
827 3086 1070 3173 μηχανωμένου,
1113 3089 1185 3154 lum
1208 3091 1245 3152 in
1268 3090 1382 3152 anima
1397 3108 1460 3154 sua
1482 3089 1646 3154 adversus
1666 3090 1861 3170 proximum

319 3191 440 3256 ἀδικεῖν
455 3212 489 3256 τε
505 3189 631 3277 ἐτέρους
655 3189 856 3277 δουλσμένου,
872 3194 927 3256 καί
947 3193 1069 3259 λάκκον
1114 3194 1338 3274 machinatur,
1363 3200 1397 3258 et
1419 3196 1495 3258 vult
1516 3197 1647 3258 caeteris
1670 3211 1801 3273 nocere,
1826 3201 1865 3256 et

319 3293 478 3372 ἀπωλείας
493 3293 610 3381 ἑτέροις
632 3295 825 3380 όρόττοντος,
841 3306 942 3361 ταῦτα
963 3297 1069 3362 πάντα
1114 3298 1245 3362 foveam
1258 3299 1366 3362 ruinoe
1382 3300 1458 3362 eliis
1473 3298 1598 3380 effodit,
1610 3300 1682 3362 haec
1696 3299 1809 3362 omnia
1826 3298 1862 3361 in

316 3398 389 3463 καθ’
400 3398 512 3464 έαυτδν
528 3398 741 3486 ἐργαζομένου
757 3402 811 3464 καί
827 3389 963 3466 ἑκάστου
974 3399 996 3485 ἡ
1009 3423 1066 3466 κα·
1115 3404 1334 3484 semetipsum
1361 3409 1531 3486 operatur,
1558 3407 1593 3467 et
1614 3401 1862 3484 cujuscumque

316 3500 371 3567 κία
385 3503 432 3581 εἰς
444 3505 503 3589 την
517 3503 663 3589 κεφαλὴν
679 3506 776 3569 αὐτοῦ
791 3503 1018 3590 καταθήσεται·
1035 3508 1064 3572 ἐ·
1114 3509 1311 3590 improbitas
1328 3509 1363 3571 in
1388 3514 1492 3589 caput
1517 3506 1590 3586 eJ'us
1617 3505 1754 3570 recidet.
1780 3506 1859 3580 Qui·

173 3612 177 3622 “
315 3627 433 3686 καστος
448 3610 510 3694 γάρ
532 3608 572 3672 δι’
583 3611 626 3674 ιῖιν
641 3608 800 3694 ἐργάσατο
824 3609 857 3675 ἐν
876 3607 982 3696 ἡμέρᾳ
996 3609 1061 3695 κρί-
1113 3629 1196 3692 sque
1209 3612 1300 3675 enim
1313 3613 1348 3675 in
1361 3611 1415 3675 die
1428 3611 1550 3692 judicii
1563 3629 1604 3674 ex
1616 3610 1775 3693 operibus
1787 3611 1861 3672 suis

316 3731 396 3787 σεως
423 3714 480 3798 την
504 3711 576 3778 καθ’
587 3712 700 3777 ἐαυτοῦ
725 3714 831 3799 ψηῳον
853 3713 971 3796 ἐπάξει,
995 3717 1068 3790 τοὺς
1112 3734 1213 3778 suum
1234 3715 1439 3794 suffragium
1455 3716 1592 3794 creabit,
1613 3715 1770 3777 laborum
1785 3731 1863 3778 suo-

316 3815 430 3894 πόνους
445 3825 507 3882 τῶν
521 3825 651 3900 καρπῶν
667 3817 764 3881 αὐτοῦ
781 3817 1034 3904 ἀποληψόμενος.
1114 3841 1190 3886 rum
1207 3823 1337 3886 fructus
1354 3827 1585 3903 percepturus.
1707 3837 1722 3860 ’

361 3939 392 3984 ν.
413 3923 463 3984 18.
479 3919 774 4006 Ἐξομολογψοομαι
788 3920 896 4006 Κυρίῳ
911 3925 996 3988 κατοὶ
1008 3927 1068 4010 τὴν
1157 3944 1188 3988 ν.
1215 3928 1265 3990 18.
1305 3926 1477 4009 Οοηρίίεόον
1517 3926 1652 3990 Domino
1691 3921 1865 3988 οοοαιιιίαιιι

317 4023 518 4109 δικαιοσύνην
541 4026 648 4107 αὐτοῦ,
676 4027 732 4089 καὶ
759 4025 851 4108 ψαλῶ
873 4035 918 4111 τῳ
940 4027 1069 4113 ὀνόματι
1104 4030 1276 4110 iustitiam
1298 4031 1379 4111 ejice,
1398 4035 1429 4095 et
1443 4030 1591 4111 psallam
1611 4028 1736 4094 rwmiai
1755 4029 1865 4092 Domi·

316 4128 435 4214 Κόρίου
451 4141 507 4196 τοῦ
522 4129 664 4215 ὑψίστου.
1112 4135 1150 4198 ια’
1171 4133 1340 4200 altissimi.

360 4233 455 4320 Ἐγὼ,
478 4235 616 4320 φησίν,δ
637 4235 746 4321 μηδενί
768 4235 889 4301 λάκκον
911 4237 1067 4321 δρόξας,δ
1156 4242 1241 4302 Cum
1256 4240 1384 4303 nemini
1400 4235 1475 4318 ego,
1494 4241 1614 4322 inquit,
1630 4239 1762 4303 foveam
1785 4255 1862 4318 ape-

317 4339 401 4402 κατὰ
417 4339 549 4424 μηδενός
565 4337 694 4403 πώποτε
716 4337 858 4424 ἀνομίαν,
876 4341 957 4426 μηδὲ
973 4363 1068 4426 πονη-
1112 4345 1263 4423 τυοτίιυ,
1291 4361 1402 4424 neque
1432 4345 1494 4406 ulli
1524 4361 1675 4424 unquam
1702 4343 1861 4424 iniquum

317 4443 375 4527 ράν
386 4441 509 4528 βουλὴν
534 4441 822 4527 συσκευασάμενος,
848 4443 933 4508 ἀλλά
947 4446 968 4531 ψ
984 4447 1069 4511 κατὰ
1112 4451 1184 4513 sive
1196 4454 1310 4512 actum
1322 4449 1394 4511 sive
1411 4449 1590 4511 consilium
1602 4446 1862 4523 construxerim,

250 4628 255 4640 .
317 4556 378 4611 τῶν
392 4546 513 4632 ἐχθρῶν
529 4548 564 4610 τό
579 4545 767 4625 ἀνεξίκακον
780 4548 836 4612 καὶ
848 4547 1067 4633 φιλάνθρωπον
1112 4556 1195 4635 quin
1214 4555 1316 4615 immo
1342 4571 1421 4615 oum
1438 4570 1522 4630 erga
1536 4552 1648 4615 hostes
1670 4568 1725 4613 me
1751 4555 1861 4613 osten-

316 4652 371 4715 καί
386 4650 587 4735 μακρόθυμον
610 4651 712 4735 ἔργοις
736 4651 994 4736 ἐπιδεδειγμένος,
1015 4653 1067 4719 διὰ
1112 4659 1218 4721 derim
1238 4653 1396 4739 operibns
1411 4659 1597 4738 patientem
1617 4660 1652 4718 et
1670 4655 1860 4733 benignum

316 4763 416 4818 ταῦτα
439 4752 582 4836 πιστεύω,
601 4754 685 4817 κατά
700 4755 753 4818 τόν
769 4763 824 4840 της
848 4754 980 4840 κρίσεως
995 4779 1064 4822 και·
1113 4769 1145 4825 et
1161 4764 1402 4840 longanimem,
1419 4779 1458 4824 es
1474 4766 1618 4843 propter,
1634 4759 1733 4824 oredo
1754 4775 1807 4821 me
1824 4759 1859 4820 in

248 4892 252 4902 ·
316 4860 379 4942 ρον,
392 4857 425 4922 ἐν
437 4854 542 4941 ἡμέρα
554 4867 611 4943 της
622 4866 684 4922 τῶν
696 4857 817 4923 ἀοεθῶν
830 4858 998 4944 ἀπωλείας,
1014 4861 1062 4941 ἐξ·
1111 4872 1262 4948 tempore
1274 4865 1406 4946 judicii,
1424 4873 1457 4928 et
1472 4867 1506 4929 in
1523 4865 1662 4946 dieque
1686 4863 1781 4945 impii
1804 4863 1859 4926 de-

318 4958 577 5047 ομολογησασθαι
600 4959 706 5047 Κυρίῳ
726 4965 812 5026 κατὰ
829 4964 886 5048 τὴν
909 4963 1065 5030 δικαιοσό-
1111 4975 1296 5048 ειιυουτυτ,
1313 4971 1456 5051 hymnos
1471 4969 1691 5034 confessionis
1705 4971 1860 5032 cantatu·

352 5183 379 5222 ν.
392 5169 432 5220 18.
448 5168 512 5225 vat.
527 5169 568 5222 13.
581 5169 640 5224 Pro
654 5169 756 5225 ultimo
769 5170 859 5226 verbo
873 5174 993 5239 εὑρεθεὶς,
1007 5189 1065 5229 ma·
1112 5173 1147 5229 lit
1160 5173 1219 5228 sort
1232 5172 1339 5244 aliquis
1351 5177 1494 5242 εὑρεθῆναι
