3966 6108
817 497 1023 564 EUSEBIUS
1632 503 1697 568 477
1807 529 1810 536 ·

149 648 204 722 νεῐ,
225 640 281 705 καὶ
303 641 357 706 τὸν
378 633 460 707 Θεὸν
474 635 674 720 ἱλεύσασθαι,
697 639 753 703 καί
774 635 898 706 παιανί-
944 658 1010 722 que
1025 641 1146 720 Deum,
1162 645 1196 705 et
1210 640 1343 706 cantica
1365 649 1558 724 promerent
1572 645 1615 710 ob
1640 665 1694 711 re-

149 743 214 822 ζειν
228 741 406 829 έπὶτηιης
420 739 567 819 ἀσεόείας
582 741 766 827 ἀπαλλαγῇ.
943 745 1118 828 pudiatam
1134 747 1353 827 impietatem.

193 847 400 933 Χορευόντων
422 848 477 912 ούν
502 848 557 911 καί
581 843 745 931 ἡδομένων
771 845 837 912 aaa
862 849 899 911 τδ
988 849 1112 914 Chorus
1129 849 1238 928 igitur
1253 850 1433 928 agentium
1449 855 1483 914 et
1504 842 1695 917 lactantium

154 951 332 1039 προοίμιον,
355 949 586 1038 ἐσχημάτισται
612 948 647 1013 δέ
669 949 708 1014 έκ
730 949 900 1034 προσώπου
944 957 996 1016 est
1010 955 1220 1034 prooemium,
1237 955 1492 1037 expolitumque
1508 958 1606 1020 estin
1621 975 1696 1039 per·

149 1064 206 1120 τοῦ
220 1052 351 1137 Ἰωσίου,
368 1055 422 1119 καί
437 1063 500 1120 τῦν
510 1065 566 1120 τοῦ
578 1054 661 1122 Θεοῦ
673 1056 790 1141 ἱερέων,
804 1052 833 1119 οἱ
843 1051 900 1119 καί
944 1073 1027 1122 sona
1040 1059 1143 1122 Josiae
1170 1061 1204 1120 et
1225 1056 1437 1122 sacerdotum
1464 1059 1536 1138 Dei,
1563 1061 1623 1141 qui
1647 1060 1697 1125 di-

149 1179 247 1248 φασι·
269 1159 376 1241 Δεῦτε,
399 1167 490 1244 κοινῇ
512 1161 566 1224 τόν
588 1157 739 1226 ἐπινίκιον
761 1169 805 1246 τῷ
827 1157 899 1243 Θεῷ
944 1166 1042 1226 cunt:
1068 1159 1185 1240 Vertite,
1204 1162 1378 1226 communi
1390 1178 1471 1226 voce
1482 1164 1696 1228 victorialem

149 1260 384 1348 ἀναπέμψωμεν
406 1263 520 1347 ύμνον·
543 1258 639 1348 όγόιρ
655 1260 841 1350 ἀλαλαγμὸς
856 1283 900 1329 νι-
944 1265 1014 1329 Deo
1036 1264 1203 1348 hymnum
1224 1266 1435 1330 attollamus:
1456 1264 1588 1346 jubilus
1604 1268 1696 1331 enim

150 1365 279 1432 κύντων
301 1366 368 1430 έστί
389 1363 489 1452 φωνή.
505 1363 654 1450 Ἐνίκησε
677 1366 712 1431 δέ
734 1369 807 1444 τούς
829 1365 901 1430 δυσ·
945 1369 1213 1433 estvincentium
1225 1369 1694 1450 acclamatio.1mpiosautem

149 1467 252 1548 σεύεῑς
264 1469 281 1535 δ
293 1479 353 1536 τῶν
365 1467 502 1534 εύσεόῦν
514 1468 630 1556 χορός·
646 1473 773 1556 πρδτσῦ
788 1477 901 1553 καιροῦ
944 1472 1119 1554 superavit
1140 1471 1275 1552 piorum
1294 1472 1434 1536 chorus:
1457 1475 1544 1536 Ante
1559 1479 1697 1556 tempus

148 1583 206 1661 της
231 1571 390 1661 τιμωρίας,
406 1583 452 1658 τῇ
478 1573 669 1661 μεταμελείᾳ
694 1571 899 1659 χρησόμεθα,
945 1577 1191 1655 castigationis,
1218 1578 1453 1658 poenitentiam
1483 1582 1699 1658 agemussi

149 1679 204 1744 καί
219 1679 291 1762 πρίν
305 1678 364 1764 την
375 1677 448 1742 καθ’
457 1675 547 1763 ἡμῶν
562 1677 769 1764 ἐπενεχθῆναι
782 1677 899 1762 ψῆφον,
945 1682 1145 1763 priusquam
1172 1681 1209 1743 in
1235 1697 1296 1745 nos
1324 1679 1697 1765 inferatursentcntia,

149 1785 204 1848 τόν
230 1780 386 1867 δεσπότην
408 1781 665 1870 έκμειλιξιύμιθα,
685 1780 901 1866 προσενέγκοι-
945 1784 1128 1848 Dominum
1157 1783 1373 1866 deliniamus,
1402 1786 1522 1868 illique
1552 1787 1694 1870 hymno·

152 1906 208 1973 μιν
223 1887 259 1951 δέ
274 1885 359 1972 αύτῷ
374 1888 428 1952 καὶ
443 1889 501 1974 τὴν
516 1885 698 1972 πρέπουσαν
718 1883 884 1972 ὑμνῳδίαν.
945 1889 1036 1952 diam
1052 1906 1128 1970 quae
1143 1888 1248 1968 decet,
1264 1906 1467 1970 pangamus.

194 1991 276 2058 Είτα
289 1991 472 2056 διδάσκουσι
486 1993 541 2056 καί
555 2001 611 2056 τοῦ
626 1990 711 2059 Θεοῦ
725 1992 785 2075 τὴν
799 1986 899 2074 νίκην,
988 1993 1109 2056 Postea
1124 1992 1245 2056 docent
1265 1997 1298 2055 et
1313 1991 1375 2056 Dei
1390 1995 1569 2059 victoriam
1584 2000 1619 2060 et
1629 1997 1698 2061 ido-

150 2097 205 2162 καί
219 2105 280 2164 τῶν
302 2093 438 2161 εἰδώλων
457 2097 516 2182 τὴν
532 2097 656 2180 ητιαν·
680 2093 816 2180 ἄρρητός
837 2095 900 2180 γὰρ
944 2098 1055 2160 lorum
1076 2097 1223 2160 cladem:
1254 2098 1495 2164 inenarrabilis
1517 2101 1609 2164 enim
1641 2105 1694 2166 est

149 2211 207 2268 τοῦ
231 2198 387 2286 ἡμετέρου
412 2201 565 2266 dcccdccc
587 2199 609 2288 ἡ
637 2199 783 2286 δύναμις·
809 2202 900 2277 ούτος
944 2199 1079 2264 Domini
1091 2200 1197 2264 nostri
1211 2201 1374 2280 potentia;
1386 2201 1457 2281 ipse
1473 2200 1563 2266 Deus
1579 2223 1691 2284 verus,

148 2305 231 2385 Θεὸς
246 2305 403 2391 ἀληθινός,
426 2307 516 2383 ούτος
531 2305 756 2371 κατὰπάντων
778 2305 847 2391 ἔχει
862 2307 899 2370 τό
944 2305 1016 2384 ipse
1027 2304 1190 2368 adversus
1202 2319 1319 2366 omnes
1331 2304 1435 2368 robur
1446 2304 1558 2387 habet,
1572 2313 1605 2371 et
1616 2326 1695 2390 spu·

149 2409 277 2496 κρότος,
301 2412 355 2475 καί
374 2411 434 2496 τὴν
456 2409 556 2494 ψεύδη
580 2404 794 2493 προσηγορίαν
810 2405 900 2494 έλέγ·
944 2408 1031 2471 riam
1047 2424 1164 2471 eorum
1179 2408 1239 2489 qui
1259 2406 1306 2470 dii
1322 2406 1482 2474 dicuntur
1500 2413 1695 2494 appellatio·

152 2535 214 2602 χει,
229 2523 291 2580 τῦν
306 2511 510 2600 καλουμένων
525 2512 620 2578 θεῶν.
945 2529 1025 2575 nem
1040 2498 1189 2575 damnat.

195 2617 286 2702 Είτα,
304 2616 345 2696 ὡς
369 2615 500 2684 δυνατόν
522 2615 698 2704 ἀνθρωπίνη
722 2616 823 2702 φύσει,
838 2623 897 2702 τῆς
988 2618 1085 2697 Tum,
1113 2615 1224 2696 quoad
1250 2615 1342 2680 valet
1364 2616 1515 2681 humana
1537 2618 1694 2703 facultas,

152 2721 244 2801 θείας
261 2721 420 2809 δυνάμεως
436 2723 477 2788 τὰ
492 2719 649 2808 τεκμήρια
660 2721 836 2787 δεικνύουσι
849 2719 901 2785 λέ·
945 2725 1122 2786 recensent
1139 2718 1264 2784 divinae
1285 2723 1445 2802 potentiae
1464 2731 1697 2808 monumenta,

149 2827 324 2915 γοντες,ότι
335 2827 461 2893 πάντων
472 2827 539 2893 έστι
551 2825 695 2911 ποιητὴς,
707 2824 833 2892 πάντων
849 2824 898 2890 δε·
945 2826 1075 2892 aientes
1091 2842 1170 2889 eum
1192 2843 1265 2890 esse
1288 2827 1441 2891 omnium
1463 2845 1579 2894 rerum
1601 2829 1697 2913 opiti-

152 2932 282 3017 σπόιης,
294 2934 387 3011 αῦτδς
398 2933 439 2997 τόι
450 2929 555 2996 πάντα
566 2927 711 3014 κυθερνᾳ,
723 2929 902 3015 έντηχειρί
946 2949 1030 3012 cem,
1056 2931 1209 2995 omnium
1234 2929 1496 3012 dominatorem
1528 2934 1640 3016 ipsum
1664 2953 1698 2999 o-

152 3039 221 3124 έχει
235 3039 272 3103 τό
286 3036 413 3123 κρόιτσς,
436 3037 495 3122 τὴν
517 3035 615 3120 ύγρόιν
638 3032 820 3099 οὐσίανκαὶ
842 3035 901 3119 την
946 3036 1041 3100 mnia
1052 3035 1220 3117 gubernio
1242 3051 1373 3118 regere,
1392 3037 1428 3101 in
1447 3055 1551 3102 manu
1574 3058 1637 3104 sua
1652 3045 1701 3104 te·

153 3139 253 3226 ξηρόιν
269 3139 363 3216 αύτός
378 3138 608 3225 ἐδημιούργησε
623 3135 718 3222 λόγῳ·
731 3135 828 3202 αὐτοῦ
843 3137 902 3202 εἰσί
947 3159 1029 3205 nere
1049 3144 1260 3222 potestatem,
1283 3157 1346 3204 suo
1367 3142 1478 3206 Verbo
1502 3146 1536 3206 et
1558 3143 1701 3208 humida

153 3245 208 3308 καί
230 3242 263 3307 αί
280 3251 341 3310 τῶν
356 3244 437 3328 δρῦν
452 3243 600 3326 κορυφαί,
616 3239 677 3304 κᾶν
697 3248 855 3325 μυριακῦς
874 3239 903 3304 ol
948 3244 1117 3307 elementa
1136 3247 1170 3306 et
1183 3243 1280 3307 arida
1301 3242 1508 3327 condidisse;
1526 3248 1634 3328 ipsius
1649 3268 1701 3314 es·

154 3345 300 3434 δαίμονες
314 3343 454 3412 πείθουσι
464 3347 526 3410 τῶν
542 3343 713 3429 ἀνθρώπων
724 3346 797 3420 τοὺς
809 3343 903 3408 ἀκού
949 3365 986 3412 se
1013 3353 1047 3410 et
1073 3349 1240 3410 montium
1262 3349 1450 3430 cacumina,
1479 3355 1700 3432 quantumvis

154 3469 256 3530 οντας,
273 3449 306 3516 έν
321 3449 442 3527 τούτοις
458 3449 563 3524 αὐτοῖς
588 3447 630 3511 τδι
650 3445 765 3532 τεμένη
782 3446 904 3533 πηγνύ-
949 3451 1154 3542 sexcenties,
1166 3450 1333 3515 damonia
1362 3453 1516 3518 credulos
1543 3456 1698 3523 homines

153 3574 214 3622 ναι.
227 3551 460 3638 Συνδρόιμωμεν
482 3549 585 3617 τοίνυν
599 3549 775 3636 προθύμως,
797 3553 852 3616 καί
867 3552 903 3616 τδ
949 3554 1113 3618 inducant
1123 3554 1166 3618 ad
1178 3555 1341 3634 erigenda
1353 3557 1435 3620 illuc
1448 3558 1599 3624 delubra.
1611 3564 1702 3641 Age·

155 3667 317 3745 προσηκον
332 3658 417 3744 αύτῷ
439 3653 700 3742 προσενέγκωμεν
722 3655 827 3739 σέύας,
848 3659 903 3722 καί
949 3657 1041 3737 dum,
1068 3675 1137 3721 una
1163 3676 1341 3724 curramus
1369 3661 1536 3745 alacriter,
1565 3667 1698 3731 cultum

154 3762 379 3851 ὀλοφυρόμενοι
388 3764 443 3828 καί
454 3759 643 3846 δακρύοντες
654 3762 708 3825 τόν
719 3760 808 3827 έλεον
824 3758 905 3839 έξαι·
949 3761 1015 3843 ipsi
1044 3768 1310 3826 consentaneum
1340 3765 1497 3847 oblaturi,
1529 3766 1697 3849 ejulantes

155 3867 318 3956 τησωμεν·
341 3869 436 3945 αῦτδς
450 3869 511 3953 γὰρ
527 3864 685 3951 ἡμῶνκαὶ
700 3867 834 3952 ποιητὴς
849 3867 904 3931 καί
949 3882 1087 3948 prorsus
1100 3871 1133 3929 et
1144 3863 1495 3949 flentes‚olementiam
1509 3889 1698 3940 exoremus.

154 3971 312 4058 δεσπότης
334 3973 477 4058 φύσεως,
508 3974 563 4038 καί
585 3970 793 4058 διαφερόντως
815 3972 906 4058 ἡμῶν
951 3974 1026 4052 Ipse
1057 3971 1149 4033 enim
1179 3974 1298 4034 auctor
1322 3978 1437 4038 noster
1462 3979 1514 4038 est
1540 3981 1574 4040 et
1595 3976 1699 4042 herus

155 4077 292 4163 ὑπάρχει
307 4074 407 4155 Θεός·
428 4076 507 4141 λαόν
529 4077 590 4161 γὰρ
605 4076 690 4163 ἡμᾶς
705 4076 800 4142 καλεῖ
813 4076 905 4140 οίκεῐ-
951 4077 1082 4136 natura
1094 4077 1227 4153 nostra,
1237 4078 1272 4138 et
1283 4076 1471 4141 eminenter
1482 4079 1573 4144 Deus
1585 4088 1701 4146 noster

155 4201 201 4263 ον,
220 4181 275 4246 καί
291 4178 332 4258 ὡς
355 4179 480 4260 οἰκείοις
499 4179 668 4265 προύόιτοις
689 4187 824 4246 ποιεῖται
845 4182 904 4266 την
950 4177 1082 4257 existit3
1099 4194 1160 4241 noa
1185 4178 1277 4241 enim
1292 4185 1393 4244 vocat
1407 4185 1572 4264 populum
1586 4203 1700 4268 suum,

155 4282 346 4371 έπιμίλειαν.
951 4286 985 4345 et
1006 4286 1171 4364 tanquam
1193 4284 1347 4366 proprias
1362 4302 1442 4350 oves
1461 4304 1522 4352 nos
1537 4306 1620 4351 cura
1635 4307 1699 4354 sua

954 4384 1055 4449 fovet.

198 4491 281 4559 Είτα
294 4493 403 4558 λοιπόν
426 4491 588 4558 ἀπειλοῦσι
604 4501 669 4570 τοῖς
693 4494 736 4579 μὴ
760 4489 903 4578 πειθομέ-
994 4488 1082 4550 Tum
1096 4487 1273 4553 minantur
1283 4508 1383 4570 porro
1393 4494 1562 4576 supplicia
1572 4495 1626 4560 his
1638 4497 1699 4578 qui

157 4618 222 4674 νοις
236 4599 295 4682 τὴν
317 4593 475 4682 τιμωρίαν,
494 4597 549 4661 καί
563 4605 603 4682 τῇ
618 4605 680 4661 τῶν
695 4593 841 4680 πατέρων
856 4596 905 4661 δε·
951 4591 1087 4657 suaderi
1099 4600 1267 4674 recusant,
1277 4600 1311 4657 et
1320 4603 1476 4660 revocata
1486 4604 1622 4680 patrum
1631 4619 1700 4665 me-

158 4700 330 4786 διττόμενοι
353 4700 472 4787 μνήμη,
487 4702 542 4765 καί
564 4700 618 4766 διόι
631 4708 689 4785 της
706 4697 834 4765 ἐκείνων
849 4721 906 4765 κα-
951 4695 1057 4760 moria
1077 4697 1277 4778 tremefacti,
1295 4703 1330 4762 et
1344 4700 1386 4764 ab
1409 4701 1546 4766 illorum
1561 4705 1700 4769 damna·

157 4802 307 4891 τηγορίας
329 4806 387 4890 τὴν
413 4802 569 4889 ὠφέλειαν
595 4802 903 4890 πραγματευόμενοι,
950 4801 1042 4864 tione
1055 4801 1139 4864 utile
1155 4807 1346 4882 repetentes
1362 4807 1567 4888 exemplum,
1584 4811 1700 4875 aiunt:

155 4908 212 4974 καί
227 4929 340 4995 φασιν·
356 4909 464 4994 ἐπειδὴ
481 4909 539 4993 τὴν
554 4905 710 4993 προτέραν
724 4906 815 4994 ημῶν
831 4906 905 4973 ἀσέ-
951 4903 1091 4980 Quando
1103 4903 1240 4986 quidem
1256 4907 1402 4985 priscam
1419 4908 1628 4989 impietatem
1641 4931 1700 4976 no·

158 5013 245 5082 θειαν
268 5015 320 5080 δεδι
334 5017 392 5101 τὴν
415 5012 533 5080 οἰκείαν
555 5009 788 5098 φιλανθρωπίαν
804 5013 821 5077 ό
836 5012 905 5078 δεσ-
951 5012 1056 5072 stram
1068 5026 1137 5090 prae
1148 5027 1212 5072 sua
1224 5009 1380 5088 ingenita
1395 5012 1576 5078 clementia
1587 5017 1702 5083 Domi·

157 5119 258 5204 πότης
272 5119 412 5204 παρεῖδε,
428 5127 483 5184 νῦν
500 5125 577 5202 γοῦν
592 5115 691 5181 αὐτοῦ
710 5125 905 5202 παραγνοῦν-
951 5131 1017 5178 nus
1035 5113 1249 5194 condonavit,
1273 5133 1364 5178 nunc
1382 5133 1466 5196 ergo
1488 5120 1603 5186 audita
1620 5141 1700 5188 eum
1780 5191 1784 5199 ,

158 5245 209 5303 τος
234 5224 402 5304 ἀκούσατε,
419 5223 473 5288 καί
496 5223 554 5306 την
577 5219 736 5306 σωτηρίαν
758 5219 905 5286 διδασκά-
952 5218 1290 5300 appropinquantem,
1318 5221 1484 5286 salutares
1507 5241 1573 5306 que
1601 5229 1698 5294 nobis
