4006 6090
839 471 883 536 IN
907 471 1102 536 PSALMOS·
1675 477 1739 540 ³39

192 609 271 695 δαῖς,
284 613 361 696 ὅπερ
373 609 496 697 σφόδρα
506 610 691 689 ποθοῦντος·
704 611 776 677 ἀλλ’
787 613 873 677 οὗτοι
885 613 941 698 μὲν
985 632 1066 679 voce
1092 613 1268 679 celebrabo
1295 616 1331 678 in
1358 615 1495 700 hymnis
1522 621 1556 680 et
1582 619 1735 700 canticis,

191 715 380 793 ἒκπεσόντες
394 715 576 781 ἐπανελθεῖν
592 717 679 801 εἶχον
695 713 841 795 ἐλπίδας·
855 716 941 804 ἡμᾶς
985 718 1075 800 quod
1099 719 1318 782 vehementer
1341 717 1565 797 desiderantis
1588 726 1649 786 est.
1673 723 1736 786 Ve-

191 819 226 884 δὲ
241 830 299 907 της
318 821 383 886 ἄνιυ
406 817 615 899 ἐκπίπτοντας
637 820 858 908 Ἰερουσαλὴμ,
881 820 941 888 οὐκ
984 840 1061 885 rurn
1077 823 1169 886 hisce
1189 824 1425 888 exsulantibus
1440 842 1517 905 spes
1541 827 1733 891 revertendi

191 925 275 990 ἔστιν
296 923 452 989 ἐπανόδου
474 933 599 1010 τυχεῖν·
621 926 657 990 τὸ
676 927 738 1010 γίιρ
761 935 822 1011 πῦρ
838 928 940 994 αὐτῶν
984 944 1052 990 non
1068 926 1191 990 deerat.
1208 928 1310 992 Nobis
1326 946 1406 993 vero
1421 931 1450 994 si
1466 948 1487 992 a
1501 932 1631 995 coelesti
1655 933 1733 996 Hie-

191 1028 229 1093 οὐ
245 1026 406 1115 σβήοτται.
984 1032 1133 1094 rusalem
1150 1029 1206 1114 [in
1222 1031 1328 1115 obitu]
1355 1034 1554 1114 excidimus,
1571 1037 1667 1099 nulla
1682 1054 1734 1100 re-

984 1133 1110 1197 deundi
1132 1136 1229 1216 eopia
1251 1141 1317 1199 est:
1344 1139 1472 1216 «ignis
1500 1140 1591 1202 enim
1615 1157 1733 1204 eorum

571 1263 590 1329 g
984 1255 1053 1301 non
1068 1240 1240 1302 morietur.
1256 1260 1273 1298 »

232 1361 263 1408 v.
282 1343 310 1407 7.
327 1338 502 1427 Μνησθητι,
525 1339 633 1427 Κύριε,
650 1349 711 1407 τιῖιν
732 1328 808 1406 υἱῶν
822 1337 938 1424 'utba
1027 1359 1059 1405 v.
1076 1343 1107 1406 7.
1122 1344 1244 1408 Memor
1261 1347 1337 1425 esto,
1356 1346 1502 1427 Domine,
1517 1347 1673 1430 filioram
1688 1349 1731 1412 Ε-

231 1444 271 1511 Οί
285 1445 345 1512 υίοί
358 1445 474 1532 Ἐδίυμ,
499 1446 528 1511 οί
543 1447 606 1511 ἀπὸ
629 1441 742 1527 Ἠσαῦ,
766 1447 821 1510 καί
845 1444 939 1510 &lob-
987 1444 1069 1510 dem.
1508 1523 1509 1528 γ

190 1569 249 1634 σης
263 1558 321 1634 της
337 1547 558 1636 Ἰερουσαλὴμ,
585 1547 792 1614 ίιπανέδαινον
811 1558 938 1634 πικρῶς,
1027 1551 1134 1613 Erant
1149 1549 1212 1614 filii
1227 1550 1333 1614 Edom
1350 1555 1528 1634 posteritas
1544 1555 1645 1635 Esau,
1662 1557 1733 1638 qui,

188 1653 248 1732 ίιυς
269 1652 427 1742 θεμελίων
453 1653 553 1740 σίντην
580 1653 781 1719 ἀνασπᾶσθαι
806 1652 940 1737 συμὸου-
983 1655 1098 1716 excisa
1122 1656 1324 1736 Jerusalem,
1351 1658 1605 1736 consurgebant
1628 1660 1735 1723 insen·

188 1758 343 1836 λούοντες.
356 1758 439 1836 Τοὺς
449 1757 596 1843 Ἀραὸας
607 1757 703 1842 λέγει,
713 1760 786 1834 τοὺς
797 1765 863 1834 τοῖς
875 1755 939 1822 Βα-
981 1759 1124 1838 sissime‚
1137 1761 1370 1840 conspirantes
1387 1766 1425 1824 nt
1440 1780 1480 1825 ea
1491 1762 1662 1826 deleretur
1677 1781 1733 1827 us·

188 1860 347 1940 6υλιυνίοις
363 1861 628 1947 συνεπιθεμένους,
645 1864 687 1927 ὢν
703 1864 758 1926 καί
781 1859 937 1948 μέμνηται
982 1879 1048 1944 que
1075 1862 1117 1926 ad
1146 1863 1376 1928 fundamenta.
1405 1865 1532 1930 Arabes
1562 1866 1731 1947 designat,

187 1975 327 2052 συνεχῶς
349 1967 366 2032 ὁ
388 1966 564 2052 προφήτης,
592 1967 638 2031 ὅτι
661 1975 821 2053 συγγενεῖς
848 1957 936 2044 ὄντες
981 1967 1041 2048 qui
1055 1965 1250 2048 Babyloniis
1273 1987 1309 2032 se
1332 1969 1569 2050 substiterunt,
1586 1989 1732 2054 quornm

187 2071 365 2161 πικρότεροι
379 2073 441 2138 τῶν
454 2069 611 2157 πολεμίων
622 2070 777 2156 ἐγένοντο,
794 2071 858 2152 οὓς,
875 2091 935 2156 φη·
980 2070 1175 2151 frequenter
1185 2071 1350 2154 propheta
1365 2075 1536 2153 meminit;
1554 2075 1628 2139 ideo
1640 2075 1730 2158 quod

186 2178 246 2260 σίν,
262 2173 438 2260 ἀπαίτησον
454 2173 615 2260 δίκην.οὐ
631 2177 692 2260 γὰρ
714 2174 807 2262 μέχρι
821 2184 878 2260 της
901 2173 935 2240 ἁ·
979 2175 1117 2252 cognati
1133 2175 1222 2254 licet,
1247 2176 1463 2240 immaniores
1480 2183 1577 2241 erant
1601 2181 1732 2244 caeteris

185 2281 311 2358 λιίισεως
323 2282 479 2364 ἔστησαν·
496 2279 738 2365 ἀνασπασθῆναι
748 2279 783 2344 δὲ
796 2281 850 2344 καί
862 2282 934 2358 τοὺς
979 2277 1143 2359 hostibus,
1159 2281 1330 2361 aquibus,
1347 2281 1469 2362 inquit,
1484 2297 1581 2346 sume
1603 2301 1730 2365 poenas.

186 2395 244 2472 της
258 2384 469 2470 Ἰερουσαλὴμ
483 2381 651 2470 θεμελίους
667 2382 842 2450 ἐδούλοντο.
870 2375 872 2380 ’
979 2382 1078 2447 Haud
1095 2385 1185 2447 enim
1202 2386 1319 2448 solum
1343 2385 1544 2450 institerunt
1562 2405 1671 2470 usqne
1689 2389 1733 2453 ad

229 2512 261 2556 v.
277 2494 307 2556 8.
324 2488 476 2575 Θυγάτηρ
492 2485 707 2575 βαὸυλῶνοςὴ
724 2485 933 2571 ταλαίπωρος,
979 2486 1160 2568 excidium,
1184 2487 1243 2552 sed
1266 2506 1393 2571 susque
1411 2488 1521 2573 deque
1542 2494 1631 2558 verti
1654 2492 1730 2556 fun-

184 2595 339 2682 μακάριος
354 2595 389 2672 ὃς
408 2591 624 2659 ἀνταποδὼστι
638 2613 687 2656 σοι
709 2593 746 2656 τὸ
761 2590 935 2657 ἀνταπόδσ-
980 2590 1140 2656 damenta
1155 2593 1328 2675 optabant.

185 2701 229 2787 μά
246 2723 312 2766 σου.
1022 2715 1055 2760 v.
1071 2698 1101 2760 8.
1114 2697 1207 2762 Filia
1218 2697 1395 2780 Βαίρῐοιιίτ
1405 2697 1536 2780 mirera,
1551 2697 1662 2766 ίουίιισ
1671 2701 1731 2784 ραι·

227 2803 322 2869 Κατὰ
337 2802 422 2869 δὲτὸ
446 2801 551 2889 ῥητὸν,
567 2802 627 2867 οὐκ
645 2802 729 2866 ἔστιν
750 2800 767 2866 ὁ
783 2809 932 2879 τοσοῦτος
977 2799 1135 2866 retribuet
1149 2799 1211 2864 titi
1224 2801 1468 2867 retribationem
1482 2806 1581 2866 tuom.

178 2918 234 2975 τοῠ
249 2906 413 2994 προφήτου
425 2907 536 2994 θυμὸς,
553 2904 624 2971 ἀλλ’
635 2906 674 2972 ἐκ
688 2905 857 2998 προσώπου
870 2913 931 2973 τῶν
1020 2905 1193 2978 Quantum
1210 2904 1253 2968 od
1269 2907 1428 2986 litteram,
1444 2907 1567 2972 similis
1587 2909 1639 2972 ira
1653 2925 1729 2991 pro-

177 3011 388 3100 αἰγμυιλιυτῶν
403 3008 425 3095 ἡ
441 3012 540 3095 πικρὰ
554 3020 612 3096 της
632 3007 779 3097 τιμωρίας
796 3008 930 3095 ἀπαίτη-
974 3007 1085 3088 phetas
1109 3027 1177 3072 non
1200 3014 1261 3090 est,
1281 3010 1340 3074 sed
1363 3012 1399 3074 iu
1423 3030 1567 3094 persona
1581 3015 1729 3096 captivo-

179 3139 246 3196 σις·
262 3117 279 3182 ὁ
293 3118 356 3203 γίιρ
368 3113 534 3201 προφήτης
548 3115 621 3181 καθ’
634 3114 745 3179 ἑαυτὸν
760 3111 807 3178 τό·
820 3112 859 3179 Εἰ
875 3113 927 3178 ἀν·
975 3130 1052 3175 rum
1067 3113 1107 3175 fit
1122 3131 1212 3176 saeva
1226 3116 1385 3196 supplicii
1406 3117 1614 3200 imprecatio.
1642 3121 1727 3182 Nam
1789 3177 1790 3181 ,

177 3220 351 3304 τεπέδιυκα,
368 3221 473 3305 ρησίν,
490 3227 554 3297 τοῖς
570 3216 754 3283 ἀποδιδοῠσί
766 3237 817 3304 μοι
828 3219 925 3298 κακὰ,
974 3216 1016 3280 de
1031 3219 1211 3298 semetipso
1224 3219 1388 3300 propheta
1402 3220 1501 3285 dicit:
1522 3223 1580 3287 «si
1594 3222 1726 3288 reddidi

177 3327 311 3412 κοίτην
334 3326 421 3410 παρὰ
443 3332 506 3390 τῶν
528 3323 630 3411 νόμον
652 3322 790 3408 ὑπτροίις
813 3343 929 3409 coppe·
973 3321 1240 3386 retribuentibus
1256 3323 1340 3386 mihi
1356 3327 1488 3406 mala»
1513 3327 1616 3390 etiam
1633 3330 1724 3391 ultra

180 3427 279 3515 ψεαρ,
973 3426 1098 3489 veteris
1113 3426 1202 3503 legis
1214 3443 1408 3491 mensuram
1427 3431 1725 3510 praetergrediens.

211 3669 240 3708 v.
252 3652 277 3708 7.
291 3653 358 3710 Vna
369 3651 394 3707 5.
405 3651 521 3720 Quanto
531 3649 673 3724 asperius,
683 3649 773 3705 etiarn
785 3653 854 3721 post
863 3647 928 3703 Ori·
972 3651 1030 3710 τοῖς
1046 3647 1169 3712 τιμωρίαν
1188 3646 1203 3698 ὁ
1220 3647 1359 3715 προφήτης
1376 3652 1528 3717 προτίρηαε.
1541 3651 1725 3718 Μακαρῑζεται

176 3753 290 3808 genem,
310 3737 461 3795 saevierint
482 3737 513 3792 in
532 3736 653 3794 Judaeos
671 3734 781 3792 Arabes
798 3733 928 3790 fanatico
972 3733 1002 3784 dt
1015 3733 1030 3784 ὁ
1043 3733 1138 3797 Κῦρος,
1151 3733 1167 3784 ὁ
1179 3733 1322 3797 κάκείνους
1339 3736 1460 3800 κολάσας
1471 3741 1519 3790 καί
1529 3739 1639 3802 τούτους
1651 3739 1724 3790 ἆλσο·

176 3829 252 3879 aesau
263 3823 377 3897 perciti,
391 3823 422 3879 in
434 3840 509 3896 quos
520 3821 599 3880 hand
610 3823 700 3880 semel
712 3820 878 3878 audivimus
891 3819 929 3877 O·
973 3820 1099 3885 θτρώσας.
1113 3817 1254 3873 “Etenim
1264 3835 1353 3890 quum
1365 3820 1456 3877 etiam
1463 3821 1522 3894 ipsi
1531 3821 1649 3878 illorum
1658 3841 1725 3896 par·-

174 3907 307 3981 rigenem
324 3909 430 3968 merito
450 3909 517 3966 odio
539 3911 696 3980 moestum,
720 3913 785 3964 tota
802 3905 929 3964 historie
972 3903 1050 3961 vulis
1063 3902 1220 3959 crudeliter
1237 3904 1322 3962 abusi
1334 3912 1442 3978 essent,
1460 3925 1562 3981 parem
1579 3908 1653 3982 ipsis
1664 3925 1725 3982 por-

175 4000 300 4051 oonstot.
971 4008 1040 4046 nam
1056 3989 1202 4063 propheta
1219 3992 1366 4064 praedixit.
1384 3994 1480 4068 Gyras
1498 4001 1598 4053 antem
1619 3995 1724 4054 beatus

211 4099 240 4140 v.
251 4083 277 4137 8.
291 4083 359 4140 Vnt.
373 4083 398 4138 b
412 4081 481 4143 Alia
498 4082 548 4138 hic
559 4081 666 4139 tribuit
684 4079 806 4154 Origeni
819 4077 927 4135 Oords-
972 4093 1037 4132 esso
1050 4075 1166 4146 dicitur,
1180 4077 1231 4150 qni
1244 4077 1318 4134 istos
1328 4080 1480 4154 supplicio,
1490 4081 1545 4137 hos
1554 4099 1624 4139 vero
1637 4083 1724 4140 liber·

175 4167 246 4239 rins,
256 4186 322 4241 quea
331 4169 399 4242 jure
411 4169 462 4224 BB
474 4169 681 4240 neglexerunt:
699 4170 805 4236 Ἐπειδὴ
817 4171 870 4236 γὰρ
881 4170 929 4221 καί
971 4168 1035 4220 tate
1047 4163 1196 4220 mactavit.
1210 4203 1225 4235 „
1238 4164 1283 4220 Cf.
1296 4167 1346 4222 Ps.
1358 4169 1447 4239 v11,5.
1461 4168 1604 4240 Origenes
1616 4169 1724 4226 alicubi

176 4259 253 4312 αὐτοὶ
263 4264 320 4324 τοῖς
333 4260 419 4334 αὐτῶν
431 4261 532 4327 νηπίοις
551 4261 622 4326 ὁμῶς
634 4259 793 4326 ίχρησαντσ,
809 4259 869 4324 ῑσην
882 4255 928 4309 αὑ·
973 4249 1044 4325 quid
1056 4249 1152 4307 simile
1164 4249 1262 4324 habet,
1275 4252 1327 4310 sed
1339 4253 1376 4311 de
1388 4253 1547 4329 AEgypffis.
