4044 6104
861 459 903 526 IN
927 458 1112 522 PSALMOS
1689 461 1749 524 371

210 594 282 662 ἀλλ’
292 594 401 681 ἐπειδὴ
417 592 439 678 ἡ
456 603 517 660 τῶν
539 594 666 679 ἀγαθῶν
686 596 790 680 σπορὰ
804 593 842 659 δι’
854 594 956 661 αὐτῶν
1001 613 1103 678 quam
1115 597 1280 660 bonarum
1297 615 1410 661 rerum
1422 616 1537 664 semen
1548 617 1608 682 per
1620 617 1677 664 eos
1689 617 1746 664 uo·

209 699 285 786 ἡμῖν
308 696 528 782 emollierat,
551 699 800 784 pompeiopoli
822 699 873 764 aa
895 709 956 764 τῶν
1003 701 1055 763 bis
1078 701 1285 780 immittitur,
1314 703 1597 782 quemadmodum
1628 723 1747 786 prava·

209 801 373 890 δαιμόνων,
389 802 439 868 δεῖ
457 800 542 889 ἡμᾶς
558 805 596 869 ἐκ
617 807 734 881 παντός
753 803 869 890 τρόπου
892 804 956 868 δια·
1002 822 1078 868 rum
1090 823 1149 886 per
1163 802 1331 870 demones
1344 809 1524 890 ingeritur,
1536 813 1667 890 oportet
1682 828 1746 874 nos

209 905 373 990 κρίνοντας
395 907 433 972 ἐκ
455 918 516 974 τῶν
538 908 726 995 σπερμάτων
741 909 956 994 διαγινώσκειν
999 910 1092 972 omni
1101 907 1199 971 modo
1211 909 1400 974 discernere
1415 913 1652 976 exseminibus
1670 931 1755 995 qua-

211 1015 283 1089 τοὺς
298 1010 446 1096 σπορὲοις.
1001 1013 1050 1076 les
1065 1013 1135 1074 sint
1150 1015 1287 1076 satores.

858 1295 1028 1374 Paolmue
1052 1291 1114 1370 II.

255 1556 287 1604 ν.
305 1541 335 1604 3.
351 1536 605 1624 Διαρρήξωμεν...
630 1537 697 1606 th.
713 1545 736 1605 t.
754 1557 789 1619 11,
804 1557 836 1621 p.
853 1540 928 1603 448.
1045 1557 1077 1602 ν.
1093 1541 1123 1602 3.
1146 1516 1748 1623 &remunerationemque

255 1642 319 1708 Καί
341 1643 447 1721 ἄλλως
469 1643 520 1728 tl,
549 1643 674 1710 πόντων
699 1651 761 1710 τῶν
786 1641 957 1729 εἰρημένων
1045 1645 1089 1708 Et
1103 1645 1170 1708 alio
1185 1645 1300 1709 modo:
1317 1647 1503 1711 Recensitis
1525 1647 1692 1726 omnibus,
1708 1651 1752 1713 si·

210 1747 365 1834 συνῆχθαι
378 1750 462 1814 κατὰ
484 1748 623 1832 Χριστοῦ
638 1755 780 1834 φανερῶν
802 1768 837 1814 τε
852 1748 907 1811 καί
921 1746 957 1811 ἀ·
1000 1765 1042 1811 ve
1058 1749 1191 1831 apertis,
1207 1749 1279 1813 aive
1302 1750 1498 1832 latentibus,
1513 1752 1573 1832 qui
1589 1751 1751 1816 adversm

210 1861 326 1937 φανῶν,
342 1851 530 1936 προστάττει
543 1855 616 1930 τοὺς
630 1860 688 1937 τῆς
699 1848 956 1934 είδωλολατρείας
1000 1852 1172 1916 christum
1186 1858 1428 1933 convenerunt,
1445 1853 1589 1937 imperat
1605 1856 1749 1921 disrum-

210 1955 376 2042 διαρρῆξαι
391 1957 534 2042 δεσμοὺς,
545 1958 600 2022 καί
614 1960 669 2022 τὸν
680 1955 778 2044 βαρὺν
788 1965 846 2042 τῆς
857 1956 957 2042 ἁμαρ
1000 1959 1124 2036 pantur
1164 1957 1304 2050 ¹vincula
1340 1956 1550 2039 idololatria,
1581 1965 1615 2023 et
1649 1959 1753 2041 proji-

209 2061 279 2140 τίσις
299 2059 469 2147 ἀπορρίψω
492 2061 597 2148 ζυγόν,
612 2062 658 2139 οίς
680 2059 956 2147 καταδεδουλωμό-
999 2059 1110 2123 oiatur
1147 2076 1252 2138 grave
1286 2059 1414 2141 J‘ugum
1447 2064 1587 2143 peceati,
1622 2064 1748 2144 quibus

209 2188 258 2231 νοι
271 2168 432 2263 πρότερον,
449 2165 567 2251 ἑτέροις
588 2170 738 2253 ἄρχουσιν
757 2165 955 2253 omnipo,
1000 2164 1081 2229 dum
1103 2167 1199 2247 prius
1214 2167 1428 2248 servivimus,
1449 2167 1570 2233 alienis
1588 2157 1749 2252 principi·

209 2271 307 2350 θεοὺς
321 2271 545 2359 ὀνομάζοντες·
568 2269 610 2348 ὡς
625 2271 664 2336 ἂν
687 2269 815 2356 ἐκείνων
834 2270 955 2336 ἐλιυθε·
999 2269 1220 2350 buesubJeoti
1237 2270 1476 2351 ruinasques
1499 2271 1578 2336 deos
1601 2275 1749 2355 appella-

210 2374 370 2460 ρωθόντες,
385 2377 440 2444 τόν
461 2375 599 2460 ἐλαφρόν
620 2385 675 2440 τοῦ
699 2383 841 2460 σωτῆρος
860 2374 955 2460 ζυγόν
998 2373 1122 2438 rimus.
1138 2375 1200 2438 ,Ex
1226 2375 1350 2456 quibus
1372 2373 1444 2456 jam
1471 2375 1617 2456 liberati,
1646 2396 1751 2442 suave

210 2476 442 2563 ἀναδιξόομιθα,
465 2478 561 2566 1φ’δν
580 2478 857 2566 προσκαλούμενος
872 2481 954 2565 ἔφη·
999 2479 1183 2542 salvatoris
1204 2477 1332 2558 jugum
1357 2480 1595 2561 suscipiamus,
1614 2489 1751 2566 propter

210 2581 307 2648 Δεῦτε
321 2581 399 2668 πρός
414 2603 454 2670 με
468 2583 593 2668 πάντες,
609 2582 639 2648 οἱ
653 2592 824 2662 κοπιῶντες
838 2583 893 2648 καί
902 2603 956 2648 πε-
1000 2573 1090 2663 quod
1116 2582 1295 2648 invitantis
1321 2600 1414 2648 more
1439 2585 1507 2648 ait:
1526 2607 1543 2646 ι
1559 2588 1680 2651 Venite
1704 2589 1747 2652 ad

209 2686 417 2774 φορτισμένοι,
432 2674 528 2774 κανόν’
547 2687 719 2754 ἀναπαύσω
741 2688 831 2774 ὑμᾶς,
853 2685 958 2753 τουτί·
1000 2704 1055 2750 me
1071 2703 1198 2767 omnes,
1214 2688 1275 2769 qui
1289 2687 1450 2753 laboratis
1466 2694 1500 2753 et
1514 2693 1644 2755 onerati
1657 2693 1747 2772 estis,

209 2813 276 2858 στιν
291 2793 390 2877 ἄρατε
404 2796 458 2858 τόν
470 2791 565 2878 ζυγόν
581 2812 640 2880 μου
659 2791 710 2877 ἐρ’
721 2792 812 2878 ὑμᾶς,
828 2796 883 2857 καί
896 2791 958 2857 ίδτ-
1001 2794 1036 2854 et
1046 2807 1111 2870 ego
1127 2789 1276 2856 reficiam
1288 2807 1381 2873 roe»
1399 2791 1577 2857 videlieet:
1597 2797 1749 2860 «Tollite

210 2917 245 2962 τε
261 2897 340 2963 ότιό
361 2895 456 2982 ζυγός
471 2918 530 2983 μου
544 2899 692 2984 χρηστὸς,
707 2899 762 2962 καί
775 2901 812 2964 τό
830 2894 957 2985 φορτίον
997 2893 1123 2975 jugum
1155 2912 1268 2958 meum
1298 2913 1401 2977 super
1429 2913 1536 2976 v0s‚»
1570 2903 1605 2961 et
1634 2899 1746 2964 videte

210 3021 270 3086 μου
285 2999 423 3086 ἐλαφρόν
438 3001 533 3068 ἐστιν.
822 3022 828 3034 ·
1003 3019 1020 3058 «
1033 3000 1114 3078 quia
1125 2997 1253 3079 iugum
1262 3003 1382 3063 'meum
1404 3017 1509 3064 suave
1525 3005 1585 3081 est,
1603 3005 1637 3066 et
1659 3020 1746 3067 onus

1001 3119 1115 3166 meum
1131 3104 1245 3166 leve.»

252 3227 283 3273 ν.
304 3211 354 3274 10.
370 3207 435 3274 Καί
449 3219 513 3294 νόν,
529 3209 676 3296 βασιλεῖς,
692 3209 816 3277 σύνετε·
831 3209 956 3276 παιδτό-
1042 3225 1073 3270 v·
1092 3208 1142 3269 10.
1159 3207 1205 3271 Et
1216 3224 1311 3286 ιιιιιιο,
1330 3211 1442 3300 Beato,
1465 3209 1650 3294 idolique,
1675 3228 1747 3276 σινι-

209 3312 286 3396 θηττ
300 3312 414 3391 πάντες
430 3313 459 3378 σί
474 3311 630 3398 κρίνοντες
644 3315 703 3400 τὴν
718 3323 789 3399 γῆν.
998 3309 1127 3388 timei,
1146 3310 1374 3392 praejudicatis
1389 3317 1521 3379 ίοινιιια.

251 3416 390 3503 Γνόντες,
417 3421 442 3484 ό)
468 3421 563 3501 οὗτοι,
589 3419 644 3482 καί
669 3417 825 3497 συνιόντες
851 3417 953 3504 όπόοη
1042 3413 1162 3476 Heusl
1194 3431 1274 3492 vos,
1305 3417 1407 3494 gnari
1447 3421 1481 3480 et
1516 3419 1748 3498 intelligentes

208 3543 253 3601 τις
268 3521 290 3608 ἡ
307 3521 434 3608 δύναμις
448 3535 504 3588 τοῦ
519 3525 608 3608 παρὰ
620 3534 677 3589 τοῦ
689 3522 814 3609 Πατρός
828 3524 954 3610 είληροι
998 3523 1126 3597 quanta
1141 3522 1289 3606 potestas
1307 3516 1381 3598 ejus
1395 3521 1451 3600 sit,
1467 3524 1526 3603 qui
1542 3541 1562 3585 a
1583 3526 1681 3588 Patre
1696 3541 1750 3588 ao·

207 3647 260 3704 τσς
275 3628 315 3693 τοὶ
329 3626 403 3712 ἔθνη
420 3628 464 3705 τίς
486 3627 709 3714 κληρονομίαν,
724 3631 780 3694 και
802 3627 896 3694 ὁποία
907 3651 953 3708 τις
997 3622 1087 3701 oepit
1113 3627 1234 3700 gentes
1261 3623 1296 3686 in
1324 3624 1564 3705 hereditatem,
1582 3630 1616 3690 et
1638 3627 1749 3708 qualis

209 3729 394 3818 οογχάοοιὴ
418 3732 532 3817 crepa
551 3730 713 3818 pagam
733 3732 902 3820 οιοθόμοο
924 3733 953 3798 ι.
997 3725 1042 3789 sit
1056 3726 1157 3804 virga
1183 3725 1244 3788 illa
1269 3725 1377 3790 ferrea
1392 3733 1509 3791 eontra
1535 3747 1594 3794 vos
1622 3738 1745 3809 eraota,

207 3835 434 3922 οιογοιοομιοη,
465 3837 628 3902 ιοοιοοοοθο
660 3836 869 3923 πολεμοῦντος
900 3839 955 3902 οὐ.
997 3829 1163 3910 quiescite
1186 3847 1207 3892 a
1228 3829 1317 3894 bello
1339 3835 1457 3894 eontra
1480 3849 1570 3912 eum,
1595 3835 1747 3912 virgam-

208 3947 260 4025 τῷ,
277 3941 331 4003 καὶ
346 3939 548 4006 καθ’ξαυτῶμ
569 3941 780 4027 ἐπισπώμενοι,
795 3943 1064 4028 &0251quss
1090 3933 1234 3996 ferream
1258 3935 1294 3997 in
1317 3936 1537 4016 VOSOEOiiPSOS
1560 3939 1744 4020 trahentes,

208 4051 266 4127 ραν
281 4041 405 4128 pastor,
418 4043 951 4132 ἀναλαὸόιτιςδιμαλλοιοιιιτοιι,
998 4035 1058 4100 sed
1080 4039 1192 4117 potius
1215 4044 1353 4119 aooepta
1376 4040 1616 4120 intelligentia,
1646 4045 1747 4108 ratio·

207 4145 332 4212 ὲτίδοττ
347 4146 478 4225 ἑαυτοὺς
493 4158 532 4234 τῇ
547 4148 660 4234 λογικῇ
676 4147 812 4235 παιδείᾳ,
828 4151 882 4214 τοι
901 4152 954 4215 τοι
998 4140 1104 4205 nabili
1130 4159 1190 4205 vos
1215 4142 1404 4225 disciplinae
1430 4145 1655 4212 instituendos
1678 4153 1745 4211 tra·

207 4250 302 4337 ζογὸι
317 4261 375 4337 της
389 4262 444 4317 τοῦ
460 4252 543 4320 Θιοῡ
555 4251 698 4332 δοολτιος
710 4252 895 4338 evagatae,
910 4253 952 4333 ὡς
998 4243 1078 4324 dite,
1095 4250 1129 4309 et
1149 4243 1276 4325 jugum
1302 4247 1429 4312 divinae
1451 4251 1626 4314 servitutis
1654 4269 1750 4316 assu·

208 4355 248 4420 ἃν
264 4355 453 4441 μετάσχοιττ
475 4365 532 4440 τῆς
547 4359 634 4442 τοιοοι
648 4367 692 4444 τῷ
717 4357 788 4446 θοῷ
804 4359 953 4445 οῡοοοοο.
997 4349 1090 4429 mite,
1105 4353 1145 4411 ut
1166 4348 1251 4413 forte
1272 4353 1454 4433 participes
1477 4355 1552 4418 sitis
1567 4355 1694 4418 laetitias
1710 4361 1745 4419 et

206 4475 264 4542 νης
286 4460 341 4524 και
363 4460 598 4546 ἀραλλιάοιιος·
622 4461 822 4541 δοολιύοιοος
847 4465 882 4530 οι
908 4475 952 4552 τῷ
998 4453 1217 4517 exultationis
1232 4471 1252 4516 a
1268 4456 1337 4518 Deo
1353 4457 1514 4520 oriundae.
1542 4458 1603 4521 Dei
1630 4465 1744 4522 autem

83 4557 100 4576 ⁸
207 4563 289 4650 Θεῷ,
306 4567 386 4649 μετὰ
401 4562 499 4649 ρόόσο
513 4576 605 4631 τοῦτο
620 4575 748 4649 ποιεῖτε,
760 4569 815 4632 και
826 4567 952 4655 χοῖροι
996 4557 1135 4620 servitio
1152 4558 1345 4639 mancipati,
1362 4559 1396 4622 id
1411 4579 1489 4624 eum
1505 4566 1650 4625 tremore
1673 4565 1746 4642 agi-

206 4687 257 4744 ττς
272 4669 327 4732 καὶ
341 4667 571 4754 ἀγαλλιώμενοι
586 4669 637 4734 int
650 4679 689 4756 τῇ
713 4680 768 4734 τοιτ
785 4670 867 4738 Θοοῡ
883 4673 952 4740 δοο.
996 4667 1040 4741 te;
1057 4661 1159 4724 etiarn
1176 4661 1245 4725 laeti
1261 4668 1295 4725 et
1306 4665 1528 4728 exultabundi
1545 4666 1586 4730 ob
1601 4667 1744 4730 servitu·

206 4769 286 4856 detq,
301 4774 358 4836 σὺν
372 4771 476 4858 τρόμῳ
487 4776 542 4837 καί
557 4772 677 4860 ἀγωνίᾳ
686 4785 779 4841 τοῦτο
792 4776 953 4860 πράτττττ·
990 4771 1066 4829 ¹tent
1089 4766 1159 4845 Dei,
1174 4783 1253 4830 oum
1269 4773 1361 4830 metu
1385 4774 1419 4830 et
1442 4769 1660 4850 trepidatione
1684 4770 1748 4833 hoo

240 4992 289 5048 Ps.
304 5009 335 5064 rr,
348 5012 375 5051 ν.
387 4996 413 5050 2.
425 4995 519 5051 Vatia.
533 4996 575 5066 10,
585 4994 648 5052 sive
658 4996 735 5051 1682.
748 4996 853 5053 Matth.
867 5017 909 5070 xi,
918 5002 955 5057 28
1034 5017 1060 5054 ν.
1072 4999 1114 5054 10.
1127 4997 1222 5054 Vatia.
1234 4999 1275 5054 13.
1288 4997 1410 5056 Initium
1420 5000 1483 5058 sine
1493 5003 1637 5060 varietate
1647 5010 1750 5061 tenent

205 5079 344 5137 Glossula
361 5087 407 5137 καί
424 5083 513 5148 ἄλλοις
531 5081 620 5140 aliam
639 5083 778 5157 supponit
796 5088 954 5160 expositio·
998 5086 1063 5144 edd.
1076 5102 1149 5158 quos
1169 5083 1262 5142 eodex
1280 5085 1358 5143 haud
1383 5086 1575 5162 ineleganter,
1588 5109 1642 5148 neo
1661 5099 1750 5165 rupta

204 5187 279 5240 nem,
291 5168 452 5244 putautiu
465 5167 529 5225 edd.
837 5211 841 5218 -
943 5231 946 5244 ,
1000 5175 1084 5246 serie,
1097 5172 1290 5249 persequitur.
