4036 6090
828 433 870 494 IN
895 435 1079 498 PSALMOS
1668 446 1726 508 101

236 551 320 642 Ὅρα
335 557 428 624 πάλιν
444 560 603 646 οἰκτιρμοῦ
614 563 739 647 τρόπον·
752 565 803 630 διὰ
817 568 852 630 τό
868 569 938 644 τοὺς
1027 573 1110 634 Vide
1126 591 1244 636 rursus
1261 575 1397 638 modum
1414 579 1582 643 excitandi
1599 582 1727 644 miseri·

191 659 324 746 ἐχθροὺς
339 663 509 747 παροξύναι
524 668 560 730 τό
576 667 684 754 όνομοι,
697 667 873 737 έπανέτεινε
886 675 938 738 τόν
983 673 1145 738 cordiam:
1161 682 1337 758 propterea
1352 680 1441 760 quod
1454 682 1583 746 inimici
1596 685 1731 748 irritant

190 764 306 848 τρόπον
328 767 389 832 τῶν
412 768 597 854 οίκτιρμιῖιν·
619 775 675 837 καί
698 771 792 858 θηρία
814 775 866 840 διὰ
880 777 961 861 την·
985 795 1117 858 nomen,
1135 780 1305 859 protendit
1327 789 1569 860 argumentum
1592 787 1730 850 misera·

190 867 341 954 ὠμότητα
368 874 441 949 τοὺς
470 872 601 959 ἐχθροὺς
634 875 848 964 ἀποκαλέσας,
880 882 934 945 καί
985 883 1127 964 tionum,
1149 885 1251 947 etiam
1274 885 1399 950 bestias
1423 888 1578 954 inimicos
1601 907 1730 954 nuncu-

190 973 323 1059 ἔχοντάς
348 997 378 1040 τι
395 963 477 1055 Ιτοὺς
503 978 730 1064 ἡμαρτηκότας
753 984 939 1070 συγγνώμης
983 1005 1068 1068 pens
1081 988 1123 1051 ob
1134 988 1380 1068 crudelitatem,
1393 995 1426 1054 et
1437 991 1528 1071 quod
1540 998 1731 1073 peccatores

190 1077 242 1142 διὰ
256 1086 314 1164 τῆς
336 1079 602 1168 ἐξομολογησεως.
627 1085 728 1152 Τοῦτο
752 1088 786 1152 δὲ
809 1091 938 1174 εὔχεται
984 1090 1066 1170 quid
1082 1091 1189 1154 veniae
1206 1091 1353 1156 habeant
1368 1095 1403 1156 in
1419 1101 1632 1174 peccatorum
1654 1116 1731 1162 con-

190 1183 233 1267 μὴ
249 1181 428 1269 ὑλοτρόπως
450 1184 623 1252 ἀπολέσθαι
642 1191 700 1276 την
714 1189 936 1278 Ἰερουσαλὴμ,
981 1193 1135 1258 sessione.
1157 1197 1195 1258 In
1213 1196 1275 1260 hoo
1291 1214 1370 1261 vero
1386 1200 1593 1279 postuletne
1609 1203 1729 1266 Hieru-

188 1287 276 1352 θκαὶ
290 1285 437 1373 γέγονεν·
455 1290 567 1356 πολλοί
582 1293 645 1377 γὰρ
660 1293 722 1359 τιῖιν
738 1297 937 1380 σταυρωσόν-
981 1299 1086 1361 salem
1102 1299 1261 1364 universa
1284 1303 1384 1365 ruina
1399 1301 1505 1382 cadat,
1526 1305 1577 1368 uti
1601 1308 1724 1370 evenit.

188 1409 250 1456 νων
264 1389 450 1460 ἐπίστευσαν
465 1397 520 1460 καί
535 1395 709 1481 ἐσώθησαν.
982 1403 1079 1466 Multi
1110 1403 1201 1466 enim
1232 1421 1274 1468 ex
1301 1404 1355 1469 his
1381 1407 1441 1486 qui
1471 1406 1723 1490 crucifixerunt,

980 1505 1197 1572 crediderunt
1212 1511 1247 1570 et
1260 1510 1347 1572 salvi
1363 1509 1442 1573 iacti
1458 1516 1548 1574 sunt.

232 1619 263 1663 ν.
288 1601 339 1664 22.
365 1599 515 1684 Ἀνάστα,
540 1604 557 1668 ό
580 1602 670 1684 Θεὸς,
693 1603 822 1672 δίκασαν
844 1606 934 1691 δίκην
1021 1609 1349 1692 eunomianum,
1361 1612 1722 1692 jndiecccoscmtnom.

187 1721 255 1768 σου.

230 1805 412 1893 Ἀνάστηθι,
425 1811 478 1874 καί
491 1808 620 1878 δίκασαν
631 1814 689 1897 τὴν
701 1811 791 1898 δίκην
808 1835 874 1879 σου.
891 1812 931 1880 Ἡ
1020 1819 1176 1896 Exsurge
1193 1821 1227 1880 et
1236 1817 1353 1897 judica
1368 1837 1505 1882 causam
1522 1823 1627 1883 tuam.
1651 1824 1723 1886 Non

185 1910 385 1996 ὑπερηφανία
398 1913 460 1978 των
481 1915 635 2000 δαιμόνων
658 1919 711 1982 καί
736 1919 796 1983 τῶν
820 1918 930 2002 αἱρετι-
975 1922 1038 1985 tibi
1054 1921 1173 1999 ignota
1188 1925 1239 1984 est
1258 1922 1454 1998 arrogantia
1470 1923 1670 1986 daemonum
1692 1931 1725 1988 et

186 2015 250 2078 κων
265 2015 444 2102 ἐγνωσμένη
461 2017 511 2083 σοί
524 2019 616 2084 ἐστιν.
976 2024 1233 2088 haereticorum.

221 2190 247 2229 v.
261 2172 304 2227 22.
318 2173 384 2229 Vat.
398 2175 423 2242 3,
438 2177 463 2230 6.

765 2361 934 2437 Psalmus
960 2359 1149 2437 LXXIV.

227 2605 258 2648 ν.
278 2588 305 2649 l.
322 2585 377 2663 Εἰς
392 2588 428 2650 τό
450 2584 549 2668 τέλος,
574 2589 617 2672 μὴ
634 2587 824 2674 διαφθείρῃς,
847 2589 927 2674 ψαλ-
1017 2611 1047 2653 ν.
1068 2594 1095 2654 l.
1113 2595 1155 2655 [κ
1165 2592 1282 2674 ficem,
1301 2611 1340 2658 cc
1355 2612 1551 2677 corrumpas,
1572 2599 1722 2678 psalmus

185 2689 241 2772 μδς
257 2687 421 2776 οῷἈσόιφ
437 2689 530 2776 ᾠδῆς.
557 2695 623 2758 Vnt.
640 2693 715 2773 oto,
732 2695 762 2756 2.
975 2696 1095 2762 cantici
1109 2696 1230 2778 Asopi.

224 2789 262 2858 Ὁ
278 2793 313 2857 δέ
329 2792 514 2880 Σύμμαχος·
528 2794 697 2874 Ἐπινίκιος
716 2797 787 2880 περί
810 2796 930 2881 ἀφθαρ-
1018 2801 1239 2882 Symmachus
1250 2819 1346 2866 vero:
1365 2802 1600 2885 Pttompltolt's,
1617 2805 1654 2870 dc
1664 2808 1724 2871 im·

181 2893 250 2974 είας
265 2896 389 2983 ψαλμδς
405 2897 498 2983 ᾠδῆς.
975 2903 1183 2984 mortalitate,
1196 2906 1493 2986 ρυιιίυιαιοακίίοί.

224 3000 357 3087 Είρηται
378 3003 432 3068 καί
455 3004 546 3081 ούτος
568 3004 726 3092 όψαλμδς
749 3006 787 3072 ἐκ
809 3004 931 3090 προσόν·
1018 3008 1173 3072 Dictatus
1187 3009 1289 3073 etiam
1302 3015 1353 3074 est
1364 3011 1419 3073 hic
1434 3013 1585 3092 psalmus
1597 3030 1638 3077 ex
1651 3032 1725 3095 per·
1820 3047 1828 3063 κ

179 3125 240 3172 που
261 3107 322 3171 των
344 3109 378 3173 έν
397 3105 561 3174 Βαόυλωνι
583 3108 798 3194 δορυαλύτων,
822 3111 927 3195 ὑμνεῖν
973 3128 1057 3174 sona
1074 3114 1096 3174 J
1099 3111 1270 3176 udaeorum
1287 3114 1323 3177 in
1346 3113 1516 3196 Babylone
1539 3117 1604 3179 sub
1625 3118 1723 3182 hasta

179 3211 233 3274 τόν
259 3208 341 3276 Θεὸν
366 3210 630 3299 ὑπισχνουμένων,
658 3215 733 3279 όταν
760 3223 816 3301 τῆς
843 3213 927 3291 θείας
973 3220 1173 3295 emptorum,
1186 3217 1294 3280 Deum
1304 3216 1584 3299 hymnisoantare
1599 3240 1721 3286 voven-

179 3313 308 3399 χόριτος
323 3313 534 3381 ἀπολαύσωσι.
551 3317 646 3384 Κατὰ
667 3317 703 3384 δέ
723 3341 818 3402 τινας,
836 3319 930 3405 εύχα-
974 3319 1072 3397 tium,
1095 3320 1231 3401 quando
1253 3320 1380 3385 fuerint
1403 3322 1554 3387 divinam
1573 3329 1720 3404 gratiam

179 3417 334 3504 ριοτήριός
349 3419 443 3499 ἐστιν,
467 3419 508 3498 ὡς
531 3421 593 3486 ἀπό
608 3420 755 3508 Ἐζεχίου
777 3423 856 3508 ὑπὲρ
872 3431 928 3508 της
973 3424 1154 3486 consecuti.
1176 3425 1283 3487 Juxta
1305 3427 1497 3505 nonnullos,
1520 3429 1717 3495 eucharisti·

177 3530 240 3588 τῶν
254 3522 429 3609 Ἀσσυρίων
444 3524 642 3609 ἀναιρέσεως.
658 3525 869 3611 Ὑψηλότερος
892 3527 927 3590 δέ
973 3545 1043 3606 cus,
1060 3529 1158 3608 quasi
1170 3526 1213 3591 ab
1224 3545 1281 3591 ore
1293 3529 1445 3592 Ezechia
1457 3530 1497 3593 de
1506 3535 1721 3614 Assyriorum

178 3627 249 3710 περὶ
271 3625 447 3712 ἀφθαρσίας
470 3627 487 3692 ό
507 3628 610 3714 λόγος,
634 3638 691 3715 της
713 3639 777 3708 τοῖς
800 3629 928 3707 δικαίοις
974 3630 1215 3693 internecione.
1234 3665 1271 3675 —
1290 3632 1474 3695 Sublimior
1497 3639 1611 3697 autem
1636 3638 1721 3698 ratio

177 3729 400 3816 ἀποκειμένης,
418 3734 463 3812 οίς
475 3735 529 3797 καὶ
540 3736 577 3798 τδ
592 3743 649 3819 τῆς
664 3732 754 3818 νίκης
773 3733 928 3819 ἀποτεθη-
975 3739 1027 3797 est
1042 3733 1083 3797 de
1099 3735 1159 3797 illa
1175 3735 1438 3814 immortalitate,
1455 3753 1531 3816 quse
1543 3737 1646 3816 justis
1670 3757 1719 3801 re-

178 3833 341 3919 σαύριοται
357 3834 497 3921 βραθεῖα.
514 3837 568 3902 Διό
584 3841 638 3904 καί
662 3837 809 3916 ἐπινίκιος
825 3838 926 3925 ἐπιχέ-
972 3837 1139 3916 conditur,
1156 3837 1281 3918 quibus
1305 3855 1440 3918 quoque
1456 3841 1605 3903 victoriae
1621 3860 1714 3923 prae·
1743 3833 1748 3846 '

175 3960 325 4024 γραπται,
340 3943 395 4005 καί
410 3943 453 4020 είς
476 3945 511 4006 τό
527 3941 617 4020 τέλος
639 3941 724 4029 ἡμᾶς
740 3941 925 4028 ἀναπέμπει,
971 3943 1040 4004 mia
1050 3957 1113 4005 ceu
1126 3942 1161 4004 in
1173 3941 1344 4006 thesauris
1356 3945 1503 4023 reposita
1514 3950 1604 4008 sunt.
1615 3946 1716 4011 Idcir-

176 4045 247 4127 περί
262 4045 299 4108 ού
315 4052 409 4130 φησιν
424 4046 441 4110 ὑ
457 4045 648 4124 ἀπόστολος·
670 4047 751 4112 Είτα
766 4051 802 4112 τὸ
825 4046 924 4128 τέλος,
973 4062 1011 4108 co
1027 4045 1239 4125 triumphetis
1254 4045 1452 4110 inscribitur
1468 4049 1504 4110 in
1521 4050 1716 4132 epigraphe,

177 4147 252 4212 όταν
278 4151 409 4235 παραδῷ
435 4152 494 4236 την
521 4149 681 4237 βασιλείαν
708 4160 751 4238 τῷ
778 4150 850 4237 Θεῷ
873 4153 928 4216 καί
972 4154 1007 4214 et
1017 4149 1169 4232 adfinem
1179 4167 1240 4212 nos
1253 4151 1406 4229 remittit,
1415 4151 1456 4214 de
1469 4169 1535 4232 quo
1545 4152 1628 4217 dicit
1636 4158 1720 4236 Apo·

175 4249 295 4336 Πατρί·
318 4253 362 4330 είς
384 4254 402 4318 δ
425 4254 454 4319 οἱ
475 4254 611 4320 ἐνταῦθα
628 4259 682 4321 τόν
704 4255 803 4320 καλὸν
819 4255 928 4341 ἀγῶνα
971 4256 1087 4318 stolus:
1104 4253 1258 4318 «Deinde
1270 4254 1358 4334 finis,
1369 4272 1474 4335 quum
1487 4257 1721 4322 tradideritre·

177 4356 385 4439 νενικηκότες,
401 4367 458 4443 τῆς
474 4359 635 4444 ἀφθάρτου
656 4359 740 4446 ζωῆς
755 4360 925 4443 τεύξονται,
971 4377 1081 4438 gnum
1097 4359 1166 4422 Deo
1183 4363 1216 4420 et
1232 4359 1333 4421 Patri.
1347 4380 1364 4417 ν
1379 4361 1505 4441 Nempe
1517 4362 1653 4443 qnando
1669 4365 1720 4427 ilii

176 4459 289 4544 ἣπερί
311 4461 391 4546 [τοῦ]
414 4465 468 4527 τόν
490 4462 664 4550 ἀρξάμενον
687 4465 781 4550 έρχου
805 4463 926 4552 ἀγαθοῦ
972 4464 1082 4545 quiin
1098 4462 1204 4525 nobili
1216 4463 1361 4527 victores
1374 4466 1569 4544 certamine,
1583 4467 1719 4532 immar-

176 4563 353 4630 ἐπιτελέσαι
368 4568 444 4631 αὐτό
459 4568 560 4652 δεῖ[ν].
577 4568 635 4634 Διὰ
648 4579 751 4652 τοῦτο,
768 4570 812 4647 είς
827 4573 864 4635 τὸ
875 4568 923 4634 τέ·
968 4568 1159 4632 cescibilem
1179 4567 1286 4629 vitam
1309 4575 1571 4649 consequentur,
1588 4572 1641 4633 vel
1667 4573 1718 4634 uti

176 4665 242 4748 λος,
258 4670 301 4754 μὴ
324 4668 512 4756 διαφθείρῃς,
534 4671 666 4756 εἴρηται,
686 4675 738 4736 ίνα
762 4672 853 4759 μέχρι
876 4672 923 4739 τέ·
968 4676 1108 4754 oportet,
1116 4672 1298 4752 incaeptum
1310 4671 1389 4733 boni
1401 4672 1625 4752 operisfinern
1639 4693 1715 4739 con-

212 4873 260 4930 Ps.
274 4891 378 4934 nxxrv.
397 4876 464 4932 Vnt.
485 4879 526 4932 15.
542 4878 556 4932 1
569 4877 634 4934 Cor.
654 4895 705 4950 xv,
718 4879 761 4934 24.
779 4879 872 4936 Field.
891 4897 923 4950 rr,
967 4879 1008 4934 rit
1020 4895 1038 4933 s.
1050 4875 1228 4932 Senioribus.
1241 4873 1300 4930 eoo
1312 4873 1469 4946 diligenter
1481 4875 1603 4933 adverte
1615 4879 1647 4932 in
1658 4878 1719 4935 fine

175 4962 237 5016 219.
245 4960 342 5018 Verba
350 4961 477 5034 plurime
487 4963 613 5020 conenit
621 4963 774 5036 Eusebius,
787 4965 925 5039 penoiora
969 4981 1034 5034 ηοω
1047 4961 1118 5018 aiibi
1134 4979 1193 5018 non
1210 4959 1298 5018 facile
1315 4961 1454 5034 reperies,
1471 4961 1507 5018 de
1525 4981 1583 5020 uno
1601 4971 1720 5022 cantore

175 5063 339 5120 anonymus
361 5049 411 5119 qui
431 5049 606 5106 brevissima
623 5049 735 5106 scholia
751 5050 925 5124 perstrinxit
969 5050 1016 5105 cui
1033 5049 1132 5122 plures
1150 5046 1309 5104 succedunt
1320 5048 1352 5102 in
1364 5046 1466 5104 eodem
1483 5051 1603 5123 psalmo,
1616 5057 1679 5107 turn
1691 5070 1719 5108 e·

175 5131 324 5188 Corderio.
338 5133 414 5200 Quid
427 5136 454 5190 si
472 5136 614 5206 Origenes
633 5136 695 5208 ipse
714 5137 798 5208 plura
810 5155 925 5211 recepe·
970 5137 1042 5194 tiam
1055 5153 1090 5192 es
1102 5153 1167 5206 qnae
1179 5137 1299 5203 ὑπακοὴν
1312 5136 1444 5192 innuunt.
