4036 6090
292 371 352 430 144
711 347 712 350 ‘
967 367 1178 431 ontcnnns

292 507 382 593 γὸνες
395 529 404 545 ·
419 509 465 585 οῖς
488 511 542 572 καί.
563 504 651 590 ἡδεῖς
666 507 742 572 εἰσιν
758 506 787 570 οἱ
809 505 926 570 τούτων
940 503 1040 590 λόγοι,
1086 507 1328 584 magistrorum
1341 509 1519 591 colloquia,
1533 513 1649 590 utpote
1661 514 1838 573 turturum

290 609 331 687 ὡς
338 610 494 696 τρυγόνων
505 619 733 695 πνευματικῶν.
743 602 789 674 Ἢ
801 611 915 686 οὕτως·
932 628 1041 692 στρου·
1086 610 1398 698 ερὶτίῖυυ]ίυιυ.γῖίε1
1410 614 1445 676 in
1456 613 1521 676 hae
1533 615 1712 678 sententia:
1726 632 1836 694 passe-

289 715 341 782 θία
357 716 413 801 μὲν
427 724 489 780 τῶν
501 713 671 800 ἀνθρώπων
686 711 854 779 αἰνίττεται
866 713 922 789 τὰς
935 712 1041 796 ψυχὰς
1088 711 1295 799 resjquidem
1305 717 1652 797 significantanimas,
1669 735 1753 798 quas
1770 721 1836 799 spi-

289 823 346 898 τδις
361 819 421 885 ὑπὸ
447 829 502 884 τοῦ
522 829 637 904 νοητοῦ
663 817 777 903 ἐχθροῦ
805 814 1038 901 ἀγρευομένας·
1087 819 1222 881 ritualis
1239 820 1498 908 inimicusmore
1510 823 1680 884 venatoris
1690 823 1837 903 insequi·

290 923 436 1010 τρυγόνες
459 923 494 987 tt
516 925 573 1000 τὰς
588 924 622 988 ἐν
644 921 755 1008 ἁγνείᾳ
776 923 831 984 καὶ
853 919 1040 1006 σωφροσύνῃ
1088 927 1158 1004 tur3
1171 929 1320 988 turtures
1333 943 1411 990 vero
1424 945 1480 991 eas
1493 929 1836 1009 animas,quaeinpu·

295 1027 401 1107 ζώσας
413 1025 519 1113 ψυχάς
530 1047 537 1062 ·
548 1025 634 1112 λέγει
646 1027 701 1091 οὖν
713 1026 759 1089 δτι
770 1033 858 1088 πᾶσα
870 1023 958 1109 ψυχὴ
970 1022 1044 1088 ταίι-
1087 1031 1187 1095 ritate
1203 1036 1238 1094 et
1251 1033 1405 1096 castitate
1421 1035 1551 1096 vivunt.
1569 1035 1625 1096 Ait
1647 1049 1729 1112 ergo
1745 1031 1835 1112 quod

292 1152 352 1216 τιγν
367 1129 493 1215 εὑρήσει
508 1131 707 1215 καταφυγὴν,
723 1131 782 1214 τὴν
798 1129 842 1206 εἰς
857 1131 893 1193 τὸ
908 1127 1041 1193 doctos·
1089 1137 1198 1198 omnis
1224 1137 1338 1198 anima
1359 1137 1422 1199 hoc
1449 1137 1645 1217 perfugium
1673 1136 1833 1213 inveniet,

292 1233 399 1319 τίγριόν
415 1256 473 1300 σου
489 1235 620 1299 είσοδον.
637 1233 693 1298 Δεῖ
701 1233 851 1318 πρότερον
863 1253 932 1296 τινα
947 1254 1042 1299 σπου·
1091 1239 1183 1302 huno
1195 1237 1296 1318 Juxta
1310 1244 1410 1304 tuum
1421 1227 1526 1304 altare
1538 1257 1721 1303 accessum.
1738 1241 1838 1319 Opor-

292 1342 387 1407 δάσαι
402 1340 504 1427 ἑαυτῷ
527 1342 613 1406 οῖκον
633 1341 744 1424 εὑρεῖν,
768 1340 802 1406 ἐν
825 1341 850 1426 ᾧ
874 1337 1042 1424 δυνήσεται
1089 1347 1138 1405 tet
1152 1345 1300 1424 primum
1323 1344 1479 1407 nonnulli
1502 1344 1640 1407 domum
1655 1343 1721 1406 sibi
1745 1343 1838 1406 inve-

292 1445 440 1526 δέξασθαι
454 1446 547 1528 Θεδν,
564 1447 673 1510 ἔπειτα
692 1444 728 1508 δὲ
744 1447 798 1509 καὶ
822 1443 939 1521 ἄλλους
953 1451 1044 1527 ποιῇ·
1090 1448 1196 1526 niant,
1224 1449 1260 1512 in
1287 1465 1355 1529 qua
1379 1449 1515 1511 valeant
1541 1449 1649 1511 Deum
1673 1447 1839 1526 excipere,

293 1572 345 1615 σαι
361 1551 466 1626 οἴκους
482 1547 575 1616 Θεοῦ.
592 1548 796 1634 Χρησώρεθοι
807 1548 841 1612 δὲ
856 1555 921 1624 τοῖς
938 1546 1045 1631 ῥητοῖς
1091 1552 1211 1617 deinde
1238 1557 1272 1616 et
1297 1553 1382 1616 alias
1397 1551 1516 1614 domus
1532 1552 1593 1615 Dei
1609 1550 1765 1613 condant.
1778 1550 1839 1612 His

295 1656 373 1739 πρὸς
388 1657 461 1732 τοὺς
473 1652 671 1739 ἀκαθάρτους
683 1651 864 1736 ἀνθρώπους
876 1652 931 1716 καὶ
943 1648 1046 1714 διδάσ-
1089 1657 1202 1719 verbis
1226 1660 1372 1734 utamur,
1396 1654 1585 1733 dirigendis
1607 1655 1652 1718 ad
1676 1655 1840 1718 innocuos

295 1779 362 1824 κειν
370 1757 616 1843 ἐπιχειροῦντας.
625 1754 786 1841 Κατδιιὴν
797 1757 918 1820 ἔννοιαν
927 1763 983 1819 τοῦ
991 1752 1045 1839 po·
1091 1761 1180 1822 viros
1196 1766 1230 1823 et
1251 1761 1311 1840 qui
1327 1759 1454 1823 erudiri
1476 1761 1612 1823 solliciti
1635 1765 1725 1824 sunt.
1743 1758 1836 1836 Quod

293 1871 359 1943 τοῦ,
376 1861 489 1948 μείζων
504 1861 525 1947 ἡ
542 1861 664 1946 τρυγὼν
679 1869 734 1924 τοῦ
750 1858 921 1944 στρουθίου.
1091 1867 1222 1945 spectat
1247 1864 1290 1926 ad
1312 1865 1376 1928 loci
1399 1866 1622 1944 sententiam,
1645 1868 1759 1927 turtur
1784 1880 1841 1944 po-

1091 1971 1158 2033 tior
1173 1973 1224 2032 est
1238 1987 1382 2050 passere.

338 2092 370 2136 v.
388 2075 418 2155 6,
436 2074 465 2136 l.
481 2068 669 2146 Ἀναδάσεις
691 2068 725 2134 ἐν
749 2077 787 2154 τῇ
811 2067 926 2153 καρδία
948 2068 1045 2131 αὐτοῦ
1134 2091 1166 2135 ν.
1184 2076 1213 2154 6,
1229 2074 1259 2136 7.
1275 2071 1485 2139 Asceasiones
1498 2074 1536 2137 itt
1556 2071 1718 2138 cordetuo
1733 2072 1838 2152 dispo-

295 2175 414 2242 διὲθετο
429 2176 463 2240 ἐν
477 2184 516 2260 τῇ
539 2173 675 2239 κοιλάδα
690 2182 745 2238 τοῦ
768 2171 983 2257 κλαυθμῶνος,
999 2171 1044 2247 εἰς
1090 2179 1168 2257 snit,
1179 2177 1340 2242 invallem
1351 2179 1579 2260 lacrymarum,
1594 2177 1631 2242 in
1638 2178 1839 2258 lomtmqaem

295 2282 350 2344 τὸν
363 2280 459 2344 τόπον
474 2282 509 2346 δν
525 2278 623 2345 ἔθετο.
1085 2283 1210 2364 poterit.

339 2383 383 2450 At
399 2381 566 2460 ἀναδάσεις
582 2385 673 2448 αὐταὶ
685 2391 745 2448 τῶν
756 2379 904 2467 γνιίισευν
917 2389 955 2466 τῇ
968 2399 1045 2462 aop-
1136 2386 1233 2450 Oordi
1263 2386 1412 2450 subeunt
1441 2386 1654 2450 ascensiones
1683 2385 1839 2448 scientia-

298 2488 350 2574 δίᾳ
377 2486 596 2573 σνμῧαίνονστν
623 2489 662 2552 ἓν
691 2497 747 2572 τῆς
771 2484 967 2570 &vidilicet
990 2495 1046 2550 τοῦ
1093 2511 1180 2572 rum,
1212 2493 1285 2572 ipsa
1311 2492 1373 2555 Dei
1399 2489 1534 2554 favente
1559 2490 1677 2569 tutela,
1707 2489 1744 2552 id
1770 2492 1840 2552 est:

299 2594 393 2676 Θεοῦ,
404 2591 564 2657 τουτέστιν
575 2593 630 2656 καὶ
641 2591 675 2656 ἐν
686 2601 725 2676 τῇ
737 2589 853 2675 καρδίᾳ
866 2591 962 2654 αὐτοῦ
972 2589 1047 2654 ἀνα·
1092 2615 1225 2679 semper
1240 2597 1275 2659 in
1294 2595 1392 2660 corde
1410 2594 1496 2674 justi
1512 2593 1700 2658 ascendunt
1714 2593 1842 2669 cogitn-

301 2697 400 2763 θαίνεν
423 2698 464 2762 τὰ
485 2698 557 2782 περὶ
579 2705 636 2780 τῆς
650 2694 791 2779 κρίσεως,
807 2695 862 2758 καί
878 2691 1048 2758 διατίθεται
1092 2703 1201 2765 tiones
1217 2702 1257 2763 de
1276 2700 1416 2780 judicio,
1432 2715 1556 2779 easque
1580 2699 1615 2761 in
1632 2715 1667 2761 se
1684 2695 1842 2777 disponit,

299 2805 334 2870 ἐν
357 2804 452 2889 αὐτῷ,
483 2803 538 2866 καί
568 2800 719 2886 ψνλίτττῑ
748 2799 805 2876 τίς
835 2799 965 2877 ἐντῠίίίῑς
991 2808 1047 2864 τοῦ
1094 2811 1274 2887 servatque
1289 2805 1449 2868 mandato
1471 2804 1543 2868 Dei.
1566 2803 1673 2865 Vallis
1689 2817 1769 2863 vero
1785 2797 1843 2860 fle·

299 2907 393 2977 Θεοῦ.
413 2906 515 2993 Κοιλὴ
533 2905 568 2970 δὲ
583 2903 781 2990 κλουθμιῖινδς
797 2903 890 2984 ἐστιν,
906 2906 927 2990 ἦ
944 2924 992 2968 τοι
1007 2905 1044 2970 τὸ
1093 2914 1149 2974 tus
1165 2913 1216 2972 est
1237 2925 1359 2989 corpus
1380 2908 1579 2984 humanum,
1594 2907 1649 2969 vel
1672 2919 1844 2982 congener

299 3009 491 3096 ἀνθρώπινον
514 3018 615 3094 σῶμα,
647 3009 668 3094 ἦ
695 3011 731 3072 τὸ
758 3008 906 3092 συγγενὲς
935 3008 1048 3073 τούτου
1095 3016 1146 3082 illi
1161 3013 1321 3078 mundus.

298 3115 426 3202 κόσμος.

342 3239 375 3284 ν.
392 3221 422 3283 8.
439 3199 652 3303 Πορεὺσονται
667 3220 707 3284 ἐκ
722 3217 882 3304 δυνάμεως
898 3218 942 3296 εἰς
958 3217 1048 3283 δύνει·
1138 3244 1170 3287 ν.
1187 3225 1216 3288 8.
1233 3222 1335 3287 Ibant
1348 3221 1385 3286 dc
1399 3221 1521 3285 tiriolo
1534 3219 1571 3282 ia
1585 3217 1748 3282 τίνῖαῖεαι.

301 3342 363 3409 μιν.
1534 3346 1536 3350 ’

342 3425 508 3512 Σύγκρισις
520 3424 612 3511 ἁγίας
623 3424 768 3510 γνώσεως
780 3427 859 3510 πρὸς
870 3433 983 3510 γνῶσιν
996 3447 1048 3490 αν·
1139 3430 1349 3512 comparatio
1377 3432 1427 3492 est
1452 3444 1583 3491 sacram
1610 3426 1698 3488 inter
1720 3423 1844 3502 gnosin

299 3528 474 3617 θρνπίνην·
490 3530 649 3616 σύγκρισιν
661 3528 887 3616 ποιησαμένοις
902 3539 960 3615 τῆς
971 3528 1049 3617 γνώ-
1095 3545 1129 3604 et
1155 3540 1349 3603 humanam.
1371 3535 1533 3599 Instituta
1555 3532 1732 3596 collatione
1756 3531 1844 3592 luter

298 3655 379 3712 ττνς
401 3642 459 3717 τῆς
485 3641 547 3724 τῶν,
570 3633 682 3713 ἔξννθτν
709 3643 815 3718 σοφῶν
830 3635 885 3699 καί
911 3643 968 3720 τῆς
994 3642 1049 3699 τοῦ
1095 3644 1273 3708 scientiam
1299 3640 1480 3721 sophorum
1508 3637 1589 3700 foris
1621 3635 1784 3698 stantium
1813 3636 1846 3694 et

301 3740 397 3820 Θεοῦ,
410 3736 619 3822 ἀποφαίνεται
633 3735 768 3822 κρείσσω
780 3739 924 3824 εἶναιτὴν
937 3740 1050 3824 μικρὰν
1095 3747 1344 3825 theognosiam,
1355 3745 1467 3825 palam
1476 3746 1526 3806 est
1537 3739 1759 3822 praestarevel
1770 3753 1846 3819 por-

299 3841 410 3930 γιερίδα
424 3844 513 3927 παρὰ
523 3839 643 3927 Κυρίου
655 3843 676 3928 ἢ
690 3844 762 3918 τοὺς
774 3841 959 3927 θησαυροὺς
971 3845 1051 3928 μετὰ
1095 3857 1222 3918 tionem
1237 3852 1399 3930 exiguam
1423 3846 1513 3930 apud
1532 3847 1726 3924 Dominum,
1742 3861 1845 3925 quam

301 3945 445 4032 ᾰφτὸίττ,
460 3949 533 4023 τοὺς
555 3947 642 4031 παρὰ
662 3955 706 4031 τῷ
724 3943 900 4038 ,Συλομῦνι
921 3945 1051 4032 λεγομέ·
1096 3960 1272 4022 thesauros
1287 3957 1360 4019 sine
1385 3952 1506 4017 timore
1522 3949 1612 4032 apud
1635 3951 1846 4014 Salomonem

305 4073 387 4128 νους.
553 4093 557 4102 ·
1096 4065 1308 4127 memoratos.

345 4155 410 4220 Καὶ
427 4155 493 4241 μετ’
506 4154 632 4240 ὀλίγον·
655 4151 694 4220 ‘0
710 4155 805 4232 αὐτὸς
821 4174 934 4240 φησιν·
949 4152 1050 4232 ἐξελε·
1140 4159 1696 4246 Aepuoloport:1demnuviduit:
1715 4157 1844 4235 «megi

301 4258 406 4346 ξάνην
421 4257 689 4345 παραδίίπτεσται
704 4259 794 4346 ἐντῷ
809 4261 953 4342 raptos
966 4256 1048 4323 Θεοῦ
1097 4270 1248 4350 abjectus
1277 4283 1349 4330 esse
1377 4267 1412 4328 iu
1448 4265 1546 4328 domo
1573 4264 1707 4328 nomini
1735 4261 1848 4340 magis

301 4385 371 4451 l²⁰⁰t
395 4363 551 4450 μᾶλλννῆ
575 4364 672 4428 ‘iiiiii
696 4385 735 4449 pe
758 4365 791 4429 ἐν
817 4360 1002 4447 ouuvtpuu
1017 4360 1052 4426 ἅ·
1097 4392 1200 4458 quam
1215 4372 1368 4436 habitare
1392 4372 1428 4434 in
1444 4369 1672 4433 tabernaculis
1694 4369 1846 4449 peccato-

301 4467 491 4554 μαρτωλίνν·
508 4470 589 4532 Οὕτω
604 4465 643 4552 δή
662 4467 746 4554 μθτδ
767 4467 854 4544 θεῖος
870 4465 1053 4551 ἇξτίραῦτνς
1097 4499 1184 4544 rum.
1199 4501 1215 4539 »
1234 4480 1286 4541 lta
1300 4493 1381 4540 vero
1404 4473 1597 4556 praedilecta
1619 4473 1704 4536 mihi
1727 4475 1778 4536 est
1792 4470 1847 4534 do·

301 4573 397 4654 θίνθς,
414 4570 456 4649 ὣς
471 4571 624 4655 “litim
643 4573 732 4656 ml&
752 4581 873 4654 τοῦτον,
889 4573 946 4636 καί
961 4569 1010 4636 ἐπ’
1022 4571 1053 4634 ἕ·
1097 4603 1174 4649 mos
1190 4583 1262 4663 Dei,
1278 4585 1317 4644 ut
1331 4598 1385 4644 me
1400 4580 1442 4643 ad
1458 4597 1533 4643 eam
1548 4595 1667 4642 versus
1682 4577 1846 4655 attollam,

301 4675 420 4761 δάτρους
435 4672 577 4760 ἐρρίιρθοιι
592 4677 646 4740 καί
663 4677 723 4761 πρὸ
739 4685 801 4742 τῶν
820 4676 932 4740 τούτου
946 4674 1052 4739 καλιν-
1098 4689 1239 4770 ejusque
1263 4687 1299 4749 in
1314 4685 1508 4766 pavimento
1530 4683 1697 4765 prosterni
1718 4681 1845 4759 malim,

302 4779 421 4844 δεῖσθαί
435 4778 585 4866 θνρίῦν,ἢ
602 4779 635 4845 ἐν
650 4789 719 4858 ταῖς
735 4779 887 4866 μεγάλαις
902 4781 957 4844 καί
971 4778 1052 4864 lorp-
1099 4800 1134 4858 et
1155 4794 1261 4876 ipsius
1285 4795 1364 4854 ante
1387 4789 1475 4853 fores
1497 4786 1719 4865 convolutari,
1736 4785 1848 4863 magis

303 4891 397 4968 τραίῖ
437 4891 498 4949 τῶν
528 4883 713 4971 παρανομίαΙ
746 4883 910 4964 συζώντων
941 4880 1054 4960 νίνίνττς
1100 4915 1202 4980 quam
1225 4897 1261 4960 in
1284 4895 1408 4978 amplis
1434 4893 1588 4956 habitare
1615 4895 1650 4954 ct
1671 4887 1848 4971 pellucidis
1912 4883 1915 4888 ’

340 5093 368 5134 ν.
382 5077 407 5148 6,
420 5077 445 5132 7.
457 5078 525 5134 Vct.
538 5080 563 5150 4,
577 5078 602 5148 δ,
615 5079 640 5134 6.
1135 5095 1164 5136 ν.
1174 5077 1200 5132 8.
1208 5073 1301 5132 lidam
1308 5071 1390 5131 codd.
1398 5071 1435 5128 of.
1442 5071 1491 5129 Pr.
1499 5087 1550 5141 xv,
1559 5070 1600 5140 16,
1607 5067 1656 5125 Ps.
1667 5081 1800 5138 nxxxtu,
1808 5065 1850 5121 11.
