4036 6090
799 410 843 472 IN
866 410 1053 474 PSALMOS
1644 412 1705 474 175

195 548 326 615 Οὐκοῦν
348 549 382 615 ὸν
403 556 468 626 τοῖς
490 556 630 634 τυχοῦσι,
655 549 778 634 ψεκτὼς
800 567 907 612 ταπει-
994 549 1112 612 Nonne
1128 549 1164 611 in
1180 547 1290 612 obviis
1305 547 1416 628 rebus,
1428 550 1578 613 tenuiter
1593 549 1705 612 humi.

156 662 232 736 νοῖς,
259 652 443 738 θαυμαστὸς
469 652 487 717 ὸ
514 651 645 737 Κύριοςς
670 654 726 717 καί
750 653 803 720 ίνα
827 649 906 736 δὲή
951 652 1052 732 libus,
1076 653 1242 740 mirabilis
1263 656 1314 716 est
1333 653 1521 716 Dominus?
1543 657 1578 716 et
1599 653 1648 716 ita
1664 657 1706 716 ut

161 753 316 843 μαρτυρία
330 778 387 822 σου
409 758 517 842 πιστὴ,
541 754 716 842 πορίζουσα
736 755 850 842 νηπιας
867 795 908 806 -
953 758 1186 821 testimonium
1201 761 1301 820 tunm
1317 755 1416 820 fidele
1431 757 1485 836 sit,
1499 757 1701 837 sapientiam
1791 835 1793 840 ,

157 857 204 929 Ἠ
218 864 274 926 καί
288 865 402 940 οὕτως·
425 860 725 948 προκατηγγὲλλετο
739 863 801 947 γὸιρ
823 863 911 946 παρὸι
955 863 1119 941 praeatons
1146 860 1322 940 parvulis?
1349 894 1388 904 -
1416 862 1479 924 Vel
1509 863 1612 924 etiam
1641 861 1708 924 sic:

156 975 220 1033 τῶν
235 975 415 1052 προφητῶν,
428 963 470 1043 ὡς
480 975 582 1030 ταῦτα
597 964 756 1031 πείσονται
771 965 913 1052 ἁμαρτά·
955 965 1183 1046 praenuntiata
1209 965 1347 1046 quidem
1375 966 1436 1028 illa
1461 965 1556 1028 fuere
1582 984 1603 1028 a
1631 982 1706 1047 pro-

159 1092 273 1148 νοντες.
298 1108 340 1118 -
367 1070 422 1155 Τῷ
444 1071 521 1155 οίκιμ
544 1091 600 1135 σου
623 1069 737 1156 πρέπει
758 1068 911 1156 ὸγίασμα,
956 1069 1078 1150 phetis,
1091 1069 1707 1150 utsuadeanturpeccatores.Domum

159 1174 268 1260 Κύριε.
281 1173 378 1252 otio<
389 1172 518 1259 Kopion,
531 1174 619 1260 ψυχὴ
633 1173 774 1258 καθαρὰ·
785 1172 912 1258 ,ἐνοικη-
957 1177 1047 1238 ticam
1057 1173 1143 1240 tecet
1152 1173 1495 1239 comtemnentis.
1504 1176 1631 1238 Domus
1640 1176 1703 1238 Do·

165 1300 211 1344 σω
226 1280 298 1365 γὰρ,
311 1280 416 1365 φησὶν,
428 1279 462 1344 ἐν
473 1279 578 1356 αὐτοῖς
589 1281 644 1343 καὶ
659 1276 912 1366 ἐμπεριπατησω.
958 1280 1043 1342 mini
1059 1283 1111 1342 est
1125 1281 1240 1342 anima
1262 1297 1363 1362 pura:
1389 1280 1587 1344 «Habitabo
1603 1281 1706 1360 enim,

958 1385 1016 1465 ait,
1032 1385 1068 1447 in
1083 1385 1153 1448 illis
1166 1387 1200 1447 et
1215 1383 1443 1448 inambulabo.
1458 1404 1476 1444 »

754 1577 924 1656 Psclmus
949 1573 1113 1656 XCIII.

207 1831 238 1876 v.
256 1813 285 1876 1.
301 1810 382 1888 Θεὸς
403 1808 597 1895 ἐκδικήσεων
612 1807 740 1894 Κύριος,
756 1807 837 1885 Θεὸς
859 1806 911 1872 ἐκ·
998 1825 1030 1870 v.
1050 1809 1077 1871 1.
1093 1809 1183 1874 Dece
1196 1807 1359 1875 ultionum
1372 1808 1541 1888 Domitius,
1556 1810 1646 1876 Deos
1656 1807 1707 1876 νί-

161 1914 316 2000 δικησεων
332 1914 598 2000 ἐπαρρησιάσατο.
623 1916 692 1982 Vct.
710 1915 784 1995 685,
803 1914 831 1976 1.
954 1913 1079 1979 timim
1094 1911 1192 1977 tibere
1207 1914 1283 1995 tait.

205 2013 243 2083 ‘0
265 2028 328 2084 τῶν
350 2017 544 2103 ἐκδικησεων
566 2016 661 2098 Θεὸς,
687 2015 834 2094 κολάζων
856 2016 911 2080 καί
998 2019 1268 2097 consultatori,
1287 2018 1464 2082 vindicans
1480 2022 1515 2083 et
1529 2021 1708 2100 ulciscens,

161 2119 296 2189 ἐκδικῶν
310 2131 355 2208 τῷ
366 2119 494 2199 δικαίως
509 2131 611 2186 ταῦτα
622 2130 721 2186 ποιεῖν
736 2120 911 2206 παρὸησιά-
957 2124 991 2186 in
1012 2140 1050 2185 eo
1073 2123 1163 2205 quod
1181 2122 1273 2202 juste
1289 2121 1431 2204 perficit,
1449 2121 1657 2187 confidenter
1671 2142 1706 2186 a·

161 2223 261 2307 ζεται,
277 2225 527 2311 ἐπιδεικνύμενος
538 2234 577 2310 τῇ
589 2220 689 2290 κτίσει
699 2225 773 2302 τοὺς
785 2224 912 2312 δαυμα-
956 2230 1020 2307 git,
1033 2225 1212 2290 ostendens
1228 2227 1362 2290 abunde
1374 2227 1411 2290 in
1426 2228 1596 2290 creatione
1609 2229 1710 2290 mira-

164 2327 249 2406 σίους
265 2330 354 2414 παρὸι
367 2329 484 2395 τούτων
500 2329 623 2416 λόγους,
638 2329 711 2395 καθ’
727 2331 781 2408 οὓς
795 2331 836 2394 τὸι
850 2339 912 2396 τῶν
956 2333 1041 2397 biles
1052 2331 1274 2413 hujusoperis
1285 2332 1442 2411 rationes
1455 2330 1625 2396 undenam
1633 2331 1708 2395 vin-

162 2431 357 2517 ἐκδικηοεων
372 2434 502 2520 ἐνεργεῖ.
957 2437 1081 2501 dictam
1097 2439 1313 2515 exsequatur.

207 2558 240 2603 v.
257 2540 287 2603 2.
304 2534 470 2623 Ὗψώθητι,
486 2535 628 2622 ὸκρίνων
638 2540 697 2624 τὴν
707 2545 778 2624 γῆν,
795 2535 913 2618 ἀπόδος
1000 2560 1032 2604 ν.
1044 2541 1075 2605 2.
1086 2541 1253 2619 Εωοίίαντ,
1268 2537 1468 2622 qctjuuiocs
1482 2543 1614 2619 terram,
1632 2537 1703 2604 tetl-

165 2639 374 2706 ὸινταπὸδοσιν
389 2651 454 2720 τοῖς
470 2642 691 2727 ὑπερηφάνοις.
957 2643 1252 2710 &retributionem
1265 2643 1422 2725 operto.

210 2743 257 2810 Οὺ
271 2744 468 2831 θαυμαστὸν,
486 2747 513 2810 εἰ
528 2746 661 2830 ὑψοῦται
675 2747 727 2812 ἐπὶ
741 2748 813 2824 τοὺς
836 2747 914 2833 ὑπὲρ
1001 2748 1100 2813 Haud
1125 2732 1330 2828 mirandum,
1356 2749 1386 2812 si
1411 2749 1576 2812 Dominus
1602 2765 1708 2828 supro

162 2857 225 2934 γῆν
240 2849 258 2913 ὸ
277 2849 403 2934 Κύριος,
428 2849 544 2916 ἀλλ’ἐν
566 2859 610 2936 τῷ
631 2849 747 2936 κρίνειν
769 2853 827 2936 την
842 2861 913 2937 γῆν,
957 2853 1148 2931 terrigenas
1163 2852 1318 2916 homines
1334 2853 1517 2932 exaltatum
1533 2851 1592 2916 sed
1607 2852 1637 2914 si
1653 2851 1709 2931 jn·

163 2962 221 3039 της
247 2954 452 3040 ὑψηλοτάτης
478 2956 575 3019 αὐτοῦ
601 2953 837 3040 ρανερουμένης
859 2958 915 3020 καί
958 2956 1100 3020 dicando
1116 2960 1251 3034 terram,
1268 2958 1302 3018 et
1317 2971 1372 3019 eos
1389 2957 1448 3037 qui
1464 2961 1708 3036 superterram

166 3057 218 3122 ἐπὶ
232 3067 277 3143 τῷ
292 3049 450 3142 κρίνεσθαι
471 3061 545 3136 τοὺς
560 3057 611 3122 ἐπὶ
628 3066 687 3142 τῆς
709 3069 778 3145 γης,
795 3059 914 3144 φυλασ-
957 3062 1048 3138 sunt,
1064 3058 1268 3140 expanditur
1282 3060 1392 3122 virtus
1407 3061 1501 3125 illius
1521 3061 1709 3125 excelsissi-

165 3159 293 3246 σώμεθα
309 3161 373 3225 ἀπὸ
396 3160 621 3247 ὑπερηφανίας,
645 3161 761 3239 εἰδότες
776 3163 824 3227 δτι
839 3162 914 3248 cepi
960 3181 1026 3243 ma,
1042 3180 1223 3226 caveamus
1234 3180 1255 3261 a
1265 3162 1434 3244 superbia,
1447 3164 1592 3229 scientes
1606 3182 1710 3246 quam

166 3264 227 3350 δρα
242 3265 259 3330 ὸ
275 3264 354 3344 Θεὸς
369 3275 434 3342 τοῖς
449 3266 662 3351 ὑπερηφάνοις
685 3265 913 3351 ἀντιτάσσεται,
957 3267 1177 3330 vehementer
1189 3266 1280 3329 Deus
1291 3267 1446 3347 superbis
1462 3266 1613 3348 obsistet,
1627 3285 1709 3350 quo-

164 3371 208 3435 ὢν
224 3369 365 3456 ἀρχηγὸς
381 3370 466 3436 ἐστιν
485 3372 520 3448 ὸς
534 3369 663 3455 λέγεται
684 3370 841 3450 διάδολος.
865 3373 914 3458 Τῇ
958 3389 1035 3435 rum
1058 3373 1304 3451 antesignanus
1321 3377 1372 3435 est
1395 3373 1455 3453 qui
1477 3374 1639 3437 Diabolus
1661 3375 1710 3438 di·

164 3473 252 3558 ἰσχύι·
263 3473 396 3559 ποιήσω,
412 3477 467 3539 καί
482 3484 522 3559 τη
538 3474 634 3560 σοφίᾳ
645 3484 701 3563 της
714 3475 867 3555 συνέσεως
879 3477 915 3542 ἀ·
959 3476 1058 3539 citur.
1079 3478 1143 3539 Per
1153 3477 1223 3537 vim
1236 3474 1368 3556 faciam,
1385 3481 1419 3538 et
1436 3494 1496 3557 per
1516 3478 1709 3542 intellectus

166 3577 254 3663 φελῶ
268 3580 339 3664 ὅρια
354 3579 460 3648 ἐθνῶν.
961 3581 1133 3645 solertiam
1149 3579 1300 3643 auferam
1316 3579 1400 3644 fines
1416 3581 1582 3659 gentium.

209 3702 241 3746 v.
258 3685 288 3764 3,
301 3683 332 3748 4.
346 3679 431 3762 Ἕως
443 3683 520 3748 πὸτε
532 3683 722 3771 ἁμαρτωλοὶ,
734 3685 841 3770 Κύριε,
859 3684 918 3765 ἕως
1006 3703 1038 3748 ν.
1054 3687 1084 3764 3,
1101 3686 1131 3747 4.
1154 3686 1318 3766 Usqueqoo
1333 3688 1533 3764 peccatores,
1559 3686 1712 3765 Domine,

164 3787 244 3853 πότε
263 3787 444 3874 ἁμαρτωλοὶ
466 3787 698 3874 καυχησονταις
722 3788 916 3876 φθέγξωνται,
961 3771 1123 3872 αοηιιοριιο
1145 3793 1330 3870 peccatores
1355 3788 1593 3870 μίονίοὸανιὸαν.
1623 3789 1714 3871 Effo-

165 3895 221 3957 καί
241 3890 435 3976 λαλήσουσιν
450 3892 584 3976 ἀδικίαν,
607 3892 782 3979 λαλήσουσι
804 3895 918 3974 πάντες
963 3894 1082 3958 utimr
1099 3896 1132 3957 ct
1148 3893 1319 3974 loquentur
1339 3892 1564 3973 iniquitatem
1587 3891 1715 3975 loquec-

165 3996 196 4061 οἱ
211 3995 418 4082 ἐργαζόμενοι
432 3998 491 4082 την
507 3996 649 4083 ἀνομίαν.
963 4003 1020 4064 twr
1033 4015 1140 4063 omnes
1155 3998 1400 4080 quoperantur
1414 3997 1624 4078 irritantium.

210 4101 256 4167 Τὸ
271 4103 326 4166 οὖν
341 4102 400 4177 ἕως
411 4100 488 4165 πὸτε
501 4101 564 4166 ἀπὸ
576 4113 692 4184 κοινοῦ,
708 4101 778 4188 1νή
794 4105 830 4169 τὸ
843 4102 917 4170 ὸλον
1008 4103 1096 4166 Illud
1112 4120 1210 4185 porro
1229 4106 1412 4184 usquequo?
1434 4120 1475 4166 ex
1490 4103 1633 4181 vulgata
1645 4103 1714 4166 edi·

165 4216 325 4272 τοιοῦτον·
348 4207 407 4282 ἕως
429 4204 507 4270 πότε
538 4206 729 4291 ἁμαρτωλοί,
761 4207 819 4284 ἕως
841 4206 918 4272 πὸτε
964 4211 1056 4272 tione
1080 4213 1140 4288 est,
1156 4213 1196 4271 ut
1210 4209 1254 4271 sit
1268 4211 1378 4270 totum
1394 4208 1429 4270 in
1446 4207 1537 4270 hunc
1552 4206 1711 4269 modum:

165 4309 359 4394 λαληλουσιν
374 4309 490 4386 πάντες
505 4308 535 4373 oi
550 4309 760 4396 ἐργασάμενοι
774 4312 831 4387 τὸις
847 4309 919 4375 ἀνο-
971 4315 1135 4396 anoeqoo
1150 4316 1342 4393 percuteret,
1368 4327 1529 4393 usquequo
1543 4311 1714 4390 toquentur

166 4413 256 4502 μίας;
274 4413 377 4499 πολλὴ
401 4413 436 4478 δὲ
459 4411 648 4497 ἀναισθησία
670 4422 732 4479 των
755 4413 839 4479 ἰδίων
860 4435 919 4479 κα-
964 4435 1070 4483 mitur
1091 4417 1150 4499 qui
1174 4420 1349 4496 ορονανιίιιν
1370 4415 1586 4498 iniquitates?
1607 4417 1714 4479 Multa

166 4528 232 4585 κῶν
247 4527 311 4595 τοῖς
326 4515 543 4603 καοχωμένοις
558 4517 766 4604 ἁμαρτωλοῖς,
780 4519 917 4604 μάλιστα
962 4540 1082 4588 sensus
1093 4522 1243 4586 carentia
1258 4519 1414 4582 laborant
1424 4523 1625 4600 peccatores,
1637 4535 1712 4599 pro-

166 4624 196 4689 εί
207 4643 254 4700 τις
269 4621 553 4707 ἑτεροδιδασκαλεῖ,
569 4624 625 4686 καί
641 4625 684 4709 μὴ
706 4622 917 4711 προσέρχεται
961 4629 1045 4710 priis
1061 4627 1161 4690 malis
1175 4623 1419 4706 superbientes
1432 4628 1506 4686 tum
1519 4624 1667 4687 maxime
1682 4624 1712 4687 si

199 4863 248 4918 Pe.
263 4879 350 4924 xctn.
363 4881 391 4920 ν.
406 4862 430 4934 1,
443 4863 469 4918 2.
483 4863 550 4922 Vct.
563 4863 589 4918 4.
960 4863 1026 4920 sula
1037 4861 1179 4919 adversus
1192 4860 1348 4918 Gnosticos
1357 4863 1389 4918 in
1398 4862 1568 4920 Creatorem
1575 4863 1712 4939 blasphe-

201 4970 229 5009 v.
241 4951 267 5021 3,
279 4951 305 5006 4.
317 4951 385 5007 Vct.
402 4949 429 5004 4.
446 4949 560 5006 Iterum
576 4949 700 5021 vulgata
715 4955 802 5008 vetus
819 4967 930 5024 greacu¹
960 4967 1033 5006 mos.
1046 4948 1205 5020 Origauem
1213 4965 1285 5020 ergo
1291 4949 1441 5020 habemus,
1454 4949 1486 5007 in
1497 4957 1638 5008 veterana
1649 4953 1713 5010 acie

164 5038 222 5094 huc
233 5036 397 5108 adducitur,
409 5053 464 5092 nec
476 5035 613 5110 displicet
621 5043 778 5109 utrumque
787 5039 916 5095 versicu-
961 5041 1149 5111 pugnantem,
1171 5035 1281 5109 absque
1293 5038 1353 5094 ullo
1366 5043 1501 5112 respectu
1513 5039 1551 5095 ad
1563 5043 1714 5112 aequantia

163 5127 226 5182 lum
238 5125 314 5182 sumi
325 5127 536 5194 ὸρωτηματικως,
548 5140 643 5196 nequa
660 5124 756 5182 otiosa
774 5131 821 5182 est
838 5125 916 5184 clau·
962 5124 1063 5182 aaeculi
1075 5123 1244 5181 certamina.
