4020 6098
789 446 832 511 ru
855 445 1041 513 Psltuos
1149 433 1155 446 “
1636 449 1698 514 ιτν

152 592 215 670 μᾶς
230 581 246 650 ό
262 583 417 672 διάβολος.
434 622 476 634 -
491 582 611 670 Θρόνον
626 582 662 650 δὲ
677 581 809 671 ἀνομίας
825 583 900 654 ώνό·
945 592 1060 652 autam
1082 585 1272 668 iniquitatis
1294 587 1478 670 appellavit
1505 587 1698 670 Diabolum,

153 708 253 772 μασεν
267 692 322 755 τόν
337 687 499 754 διάόολον·
521 688 631 775 ἐπειδὴ
647 687 763 775 θρόνος
784 689 901 754 δικαιο-
946 690 1080 773 quando
1096 691 1233 773 quidem
1248 691 1401 756 Christus
1417 696 1468 756 est
1483 693 1626 756 thronus
1642 691 1698 772 ju·

151 792 250 879 οώνρς
265 794 282 858 ό
297 793 444 879 Χριστός,
460 793 544 871 όστις
561 791 732 858 ἀντίκειται
742 801 786 879 τῷ
797 790 901 858 διαὸό-
945 796 1058 875 stitia,
1086 796 1146 876 qui
1167 793 1301 859 Diaboli
1323 795 1539 860 adversarius
1563 799 1624 860 est.
1647 797 1698 858 Ea

152 896 217 982 λιμ·
231 907 326 962 τοῦτο
341 899 505 984 προσευχὴ
521 906 583 963 τών
598 896 696 984 άγίων
711 897 776 964 ἐστί
792 897 903 984 ψυχῶν
946 902 998 962 est
1009 899 1200 980 deprecatio
1208 902 1402 962 sanctarum
1411 900 1613 978 animarum,
1622 914 1699 980 quae

150 1007 214 1067 τών
235 1000 314 1085 ὑπὲρ
337 1009 396 1085 τῆς
418 999 502 1068 Θεοῦ
522 999 692 1087 ὁμολογίας
714 999 904 1088 ἀγωνιζομέ-
947 1004 982 1066 in
1001 1001 1366 1084 confessionepropter
1388 1005 1496 1067 Deum
1511 1003 1697 1082 decertant,

149 1123 223 1187 νων,
238 1104 294 1168 καί
307 1106 385 1189 πρός
400 1104 496 1171 αὐτόν
510 1101 655 1190 ίκετήρια
666 1103 809 1191 βοώντων
823 1124 831 1142 ·
847 1103 901 1190 Μὴ
946 1109 1184 1190 supplicesque
1207 1103 1322 1189 preces
1340 1107 1388 1171 ‘ad
1411 1125 1489 1171 eum
1512 1105 1698 1171 vociferan-

150 1206 299 1293 ώψοώσθω
313 1206 427 1294 θρόνος
444 1207 580 1295 ἀνομιῶν
595 1207 735 1274 ἐναντίον
756 1227 823 1293 σου,
839 1206 904 1273 Κώ-
947 1214 1021 1274 tur:
1040 1212 1089 1275 Ne
1112 1211 1282 1274 exaltetur
1299 1210 1395 1275 sedes
1415 1211 1636 1291 iniquitatum
1659 1211 1696 1274 in

153 1332 211 1397 ριε,
236 1313 321 1377 κατά
346 1321 402 1378 τοῦ
425 1321 484 1378 σοῦ
508 1311 761 1398 προστάγματος,
784 1309 902 1388 κόπους
947 1319 1129 1397 conspectu
1151 1319 1221 1395 tuo,
1245 1316 1396 1396 Domine,
1424 1319 1543 1379 contra
1572 1331 1695 1396 praece·

151 1413 229 1502 ἡμῐν
251 1415 479 1502 παρεχόμενος,
501 1418 524 1503 ἢ
543 1425 608 1494 τοῖς
630 1413 731 1503 ἁγίοις
754 1415 904 1503 μάρτυσιν
947 1423 1046 1501 ptum
1068 1421 1177 1482 tuum.
1193 1420 1264 1482 Hac
1283 1418 1362 1482 sede
1381 1419 1513 1482 labores
1532 1416 1629 1482 nobis
1648 1419 1698 1482 in·

152 1520 183 1585 οἱ
205 1518 378 1604 ἀλάστορες
400 1522 456 1585 καί
475 1529 537 1586 τών
559 1519 696 1586 εἰδώλων
714 1517 902 1605 ώπίρμαχοι.
947 1527 1141 1602 geruntur,
1168 1525 1224 1587 vel
1245 1523 1372 1586 sanctis
1398 1523 1607 1605 martyribus
1629 1539 1698 1586 non

155 1622 213 1689 Διά
238 1623 360 1707 τούτου,
387 1626 493 1709 φησίν,
515 1623 738 1710 παρεκάλεσάς
762 1645 821 1710 μου
844 1626 903 1710 τὴν
948 1628 1157 1709 prevaleant
1182 1626 1362 1691 execrandi
1384 1624 1563 1707 daemones,
1587 1644 1698 1709 noque

154 1722 289 1810 καρδίαν
300 1726 414 1804 ἐντοῖς
425 1725 580 1812 θλίψεων,
593 1727 641 1792 ότι
655 1727 695 1814 δὴ
711 1736 766 1793 οῦν
778 1729 815 1791 ob
826 1747 902 1812 προ·
948 1732 1116 1796 idolorum
1139 1733 1303 1796 vindices.
1335 1729 1473 1810 idcirco,
1498 1731 1557 1811 ait,
1584 1748 1700 1794 conso-

155 1828 309 1915 σθόοεταί
327 1851 376 1894 σοι
398 1829 513 1916 θρόνος
536 1831 680 1918 ἀνομιῶν,
696 1829 837 1896 τουτέστι
859 1829 902 1896 δί-
947 1836 1039 1899 latus
1055 1852 1090 1900 es
1107 1851 1296 1900 cormeum
1312 1834 1695 1916 etiamincruciatibus,

155 1933 290 2012 καιοςεί
309 1934 430 2019 κριτὴς,
454 1933 496 2011 ώς
511 1933 602 2020 Θεὸς,
618 1936 673 2000 καί
695 1935 755 2000 οὐκ
769 1935 853 1999 ἔστιν
869 1933 904 2000 ἀ·
948 1931 1109 2020 quoniam
1125 1943 1215 2002 certe
1231 1954 1299 2001 non
1311 1936 1507 2002 adhaerebit
1521 1939 1584 2004 tibi
1599 1931 1696 2003 sedes

154 2035 247 2123 νομία
261 2037 295 2102 ἐν
309 2044 379 2115 ταῖς
394 2045 464 2116 σαῖς
486 2035 634 2123 κρίσεσιν.
650 2033 689 2103 Ὁ
710 2039 773 2123 γάρ
787 2036 903 2124 θρόνος
947 2043 1181 2124 iniquitatum,
1204 2043 1429 2106 tunimirum
1456 2059 1493 2105 es
1510 2040 1626 2121 justus
1645 2040 1707 2128 jug

152 2141 214 2226 τὴν
234 2138 336 2225 κρίσιν
357 2139 513 2227 σημαίνει.
537 2139 606 2207 ona
620 2143 705 2207 ἔστιν
724 2143 789 2226 οὖν,
812 2143 902 2228 φησί,
947 2145 1023 2226 dex,
1040 2150 1156 2228 utpote
1174 2147 1275 2226 Deus,
1291 2163 1402 2227 neque
1413 2150 1465 2209 est
1479 2145 1650 2226 injustitia
1664 2147 1700 2210 in

152 2246 243 2330 παρὰ
267 2253 307 2330 τῇ
333 2253 374 2330 σῇ
390 2242 491 2330 κρίσει
516 2243 640 2332 ἀνομία,
665 2246 770 2331 ώσπερ
786 2245 825 2332 δὴ
850 2246 905 2311 καί
946 2251 1126 2313 sententiis
1140 2251 1221 2314 tuis.
1237 2249 1337 2315 Sedes
1358 2250 1449 2314 enim
1468 2248 1699 2329 Judioium-si·

154 2348 231 2434 παρ’
242 2348 361 2434 ἐκείνῳ.
377 2348 415 2415 Ὁ
430 2349 529 2416 κόπον
540 2349 690 2416 πλάσοων
705 2349 756 2416 ἐπὶ
767 2349 903 2436 προστά·
948 2352 1102 2431 gnificat.
1117 2353 1212 2433 Ergo
1227 2371 1297 2418 non
1308 2358 1368 2434 est,
1383 2355 1507 2435 inquit,
1521 2354 1557 2417 in
1568 2359 1628 2418 tuo
1640 2355 1700 2417 tri·

153 2475 262 2546 γματι,
285 2455 376 2531 οὕτος
391 2453 430 2518 ἀν
445 2453 495 2539 είη
508 2453 526 2518 ό
541 2452 753 2542 ἀντικείμενος
771 2451 903 2541 δαίμων,
947 2457 1067 2521 bunali
1083 2458 1171 2536 legis
1188 2456 1349 2537 defectus,
1368 2456 1458 2520 sicut
1480 2456 1570 2538 apud
1585 2457 1700 2520 istum.

155 2559 194 2640 δς
206 2559 261 2626 καί
271 2556 411 2644 ἐλαφρὰς
423 2559 520 2635 οὔσας
530 2559 587 2636 τάς
601 2567 657 2623 τοῦ
673 2558 757 2626 Θεοῦ
773 2559 904 2637 ἐντολάς
952 2558 1126 2644 Quiflcar't
1139 2559 1279 2626 lahorem
1289 2560 1327 2626 ίιι
1334 2563 1503 2642 praepo.
1515 2561 1582 2624 Iste
1594 2561 1701 2643 possit

150 2659 285 2748 βαρείας
299 2669 390 2746 ποιεῖ,
405 2660 524 2740 κόπους
540 2661 579 2728 δι’
590 2663 693 2729 αὐτῶν
708 2672 773 2741 τοῖς
788 2662 905 2749 ἀνθρώ·
948 2682 1021 2729 csse
1036 2664 1169 2728 daemon
1192 2665 1376 2747 oppositus,
1398 2665 1457 2745 qui
1481 2665 1570 2728 levia
1592 2683 1700 2747 quum
1771 2671 1777 2684 '

154 2785 225 2842 ποις
240 2763 399 2854 παρέχων.
422 2762 535 2832 Αίτίαν
549 2767 627 2850 πρδς
648 2767 706 2844 τάς
729 2767 841 2845 όδώνας
855 2769 906 2832 εθ-
948 2769 1018 2832 sint
1031 2772 1199 2850 praeopta
1214 2769 1286 2848 Dei,
1303 2785 1343 2832 ea
1355 2769 1476 2847 gravia
1487 2767 1600 2850 fingit,
1616 2770 1698 2832 dum

155 2869 316 2956 φροσόνην
340 2871 446 2956 φησὶν,
472 2869 518 2933 ότι
535 2870 578 2955 μὴ
601 2868 749 2953 πρόσεστι
765 2868 837 2957 Θεῷ
859 2879 904 2957 τῷ
948 2889 991 2936 ex
1017 2873 1085 2936 illis
1107 2871 1244 2936 fastidia
1265 2871 1461 2936 hominibus
1487 2877 1591 2937 creat.
1615 2876 1700 2937 Cau·

154 2974 264 3061 ἀγαθῷ
279 2977 334 3041 καί
355 2971 465 3058 δικαίῳ
484 2972 600 3058 θρόνος
622 2971 763 3060 ἀνομίας,
779 2974 826 3039 διδ
847 2977 905 3041 καί
948 2993 1023 3039 sam
1049 2993 1290 3056 arumnarum,
1321 2977 1475 3040 laetitiam
1505 2977 1636 3058 asserit,
1663 2994 1702 3041 eo

152 3082 192 3145 τό
205 3078 395 3165 πρόοταγμά
409 3099 465 3145 σου
488 3077 639 3163 καμάτων
659 3079 726 3144 ἐστι
740 3080 904 3164 ποιητικόν
949 3079 1040 3162 quod
1063 3097 1240 3162 nunquam
1255 3082 1324 3144 Deo
1347 3079 1435 3144 bono
1451 3085 1485 3144 et
1496 3078 1591 3160 justo
1611 3079 1702 3145 adsit

153 3185 207 3250 διά
220 3185 278 3263 τάς
304 3184 385 3271 μετά
399 3183 472 3259 τοὺς
497 3181 615 3259 κόπους
631 3180 764 3267 ἀμοιόάς
787 3190 851 3261 τοῖς
866 3182 904 3270 ἡ·
947 3183 1044 3248 sedes
1059 3183 1270 3265 iniquitatis,
1287 3183 1362 3247 ideo
1379 3185 1699 3267 etiampraeoeptum

153 3285 355 3374 γωνισμόνοις
370 3285 477 3370 καλῶς
495 3283 764 3373 [ἡτοιμασμέναςβ
948 3289 1048 3350 tuum
1071 3290 1123 3350 est
1145 3304 1375 3351 aerumnarum
1404 3286 1508 3368 ferax,
1536 3289 1578 3352 ob
1605 3288 1702 3352 retri-

946 3390 1104 3455 butiones
1119 3407 1196 3473 quae
1210 3395 1286 3473 post
1300 3391 1432 3455 labores
1454 3391 1596 3474 pulchre
1620 3409 1701 3470 ago-

946 3495 1141 3559 nizantibus
1167 3497 1393 3558 reservantur.

197 3598 413 3686 Θηρεώσουσιν
426 3598 477 3665 tal
488 3599 596 3688 ψυχὴν
610 3597 742 3684 δικαίου,
755 3600 810 3664 καί
822 3601 902 3688 αίμα
994 3597 1173 3680 Cupiditati
1186 3597 1224 3662 ic
1233 3596 1487 3677 aoimumjrtsti,
1503 3601 1565 3662 etc.
1583 3599 1700 3678 iidem,

151 3707 223 3772 κτλ.
246 3705 351 3789 Οὗτοι,
367 3706 472 3792 φησίν,
495 3703 526 3770 οί
548 3705 679 3790 πονηροί
701 3702 847 3790 δαίμονες
865 3707 920 3771 ἐκ
947 3704 1069 3785 inquit,
1082 3700 1226 3782 improbi
1239 3700 1407 3764 damonae
1419 3702 1512 3764 omni
1525 3705 1597 3766 arte
1609 3718 1700 3784 quaa-

152 3812 270 3888 παντδς
282 3808 398 3894 τρόπου
409 3811 468 3895 τὴν
479 3817 535 3874 τοῦ
546 3807 667 3874 δικαίου
678 3807 835 3893 θηρεῦσαι
845 3809 901 3894 ζη-
946 3810 1028 3871 νυοί
1049 3806 1199 3869 animam
1216 3803 1304 3884 justi
1325 3806 1454 3884 venari,
1470 3805 1529 3870 sed
1552 3807 1588 3869 in
1611 3807 1697 3888 hoc,

151 3921 259 3978 τοῦσιν
270 3910 388 3998 ψυχήν·
400 3912 485 3977 ἀλλά
496 3912 547 3978 ἐπί
558 3909 668 3996 τοώτιμ,
680 3913 786 3997 μησίν,
801 3933 904 3977 κατοι-
946 3911 1068 3993 inquit,
1080 3907 1405 3990 condemnabuntur.
1413 3909 1577 3992 quuippe
1589 3912 1697 3990 signi·

151 4015 365 4101 κριθήσονται,
380 4025 473 4080 τοῦτο
488 4017 550 4102 γάρ
562 4013 723 4101 σημαίνει·
738 4015 804 4082 Καὶ
821 4017 901 4103 αίμα
946 4013 1038 4076 ficat:
1069 4012 1267 4095 θακραίκοαι
1291 4011 1488 4078 lanceatam
1513 4013 1696 4080 οοκάοκοιια-

152 4121 256 4187 κνοω
274 4120 552 4198 καταδικάζεται·
575 4117 662 4206 λέγει
683 4120 746 4205 γορ
769 4119 810 4199 ως
833 4121 902 4186 ωτι
945 4116 1031 4182 ouo.
1046 4117 1136 4180 oron
1158 4116 1249 4178 enim
1266 4131 1322 4178 eos
1345 4100 1410 4196 pro·
1429 4115 1536 4180 effuso
1558 4119 1601 4182 ab
1625 4120 1694 4184 ins

151 4234 209 4291 τοῦ
224 4225 357 4311 αἵματος
370 4232 426 4290 τοῦ
438 4222 541 4289 ἀθώου
557 4221 750 4311 ἐκχεομένου
761 4223 835 4308 παρ’
847 4224 902 4288 αὐ-
944 4220 1114 4301 sanguine
1137 4221 1317 4283 innocente
1339 4221 1376 4284 in
1394 4217 1535 4302 judicio,
1559 4223 1602 4286 ad
1618 4241 1696 4304 sup

151 4335 216 4392 τών
227 4328 271 4404 είς
284 4323 395 4412 κρίσιν,
412 4327 457 4404 είς
471 4326 602 4394 κόλασιν
616 4326 900 4412 παραδοθήσονται.
944 4326 1087 4409 plicium
1113 4323 1293 4388 tradendos
1321 4341 1403 4389 esse.
1433 4361 1471 4371 -
1501 4327 1599 4391 Dices
1629 4329 1696 4390 alio

151 4430 255 4516 Ἐρεῖς
269 4431 305 4496 δὲ
326 4433 381 4496 καί
397 4431 502 4510 ἄλλως
518 4433 626 4518 μικρόν
641 4430 769 4516 ἀνωθεν,
786 4429 828 4510 ώς
844 4431 903 4516 δη·
945 4429 1044 4493 modo
1065 4430 1169 4512 paulo
1194 4429 1297 4492 altius
1321 4433 1491 4509 repetens:
1516 4432 1567 4493 Tu
1588 4448 1694 4512 quum

153 4536 300 4622 μιουργδς
313 4531 404 4620 ἡμῶν
430 4534 581 4620 ὑπάρχων
596 4537 651 4601 καί
673 4534 831 4622 κηδεμών,
846 4536 902 4600 καί
945 4535 1076 4598 creator
1091 4535 1205 4595 noster
1218 4533 1267 4595 sis
1279 4535 1312 4594 et
1326 4536 1505 4613 corstona
1520 4551 1588 4614 quo
1599 4537 1696 4598 novi-

152 4649 217 4706 πᾶν
243 4639 362 4726 ἀγαθόν
376 4637 452 4725 ἡμῖν
472 4639 517 4709 ,ἑκ
540 4649 598 4705 σου
621 4638 789 4726 νομίζομεν
810 4639 901 4722 είναι,
945 4655 1022 4701 mus
1045 4653 1117 4700 esse
1132 4635 1369 4718 quodcumque
1397 4635 1494 4700 nobis
1516 4637 1644 4701 bonum
1660 4656 1694 4701 a·

152 4743 227 4810 ἀλλ’
237 4743 305 4809 ἐπεὶ
317 4743 456 4829 φαύλους
466 4735 552 4823 τινάς
562 4744 683 4831 όρώμεν
694 4745 767 4822 τοὺς
782 4741 902 4820 ἀθώους
946 4743 1030 4822 dest,
1047 4756 1154 4823 quum
1166 4756 1246 4804 vero
1262 4739 1431 4821 improbos
1446 4741 1610 4822 quosdam
1625 4760 1695 4807 ocr-

153 4847 438 4930 καταδικάζοντας,
460 4849 503 4934 μὴ
520 4847 627 4932 ἕτερος
641 4827 756 4931 θρόνος
771 4842 902 4932 ἀνομίας
945 4845 1069 4922 nimus,
1077 4843 1137 4925 qui
1146 4844 1342 4906 innocentes
1351 4843 1586 4924 condemnant,
1596 4863 1693 4909 num·

154 4949 297 5017 σόνεστίν
312 4972 372 5032 σοι,
396 4951 435 5016 δι’
446 4954 482 5017 δν
497 4953 530 5016 οί
546 4971 594 5016 σοι
610 4959 833 5035 παραινοῦνται
847 4949 903 5014 θε-
946 4948 1030 5030 quid
1044 4949 1113 5010 alia
1127 4945 1223 5010 sedes
1239 4947 1430 5026 iniquitatis
1453 4949 1516 5011 tibi
1532 4949 1637 5030 adest,
1654 4968 1695 5014 ex

155 5056 319 5141 ράποντες;
335 5054 405 5121 ἀλλ’
418 5056 455 5121 οὒ
466 5052 614 5140 πρόσεστί
626 5075 675 5119 σοι
686 5053 818 5139 ἀνομίας
828 5052 903 5138 θρό-
946 5070 1014 5134 qua
1029 5051 1081 5114 tui
1104 5050 1223 5113 famuli
1245 5051 1431 5132 vapulent?
1453 5054 1580 5116 Verum
1603 5055 1694 5118 enirn
1811 5129 1816 5144 Ι

154 5181 224 5239 νος·
234 5159 330 5248 νόμον
340 5160 402 5246 γάρ
414 5169 476 5226 τών
488 5157 634 5226 ἁπάντων
644 5156 803 5238 ἀνόδειξας
815 5157 901 5244 βασι·
946 5174 1025 5222 vere
1038 5173 1106 5222 non
1117 5155 1300 5239 apponitur
1311 5155 1373 5220 tibi
1386 5155 1481 5223 sedes
1494 5158 1694 5241 iniquitatis.
