3966 6108
779 456 823 521 IN
845 457 1093 524 PuoPfluule
1642 464 1708 528 545

157 592 213 662 Ἐν
226 591 344 680 ὁμιλίᾳ]
361 602 417 660 τοῦ
438 593 519 660 λαοῦ
531 613 592 681 μου
607 593 666 659 οὒκ
680 593 817 678 ἔσονται,
832 594 906 662 otte
949 597 1050 662 chus:
1072 597 1111 664 ιἰι
1124 595 1278 682 tantone]
1293 600 1411 684 popule
1432 601 1497 668 mci
1509 619 1574 670 ποτε
1587 609 1695 684 mic,

157 699 191 765 tv
208 707 317 786 γραφῆ
340 699 427 766 οἴκου
442 697 575 786 Ἰσραὴλ
589 698 627 766 οὐ
641 697 871 785 γραφήσοντοιι.
949 705 981 766 et
994 702 1032 766 iu
1052 701 1218 784 cereptum
1231 701 1343 769 domm
1361 703 1471 772 Ierocl
1483 723 1548 774 cote
1560 707 1700 775 cauae·

954 803 1078 870 hemor.

200 903 370 974 Touctcuv
385 905 444 972 oda
458 907 592 990 ἔσονται,
608 909 714 994 φησιν,
730 905 906 995 λγγτγραμ·
994 910 1163 974 Nimirum
1186 909 1352 991 inscripti,
1367 911 1426 992 ait,
1442 927 1510 976 non
1526 915 1628 978 erunt
1650 913 1701 978 in·

158 1007 245 1099 μίνοι
259 1020 324 1090 τοῖς
345 1010 424 1090 υἱοῖς
439 1009 580 1095 Ἰσραήλ
605 1009 678 1091 Πῶς
696 1011 776 1098 γάρς
799 1010 841 1090 ὡς
858 1033 905 1099 μι-
949 1015 1002 1076 ter
1016 1012 1105 1078 filios
1121 1014 1235 1078 Israel.
1259 1015 1427 1089 Quorsum
1443 1016 1560 1082 enim?
1582 1019 1622 1081 ut
1640 1019 1701 1100 qui

152 1119 229 1203 κρὸν
243 1118 375 1200 ὕστερον
390 1115 593 1201 ἀναιρεθῆναι
610 1112 788 1202 μέλλοντες.
949 1118 1052 1198 paulo
1068 1121 1143 1198 post
1157 1116 1353 1182 destruendi
1369 1123 1460 1184 sunt.

199 1239 231 1285 v.
247 1223 300 1286 23.
317 1217 376 1284 dile
388 1229 481 1284 τουτο
497 1217 597 1306 ψευδῆ
616 1219 654 1284 οὐ
677 1220 721 1306 μῆ
735 1218 835 1303 ἴδητε,
848 1217 906 1284 καὶ
966 1256 974 1274 2
991 1237 1023 1283 v.
1040 1221 1092 1284 23.
1106 1223 1280 1302 Propterea
1296 1221 1397 1304 soleo
1410 1240 1473 1288 ocu
1486 1221 1646 1306 videbitis,
1665 1231 1700 1291 et

153 1321 292 1409 τὰὶξῆς.
949 1340 1026 1405 qum
1041 1331 1242 1406 sequuntur.

197 1425 349 1496 Τουτίστι
371 1428 408 1495 οὐ
432 1429 475 1515 μῆ
499 1425 698 1516 συγχωρήσω
721 1427 905 1516 αἰδεσθῆναι
997 1428 1168 1509 Videlicet,
1176 1431 1316 1494 minime
1328 1432 1522 1512 permittam
1531 1450 1591 1500 vos
1599 1433 1704 1518 pude-

152 1533 243 1620 ὑμᾶς,
258 1534 310 1600 ive
324 1535 365 1599 cle
380 1533 453 1619 ἑξῆς
467 1533 631 1620 πληρωθῇ.
948 1531 1034 1614 fieri,
1052 1539 1091 1598 ut
1104 1539 1227 1599 caetera
1243 1536 1383 1618 impleta
1401 1538 1482 1602 sint.

167 1671 170 1676 ·
198 1643 276 1705 Gur.
291 1657 364 1720 x1v,
379 1657 413 1703 v.
428 1640 459 1702 4.
476 1637 562 1704 Τάδε
584 1635 672 1723 λέγει
686 1634 823 1704 'Admeti
839 1631 904 1702 Kd-
993 1641 1070 1702 cnr.
1086 1655 1158 1720 xiv,
1170 1656 1202 1703 v.
1214 1641 1245 1704 4.
1262 1641 1339 1706 Hac
1355 1637 1437 1707 dicit
1449 1639 1577 1708 Adonai
1591 1643 1701 1708 uane-

154 1761 236 1828 ρτος·
262 1739 448 1826 Ἀνθρωπος
477 1741 639 1827 ἄνθρωπος
669 1742 708 1808 ἐκ
729 1749 785 1806 του
815 1741 903 1805 οἴκου
947 1757 1027 1808 tete:
1049 1745 1152 1808 Hom
1173 1742 1263 1808 tono
1277 1761 1316 1810 ee
1331 1742 1421 1810 ιίοκιο
1435 1746 1554 1827 Israel,
1572 1747 1605 1812 ei
1626 1748 1703 1830 quie

152 1843 294 1932 Ἰσραὴλ,
310 1846 345 1924 6ς
360 1845 399 1910 ἂν
413 1844 459 1930 dd
484 1847 524 1910 τὰ
538 1843 737 1933 διανοήματα
758 1844 855 1911 αὐτοῦ
871 1844 903 1910 d·
942 1847 1095 1927 possam
1107 1848 1314 1932 copiatum
1327 1863 1408 1915 tuae
1419 1866 1518 1934 super
1533 1867 1588 1918 cor
1597 1869 1702 1918 eumn.

153 1949 188 2014 πὶ
202 1950 260 2034 τὴν
275 1945 410 2032 καρδίαν
427 1949 535 2013 αυτοῦ.

196 2049 316 2120 Πολλοί
330 2051 408 2117 εἰσιν
430 2050 597 2136 ἄνθρωποι,
613 2053 657 2138 μῆ
681 2051 769 2130 ὄντες
785 2049 902 2138 ἄνθρω-
992 2054 1091 2119 Multi
1106 2054 1261 2120 homines
1276 2059 1367 2136 sunt,
1388 2057 1449 2136 qui
1465 2073 1534 2120 non
1550 2061 1632 2122 sunt
1646 2057 1705 2122 ho·

152 2177 215 2241 ποι,
231 2154 333 2242 ἀλλ’ἢ
348 2153 485 2242 κτένῆ,ῆ
502 2153 643 2243 duplat)
660 2155 785 2242 tpctrd,
798 2153 840 2232 ὡς
851 2154 902 2222 λλ·
948 2159 1068 2240 mines,
1083 2159 1142 2224 sed
1164 2157 1321 2240 jumenta
1340 2162 1395 2226 vel
1423 2160 1540 2226 bestiae
1556 2163 1611 2228 vel
1636 2181 1706 2228 ser·

150 2259 263 2347 γισθαι
287 2259 339 2325 επὶ
360 2267 422 2326 τῶν
443 2257 611 2326 τοιούτων·
637 2259 800 2345 ἄνθρωπος
822 2260 901 2345 ὄφις,
947 2266 1076 2346 pentes,
1093 2268 1132 2327 ut
1144 2262 1211 2328 dici
1228 2264 1383 2344 queatde
1399 2265 1586 2330 similibus:
1604 2265 1705 2331 homo

150 2363 312 2452 ἅνθρωπος
334 2363 478 2450 λύκος,ῆ
500 2364 586 2428 κατὰ
607 2364 643 2428 τὸ
664 2361 902 2450 γεγραμμένον·
946 2384 1096 2449 serpens,
1114 2368 1214 2432 homo
1230 2369 1350 2450 lupus3
1366 2369 1422 2434 vel
1437 2367 1538 2451 Juxts
1550 2371 1701 2453 Scriptu-

149 2469 335 2555 Ἀνθρωπος
348 2469 382 2535 ἐν
393 2469 466 2554 τιμῇ
479 2467 532 2552 ὢν,
545 2468 583 2534 οὐ
598 2478 726 2555 συνῆκε,
742 2488 902 2554 παρασυν-
947 2488 1037 2534 ram:
1064 2472 1202 2536 «Homo
1217 2489 1295 2536 cum
1318 2473 1354 2537 iu
1369 2473 1497 2538 honore
1521 2478 1619 2557 esset,
1635 2492 1704 2540 non

152 2573 274 2661 εβλῆθῆ
297 2583 362 2652 τοῖς
377 2571 507 2658 κτῆνεσι
528 2571 594 2650 τοῖς
616 2568 762 2656 ἀνοήτοις
784 2573 840 2637 καὶ
862 2569 902 2636 ω·
947 2573 1128 2654 intellexit,
1149 2579 1364 2658 comparatus
1380 2582 1432 2640 est
1442 2576 1609 2657 jumentis
1620 2579 1702 2644 insi-

152 2679 272 2766 μοιι66ῆ
288 2680 404 2758 αὐτοῖς.
416 2677 602 2764 Ἀνθρωπος
615 2675 794 2761 ἅνθρωπος·
809 2676 901 2762 ὁγὰρ
946 2679 1129 2761 pientibus,
1149 2683 1185 2743 et
1202 2680 1326 2744 similis
1337 2680 1447 2746 sactus
1462 2686 1514 2746 est
1531 2682 1640 2747 illis.»
1659 2717 1701 2730 -

150 2781 352 2870 Ἰσραῆλίτης
376 2781 539 2868 ἅνθρωπος
562 2779 724 2867 ἅνθρωπός
745 2781 823 2865 ἔστι,
846 2782 902 2846 καὶ
946 2783 1048 2846 Ηοκιο
1069 2784 1175 2849 tomo:
1199 2801 1280 2848 nam
1303 2786 1457 2850 Israelita
1479 2785 1579 2852 homo
1599 2786 1700 2852 homo

150 2889 188 2953 οὐ
203 2887 345 2967 ζῶον-
355 2885 421 2952 Καὶ
437 2886 558 2964 ἄλλως·
575 2887 660 2952 ἔστιν
674 2885 837 2971 ἄνθρωπος
848 2886 901 2953 ἄν·
946 2889 1007 2967 est,
1024 2903 1092 2952 uon
1108 2887 1257 2952 brutum.
1276 2923 1315 2935 -
1329 2889 1373 2952 Et
1387 2890 1502 2954 aliter:
1524 2885 1585 2956 nst
1600 2890 1702 2956 homo

150 2989 315 3079 6ρωπος,ὁ
338 2990 576 3078 ττττλειωμένος
598 2999 642 3078 τῷ
661 2991 723 3057 ἔσω
746 2989 900 3077 ἀνθρώπῳ
946 2990 1046 3054 homo
1069 2990 1123 3055 vir
1145 2992 1205 3073 qui
1228 2991 1397 3075 perlectus
1424 2997 1476 3058 est
1504 2994 1540 3058 in
1563 2995 1701 3061 homine

149 3100 205 3165 καὶ
225 3107 271 3186 τῷ
293 3097 352 3178 ἔξω
375 3095 538 3182 ἀνθρώπῳ,
562 3095 644 3162 ὥστε
665 3093 900 3182 νομοτεθεῐσθαι
944 3094 1106 3158 interiore
1123 3099 1157 3158 et
1172 3095 1208 3159 iu
1223 3096 1390 3162 exteriore
1405 3095 1554 3179 homine,
1571 3101 1610 3162 ut
1625 3115 1702 3164 cen·

149 3206 204 3270 τὸν
219 3202 391 3289 ἄνθρωπον,
407 3201 505 3288 [κατὰ
518 3199 641 3286 πρᾶξιν]
656 3197 901 3264 καὶκατὰθεω·
944 3203 1061 3262 seotur
1082 3199 1135 3264 vir
1166 3200 1314 3282 practice
1344 3205 1379 3265 et
1408 3203 1633 3285 speculative:
1665 3221 1698 3268 e·

150 3305 237 3394 ρῑαν·
259 3308 316 3384 τὰς
329 3308 392 3392 γὰρ
408 3304 539 3382 ἐντολὰς
554 3300 641 3368 καὶὸ
657 3304 719 3368 ἔσω
736 3299 899 3387 ἄνθρωπος
946 3303 1054 3366 teuirn
1075 3306 1207 3385 oportet
1222 3303 1381 3370 mandata
1396 3305 1513 3386 perfici
1535 3310 1570 3371 et
1591 3307 1634 3372 eb
1650 3307 1701 3374 in·

149 3407 303 3490 καῑὸλξω
316 3407 436 3495 ὀφείλει
456 3416 567 3474 ποεῖν.
585 3444 626 3455 -
643 3400 703 3484 Ὃς
726 3406 783 3471 ἐὰν
797 3405 843 3492 dp
859 3407 900 3472 τὰ
943 3406 1067 3470 teriorc
1078 3411 1113 3470 et
1124 3407 1167 3470 ab
1180 3408 1346 3472 exteriore
1357 3409 1505 3474 homine.
1522 3443 1560 3456 -
1573 3411 1613 3477 ue·
1623 3410 1699 3491 pete

149 3513 348 3602 διανοήματα
362 3511 471 3594 αὐτοῦ,
487 3514 543 3578 καὶ
558 3512 599 3577 τὰ
613 3508 696 3595 ἑξῆς.
708 3509 763 3577 Ἐν
778 3509 899 3587 τούτοις
936 3508 1087 3590 pcscerit
1102 3510 1260 3593 copitotus
1270 3527 1346 3578 εκυο
1357 3516 1419 3576 etc.
1437 3515 1477 3578 Iu
1492 3513 1585 3578 hisce
1600 3513 1699 3580 docet

149 3617 291 3686 διδάσκοι
305 3626 370 3695 πῶς
392 3618 443 3685 δεῖ
462 3615 587 3700 ἑκάστῳ
610 3608 836 3699 ἀποκρίνεσθαι
858 3615 899 3680 τὰ
944 3611 1111 3693 quomodo
1126 3614 1251 3694 cuique
1266 3607 1421 3696 oporteat
1441 3635 1481 3682 ea
1496 3617 1700 3700 respondere

148 3723 334 3809 προσφόρως
350 3718 578 3806 ουναρμοστέα,
595 3719 650 3784 καὶ
670 3720 714 3805 μὴ
732 3717 773 3796 ὡς
792 3720 898 3805 ἔτυχε,
944 3733 1021 3797 qum
1038 3715 1211 3781 commode
1233 3719 1451 3802 conveniunt,
1475 3721 1534 3786 sed
1560 3737 1629 3786 nou
1652 3725 1701 3788 te·

149 3831 205 3894 καὶ
219 3829 271 3892 ὅτε
286 3827 381 3905 αὐτὸς
392 3824 508 3912 Κύριός
524 3823 637 3891 ἐστινὸ
652 3821 898 3910 ἀποκρινόμενος
944 3838 1046 3902 mere,
1066 3825 1100 3884 et
1119 3823 1227 3886 Deum
1243 3822 1356 3904 ipsum
1372 3840 1445 3889 esse
1459 3825 1519 3911 qui
1542 3844 1603 3909 per
1625 3842 1701 3912 pro·

149 3933 202 4000 διὰ
215 3943 272 4000 τοῦ
287 3929 461 4018 προφήτου.
527 4011 529 4016 Ι
944 3925 1081 4008 phetam
1095 3924 1282 4006 respondet

193 4057 226 4104 v.
243 4039 273 4103 6.
287 4035 524 4121 Ἐπιστράφητε
535 4034 590 4100 καὶ
601 4029 823 4119 decapitare
834 4031 898 4099 ἀπὸ
987 4047 1019 4091 ν.
1037 4029 1067 4092 6.
1086 4029 1326 4109 θυαοονιίοιίιιί,
1344 4035 1376 4096 et
1389 4030 1525 4098 recedite
1538 4048 1561 4098 ο
1574 4031 1697 4100 stodiis

148 4151 211 4208 cliv
232 4137 487 4226 ἐπιτηδευμάτων
510 4138 606 4225 ὑμῶν,
629 4137 684 4202 καὶ
703 4135 766 4202 ἀπὸ
789 4145 899 4204 ποσῶν
942 4134 1062 4200 cestrie
1075 4139 1107 4200 et
1120 4133 1159 4200 ab
1174 4133 1320 4200 omnibus
1332 4137 1695 4220 oeetrieimpietotibttt,

148 4239 899 4330 τῶνἀοεὸειων6μων,καῐέπιοτρέψατετὰπρὸ·
943 4236 1280 4322 etcaeertecsceiee
1297 4243 1435 4308 cestrae.

149 4370 243 4416 ουπα
257 4348 353 4434 ὑμῶν.

192 4450 367 4539 Πρόσυπόν
382 4449 449 4516 ἐστι
463 4447 584 4536 χρῇζον
599 4447 802 4534 ἐπιστροφῆς.
821 4446 899 4534 Ὀφ-
987 4449 1050 4514 Est
1063 4447 1166 4512 tocies
1177 4465 1254 4529 quse
1265 4448 1484 4514 conversione
1499 4447 1643 4528 indiget.
1657 4451 1698 4514 0-

150 4555 270 4642 6αλμὸν
285 4557 394 4640 νοερὸν
409 4551 635 4641 ἐοτῆριγμένον
650 4555 723 4640 ἔφη,
744 4555 782 4618 οὔ
804 4553 900 4635 detti
944 4553 1062 4618 culum
1094 4551 1308 4633 spiritualem
1339 4549 1424 4615 dicit
1450 4549 1699 4632 confirmatum,

149 4663 192 4728 dv
214 4660 315 4726 δεῖται
340 4660 533 4745 ἐπιστροφῆς
554 4657 606 4722 ἐπὶ
627 4657 668 4722 τὰ
689 4655 833 4742 κρείττω,
848 4659 901 4724 ἵνα
945 4657 1005 4738 qui
1021 4653 1164 4733 indiget,
1181 4655 1217 4718 in
1233 4655 1284 4719 eis
1299 4671 1377 4735 quse
1392 4654 1445 4717 illi
1464 4652 1598 4736 desunt,
1620 4671 1698 4720 con·

148 4763 315 4855 οτῆριχθῆ.
945 4761 1100 4825 versione
1114 4757 1158 4821 ad
1173 4757 1325 4838 meliora,
1341 4761 1380 4822 ut
1394 4756 1559 4822 firmetur.

180 5108 251 5182 Gap.
264 5121 327 5178 xlv,
339 5123 368 5164 v.
380 5105 407 5161 4.
421 5101 518 5162 vatic.
528 5102 549 5158 f.
559 5103 621 5173 260,
631 5101 763 5160 octout
775 5103 838 5158 20³.
848 5102 898 5158 Pe.
944 5098 1043 5156 braics
1055 5095 1268 5170 superlativum
1278 5098 1332 5167 ast,
1341 5095 1386 5152 uti
1395 5093 1458 5169 jam
1467 5094 1556 5170 poulo
1566 5099 1636 5154 ante
1645 5113 1697 5156 no·

146 5211 250 5268 xuvur,
261 5195 308 5252 21.
322 5211 350 5252 ν.
362 5195 389 5250 6.
401 5190 473 5250 ibid.
491 5192 557 5250 Uno
570 5190 670 5262 verbo,
683 5189 831 5262 duplicatio
848 5189 899 5246 he·
946 5191 1042 5244 tetum
1055 5189 1109 5242 est
