4036 6090
808 453 852 514 IN
874 452 1059 516 PSALMOS
1653 458 1715 522 115

169 591 269 659 κτίσει
288 590 486 677 θαυμασίοις.
515 590 554 658 Ol
587 591 770 677 ἀρνούμενοι
794 591 834 655 τά
860 609 920 654 πα·
964 593 1000 654 in
1017 595 1186 657 creatione
1201 593 1366 675 prodigia.
1390 597 1452 670 Qui
1476 602 1591 660 vetera
1614 615 1713 679 repu-
1823 675 1825 679 ,

170 697 246 763 λαιά
260 700 319 763 ούκ
333 696 491 782 ἐφύλαξαν
506 698 563 782 την
579 694 742 781 διαθήκην
757 704 812 759 τοῦ
827 693 920 776 Θεοῦ,
965 695 1069 777 diant,
1094 713 1161 760 non
1188 699 1420 763 custodierunt
1444 702 1506 764 Dei
1530 707 1713 767 testamen·

171 800 255 866 ἀλλὰ
276 803 331 865 καὶ
352 799 381 865 οἱ
396 799 618 877 διακόπτοντες
638 802 697 885 την
718 797 869 883 θεδτητα,
888 799 921 862 ἐν
965 802 1050 878 tum,
1080 801 1139 864 sed
1165 807 1199 866 et
1225 803 1285 882 qui
1310 802 1479 866 dissecant
1506 803 1664 868 deitatem
1695 824 1715 869 a

168 913 213 989 τῷ
239 914 295 970 του
322 903 484 981 κτίσαντος
518 912 725 989 πνευματικῷ
752 903 836 989 νύμιρ
862 904 921 968 οὐκ
964 907 1128 987 creatore,
1162 907 1197 970 in
1226 908 1396 988 spirituali
1423 908 1500 986 lege
1530 910 1715 973 noluerunt

168 1006 387 1094 ἐύουληθησαν
401 1007 604 1093 πορεύεσθαι.
622 1045 663 1056 -
681 1008 775 1085 Τάνις
797 1007 921 1093 λέγεται
964 1009 1147 1073 ambulare.
1161 1011 1311 1074 —Tanis
1324 1012 1448 1074 dicitur
1459 1016 1571 1094 etymo
1583 1014 1714 1078 metuta-

171 1111 284 1198 ἐντολὴ
315 1113 378 1177 άπὸ
407 1110 550 1196 κρίσεως,
580 1114 601 1198 ἢ
630 1111 742 1197 ἐντολὴ
769 1109 920 1194 ταπεινή·
965 1113 1214 1194 analeticis,
1239 1113 1717 1197 ve1‚eumitaprecepccm.1n

169 1217 240 1300 περὶ
255 1215 351 1281 Τάνιν
366 1214 496 1301 γέγονεν
511 1214 728 1300 veteriponte.
965 1217 1111 1280 circuitu
1126 1219 1255 1280 Taneos
1270 1222 1425 1297 portenta
1439 1220 1668 1298 contigerunt.

213 1339 245 1383 v.
263 1321 313 1384 13.
328 1317 486 1403 Ἔστησεν
502 1319 601 1383 ύδατα
617 1317 691 1384 ὡσεί
706 1318 814 1384 άσκύν.
1008 1337 1040 1382 ν.
1059 1322 1108 1383 13.
1125 1321 1252 1386 Statuit
1264 1336 1368 1402 aquea
1381 1323 1480 1403 qteaai
1493 1326 1609 1386 utrem.

214 1419 302 1488 Ἀντί
315 1432 371 1486 τοῦ
387 1423 422 1488 ἐν
439 1422 539 1508 ἀσκῷ.
1012 1423 1049 1488 Id
1065 1425 1166 1488 estin
1184 1429 1268 1488 utre.

216 1546 246 1589 v.
264 1526 315 1589 14.
336 1523 401 1590 Καὶ
424 1524 590 1610 ὡδήγησεν
612 1525 725 1604 αὐτούς
747 1525 781 1590 ἐν
803 1524 920 1612 νεφέλη
1009 1545 1041 1590 v.
1060 1528 1110 1590 14.
1126 1529 1171 1593 Et
1185 1527 1318 1593 deducit
1331 1529 1430 1593 cosia
1443 1529 1523 1593 acte
1537 1529 1613 1610 diet,
1628 1536 1659 1596 et
1672 1536 1717 1596 to·

172 1626 306 1714 ἡμέρας,
327 1630 382 1694 καὶ
409 1629 487 1714 δλην
512 1631 572 1714 την
595 1629 695 1695 νύκτα
717 1628 750 1694 ἐν
773 1637 921 1714 φωτισμῷ
966 1633 1153 1697 inmetata
1168 1631 1524 1714 ttlmaicottoaeipaia.

174 1731 280 1817 πυρός.

217 1835 281 1902 Καὶ
296 1835 401 1922 ημέρφ
415 1845 550 1923 παρεῖχε
571 1835 707 1922 νεφέλην
729 1835 921 1916 σκιάζουσαν
1010 1841 1053 1904 Et
1068 1840 1103 1902 in
1119 1838 1173 1901 die
1197 1839 1354 1920 praestitit
1376 1840 1500 1904 nubem
1517 1840 1718 1903 obumbran-

172 1944 227 2007 καί
241 1944 278 2007 τδ
290 1941 430 2026 λυπηρὸν
440 1951 498 2028 της
512 1944 636 2019 άκτῖνος
652 1942 922 2029 άπακρουομένην·
966 1947 1034 2007 tem
1051 1948 1085 2006 et
1095 1948 1342 2024 temperantem
1358 1944 1443 2007 radii
1461 1945 1542 2008 solis
1557 1943 1717 2007 acerbita-

172 2045 293 2130 νύκτωρ
305 2045 340 2110 δὲ
351 2050 429 2132 πρὸς
444 2044 554 2132 χρείαν
569 2055 702 2132 παρεῖχε
715 2045 920 2131 φωτίζουσαν.
965 2051 1052 2125 tem3
1069 2047 1104 2109 in
1120 2051 1216 2110 nocte
1232 2051 1346 2111 autem
1362 2049 1612 2112 illuminantem
1637 2065 1711 2111 eam

966 2151 1139 2214 commode
1156 2151 1294 2230 aptavit.

217 2275 250 2319 v.
269 2256 318 2320 lo.
334 2253 399 2318 Καὶ
414 2253 570 2340 ἐξήγαγεν
586 2256 668 2339 ὕδωρ
683 2253 721 2317 ἐκ
735 2251 862 2336 πέτρας.
1009 2272 1041 2316 v.
1060 2256 1110 2317 16.
1125 2256 1171 2318 at
1184 2254 1295 2319 educit
1309 2271 1427 2337 αφααω
1441 2255 1478 2319 τά
1486 2259 1594 2336 petro.

216 2357 308 2425 Ἡδὲ
325 2357 434 2444 πέτρα,
451 2361 556 2444 φησίν,
572 2356 617 2435 τίς
632 2359 653 2444 ἡ
669 2357 686 2422 ὁ
702 2355 855 2442 Χριστύςς
1009 2360 1109 2421 Petra
1120 2359 1179 2420 illa
1191 2359 1444 2438 qualisdicitur,
1457 2360 1523 2422 nisi
1537 2360 1712 2424 Christus?

217 2483 248 2528 v.
268 2465 318 2528 17.
334 2462 399 2528 Καὶ
420 2461 609 2547 προσέθεντο
631 2463 677 2527 ἐτι
700 2471 755 2526 τοῦ
778 2459 921 2547 άμαρτά·
1011 2461 1715 2549 ν.17.Είαάάαοαμροοαοτααίμαιιααταί.

176 2585 239 2630 νειν
254 2567 348 2652 αὐτῷ.

218 2667 289 2755 Οὐχ
304 2670 426 2748 ἑαυτοῖς
442 2691 547 2756 φησιν,
564 2670 647 2757 αὐτῷ
662 2671 723 2755 γάρ
739 2669 810 2756 Θεῷ
821 2666 923 2755 ἦμάρ·
1010 2671 1082 2734 Non
1098 2671 1185 2734 dixit
1192 2687 1326 2752 peceare
1338 2672 1431 2752 ipsis,
1446 2673 1481 2735 in
1497 2674 1609 2752 ipsum
1625 2674 1714 2736 enim

174 2794 269 2840 τανον
284 2774 336 2841 διὰ
350 2783 407 2860 τῆς
421 2778 499 2860 πρὸς
514 2776 609 2840 αύτδν
624 2771 811 2860 ἀντιλογίας.
967 2777 1075 2839 Deum
1087 2775 1280 2856 peccabant,
1293 2776 1335 2839 ob
1350 2793 1448 2840 suam
1458 2775 1620 2840 adversus
1636 2794 1714 2839 eum

966 2879 1275 2944 contradictionem.
1600 2869 1604 2876 ’

214 3003 246 3047 ν.
266 2984 315 3047 18.
331 2980 396 3046 Καὶ
419 2981 623 3066 ἐξεπείρασαν
637 2985 692 3047 τὸν
707 2981 789 3050 Θεὸν
803 2981 837 3048 ἐν
853 2988 921 3058 ταῖς
1009 3001 1040 3045 ν.
1059 2984 1109 3046 18.
1124 2983 1170 3046 Bt
1182 2986 1385 3048 tentaverunt
1398 2987 1501 3048 Deum
1514 2985 1552 3048 ίπ
1565 2981 1713 3048 cordibus

173 3084 316 3171 καρδίαις
332 3087 434 3151 αὐτῶν
456 3096 511 3151 τοῦ
526 3087 656 3171 αἰτῆσαι
678 3085 829 3172 βρώματα
852 3093 921 3162 ταῖς
964 3087 1046 3164 attia,
1065 3090 1256 3166 adpeterent
1269 3104 1360 3152 caeca
1373 3087 1542 3154 animatae
1556 3089 1637 3153 scta

172 3189 289 3275 ψυχαῖς
304 3190 416 3255 αὐτῶν.
694 3266 696 3272 .

215 3289 299 3379 Ὅροι
321 3294 356 3358 δὲ
372 3295 430 3378 τὴν
452 3301 507 3357 του
524 3291 606 3360 Θεοῦ
622 3291 818 3380 οἰκονομίαν·
840 3294 922 3379 δρῶν
1009 3295 1189 3360 considera
1206 3294 1278 3376 jam
1298 3297 1360 3358 Dei
1383 3297 1619 3359 oeconomiam:
1644 3315 1713 3360 cer-

171 3397 249 3463 λαδν
274 3397 474 3482 ἐπιθυμητὸν,
497 3397 552 3461 καί
577 3396 715 3481 καθάραι
741 3399 835 3463 αὐτὸν
858 3398 921 3462 ἀπὸ
965 3415 1050 3462 nens
1064 3400 1227 3479 populum
1240 3398 1391 3480 cupidini
1407 3399 1569 3480 deditum,
1585 3402 1716 3466 volens-

173 3510 231 3586 της
251 3499 413 3586 ἐπιθυμίας
436 3498 633 3586 βουλόμενος,
658 3500 743 3586 έύρα
768 3503 815 3565 δτι
835 3500 920 3588 λόγῳ
964 3519 1031 3582 que
1054 3520 1132 3566 eurn
1155 3519 1303 3584 purgare
1319 3521 1339 3566 a
1357 3504 1640 3584 eoncupiscentia,
1664 3507 1713 3568 vi·

170 3603 384 3690 διδασκαλικῷ
407 3605 444 3669 ού
466 3602 658 3689 καθαίρεται,
684 3603 755 3669 ἀλλ’
774 3605 855 3690 αὐτη
880 3614 919 3690 τη
964 3605 1015 3668 dit
1030 3623 1108 3668 eum
1132 3623 1199 3669 non
1223 3607 1395 3670 emendari
1417 3607 1520 3670 verbo
1543 3609 1712 3689 magistri,

169 3707 319 3795 ἐπιθυμίᾳ
337 3706 486 3794 γινομένη
509 3718 689 3794 προσκορεῖ.
705 3708 836 3774 Πάντων
858 3711 919 3794 γάρ
963 3709 1021 3773 sed
1037 3711 1227 3773 satietatem
1243 3709 1317 3773 fieri
1336 3727 1378 3772 ex
1390 3711 1463 3791 ipsa
1475 3717 1545 3774 met
1556 3715 1713 3794 concupi·

169 3811 265 3898 κόρος
290 3811 383 3894 ἐστίν,
411 3813 471 3898 οὐχ
497 3814 594 3877 ύπνου
621 3811 726 3897 μόνον,
757 3811 919 3877 ἀλλὰκαὶ
963 3815 1101 3876 scentia.
1128 3812 1379 3894 cujuscumque
1411 3816 1500 3878 enim
1528 3817 1713 3897 voluptatis

170 3916 352 4004 βρωμάτων,
376 3916 422 3982 διδ
446 3918 585 4003 ἐπεμψεν
612 3918 718 3994 αὐτοῖς
744 3915 919 4002 δρτυγομη-
963 3916 1003 3980 fit
1031 3915 1215 3996 fastidium,
1245 3934 1312 3980 non
1342 3921 1452 3981 somni
1482 3925 1626 4001 tantum,
1653 3922 1712 3986 sed

170 4043 247 4107 τραν
270 4021 320 4087 ἐπὶ
353 4021 521 4106 τριάκοντα
546 4019 676 4106 ἡμέρας.
700 4018 739 4085 Οἱ
761 4021 797 4085 δέ
822 4030 861 4105 τῇ
884 4020 919 4084 ά·
963 4021 1065 4084 etiarn
1080 4020 1248 4084 ciborum:
1273 4022 1348 4086 ideo
1364 4024 1459 4086 misit
1473 4025 1541 4089 illis
1563 4029 1711 4090 coturni-

169 4124 308 4211 πληστίφι
321 4125 528 4212 χρησάμενοι,
544 4125 702 4210 χολερικῷ
717 4123 810 4190 πάθει
836 4123 919 4209 διεφ-
962 4143 1035 4189 cem
1050 4143 1110 4205 per
1124 4127 1269 4205 triginta
1283 4127 1364 4191 dies.
1382 4130 1445 4203 Qui
1460 4147 1540 4193 vero
1564 4131 1712 4212 inexple-

170 4229 317 4315 θείροντο.
334 4228 385 4308 Δίς
400 4229 435 4294 δὲ
457 4228 591 4313 εύρίσκω
607 4232 660 4294 τὸν
681 4229 758 4294 λαὸν
774 4228 919 4314 φάγονται
963 4230 1024 4293 bili
1039 4232 1123 4308 gula
1130 4230 1235 4324 ⁸abusi
1247 4237 1337 4312 sunt,
1351 4232 1518 4297 cholerico
1530 4236 1646 4299 morbo
1657 4255 1713 4318 pe·

170 4333 418 4421 δριυγομητραν,
434 4332 518 4412 άπαξ
530 4335 586 4420 μέν
597 4331 694 4418 ἡνίκα
705 4331 817 4410 εὐθέως
828 4331 918 4417 ἐξηλ·
963 4335 1103 4397 rierunt.
1122 4335 1234 4398 —Bis
1254 4341 1367 4398 autem
1391 4337 1528 4402 invenio
1550 4342 1713 4420 populum

170 4435 223 4504 θεν
238 4439 277 4503 ἐκ
291 4447 351 4524 γης
365 4437 537 4524 Αἰγύπτου,
551 4441 587 4503 τδ
603 4436 638 4502 δὲ
655 4436 810 4521 δεύτερον,
827 4435 870 4512 ὣς
884 4436 918 4499 ἐν
962 4439 1146 4502 comedisse
1169 4442 1450 4521 ortygometram:
1477 4444 1581 4506 semel
1597 4444 1711 4508 statim

170 4550 235 4619 τοῖς
250 4540 410 4626 Ἀριθμοίς
432 4539 679 4627 ἀναγέγραπται,
700 4539 797 4624 ἡνίκα
811 4546 918 4616 κακῶς
963 4546 1065 4624 atque
1080 4543 1236 4605 exierunt
1251 4542 1291 4605 de
1303 4547 1394 4606 terra
1408 4546 1557 4626 AEgypti‚
1575 4547 1712 4629 iterum,

172 4646 259 4712 εἶπεν
267 4649 321 4711 τδν
332 4646 427 4730 άρτον
438 4653 494 4709 τοῦ
502 4645 595 4728 Θεοῦ,
604 4645 659 4708 καί
670 4643 814 4709 διάκενον
824 4643 918 4709 αύτδν
962 4647 1052 4710 sicut
1074 4646 1109 4709 in
1132 4647 1288 4709 Numeris
1310 4647 1551 4728 scriptumest,
1575 4651 1711 4730 quando

170 4747 344 4835 ὠνόμασεν,
367 4749 419 4813 δτε
439 4750 494 4812 καί
513 4749 593 4834 δργη
609 4745 705 4832 ἀνέθη
729 4745 779 4812 ἐπ’
794 4747 917 4830 αὐτοὺς,
963 4751 1110 4814 oblocuti
1124 4754 1206 4812 sunt
1220 4749 1261 4812 de
1276 4767 1362 4830 pane
1374 4752 1446 4831 Dei,
1459 4769 1560 4833 quem
1572 4755 1710 4819 inanem

170 4854 257 4939 τάχα
272 4852 314 4931 ύς
330 4853 416 4919 κάτω
432 4873 493 4918 που
509 4855 590 4918 ούοα
604 4853 675 4938 πρὶν
690 4854 711 4938 ἢ
728 4851 917 4939 ἁμάρτωσιν.
963 4855 1228 4936 appellaverunt
1245 4855 1315 4928 Quo
1330 4854 1433 4916 etiam
1448 4858 1597 4936 tempore
1623 4859 1706 4922 «ira

205 5006 233 5046 ν.
248 4987 290 5044 13.
303 4988 370 5043 Vat.
384 4989 410 5043 5.
999 5001 1026 5040 v.
1039 4983 1081 5038 17.
1094 4983 1161 5038 Vale
1174 4983 1200 5052 2,
1214 4983 1240 5037 6.

204 5093 232 5132 v.
245 5074 288 5130 14.
301 5073 438 5129 laurent
453 5071 532 5130 Plut.
547 5073 625 5144 r1,3.
998 5089 1026 5128 ν.
1039 5069 1081 5125 18.
1099 5068 1185 5125 Laur.
1204 5067 1249 5124 Pl.
1267 5087 1295 5140 ν,
1309 5070 1352 5127 lt
1370 5069 1462 5128 Exod.
1483 5089 1546 5143 xvi,
1560 5073 1602 5130 13.
1621 5073 1712 5132 Num.

204 5179 232 5218 ν.
246 5161 289 5216 16.
302 5159 370 5216 vae
383 5159 408 5214 5.
965 5175 1007 5229 xr,
1020 5158 1063 5214 31.
1076 5155 1125 5214 Ps.
1138 5173 1198 5226 civ,
1213 5157 1257 5212 40.
