4008 6094
873 453 916 517 IN
940 453 1125 518 PSALMOS
1727 457 1765 518 71

228 587 310 674 Θεῷ.
327 587 364 654 ‘O
387 587 478 673 Θεὸς,
496 591 513 656 6
528 589 608 670 Θεὸς
624 611 692 677 μου.
711 631 750 642 -
768 590 815 658 Οῦ
832 592 926 679 μόνον
942 593 977 657 δὲ
1024 613 1107 674 ergo
1122 611 1200 658 vere
1217 597 1314 677 sapit,
1332 595 1389 658 ille
1405 596 1485 658 hnic
1506 597 1575 660 Dco
1598 595 1686 660 dicet
1708 598 1769 676 qui

227 692 354 780 ἡψυχή
377 716 436 779 μου
458 693 588 780 ἑδίψησί
610 717 656 779 σε,
680 696 764 761 ἀλλὰ
786 696 877 781 καίη
896 696 973 781 σάρξ
1023 704 1146 762 natura
1172 717 1211 762 ac
1237 717 1316 762 vere
1343 700 1433 762 Deus
1462 705 1528 763 est:
1553 702 1651 778 Ιλαιε,
1680 702 1769 764 Deua

229 819 299 883 μου,
322 798 465 884 καθάπερ
489 800 632 886 μαθοῦσα
654 802 712 886 την
728 801 761 866 ἐν
783 810 822 887 τῇ
838 800 973 865 ἀναστά-
1022 805 1260 868 meost-Non
1277 806 1386 867 solum
1398 804 1511 868 cilicii
1525 807 1554 867 te
1565 805 1675 868 απίπια
1686 822 1766 884 αισα,

228 923 276 966 σει
300 902 411 968 ἐλπίδα
434 903 549 988 ἑαυτῆς
571 906 658 988 παρὰ
680 906 739 988 σοι,
766 907 788 991 ἡ
816 903 976 968 πολυπλα-
1022 905 1127 970 sedet
1143 923 1311 986 coromeo,
1335 911 1451 988 utpote
1467 925 1543 988 quae
1559 910 1693 972 conscia
1714 909 1770 988 sit,

228 1005 352 1070 σίασθαι
366 1009 401 1071 τὸ
424 1011 500 1093 πρὸς
528 1009 564 1073 σὲ
587 1006 675 1092 δίψος
699 1007 832 1092 ἐαυτης·
848 1008 895 1073 διὸ
918 1009 973 1072 καί
1023 1011 1059 1074 in
1075 1015 1108 1074 te
1133 1029 1205 1075 ease
1230 1029 1324 1092 spem
1348 1029 1445 1074 suam
1469 1012 1509 1074 de
1533 1013 1640 1093 ipsius
1663 1030 1773 1076 resur-

228 1119 437 1195 κατασκηνῶν
466 1111 517 1178 ἐπ’
540 1111 657 1195 ἐλπίδι,
690 1113 749 1176 οῦκ
777 1115 843 1198 ἔχω
874 1111 977 1196 λέγειν
1022 1117 1180 1195 rectione,
1198 1117 1252 1178 vel
1275 1115 1365 1195 apud
1388 1119 1421 1177 te
1436 1116 1657 1195 multiplicari
1677 1117 1770 1180 sitim

228 1212 328 1278 ὁπόσα
350 1213 491 1299 πλησίως
506 1219 561 1281 καί
582 1225 732 1303 ποσαχῶς
759 1219 846 1302 παρὸι
861 1219 919 1302 την
936 1215 978 1280 δί-
1021 1237 1136 1282 suam:
1153 1219 1277 1282 idcirco
1301 1220 1336 1281 in
1351 1219 1570 1282 tabernaculo
1589 1220 1660 1301 spei
1677 1221 1771 1284 inha-

227 1317 290 1400 ψαν
306 1327 362 1403 τῆς
378 1318 484 1404 ψυχης
500 1341 559 1406 μου
576 1320 713 1406 ἐδίψησα
728 1341 774 1386 σε.
1021 1321 1145 1401 bimae,
1162 1321 1303 1389 dicendo
1319 1339 1387 1384 uon
1403 1341 1478 1386 sum
1495 1339 1598 1404 quam
1613 1326 1722 1388 multa
1738 1331 1772 1389 et

1022 1442 1124 1506 quam
1141 1425 1324 1506 multiplici
1348 1427 1470 1489 animoa
1484 1443 1569 1489 meae
1587 1427 1644 1490 siti
1671 1433 1705 1491 te
1728 1430 1771 1492 si·

1022 1529 1170 1592 tiverim.

272 1649 303 1694 v.
321 1633 350 1694 3.
368 1629 475 1710 Οὕτως
499 1631 532 1698 ἐν
548 1642 591 1718 τῷ
615 1632 694 1718 ἁγίῳ
715 1633 823 1719 ὤφθην
846 1657 904 1718 σοι,
921 1643 977 1698 τοῦ
1065 1652 1097 1696 v.
1114 1635 1144 1696 3.
1161 1634 1269 1699 Sitia
1284 1635 1547 1715 νιωινορρυικι
1569 1634 1637 1714 titi,
1664 1640 1702 1700 αί
1722 1637 1771 1700 ti·

226 1732 302 1797 ἰδεῖν
316 1736 375 1820 τὴν
390 1735 519 1822 δύναμίν
535 1760 591 1802 σου
607 1739 661 1802 καί
675 1739 733 1824 την
751 1738 844 1818 δόξαν
864 1761 931 1804 σου.
1021 1737 1127 1801 dorem
1142 1738 1296 1802 uirtutem
1311 1743 1400 1802 ίκιιιιι
1415 1743 1447 1802 πί
1457 1739 1598 1821 pluriam
1614 1743 1712 1804 ίαααι.

202 1911 205 1918 ,
271 1835 389 1922 Οὕτως,
405 1849 488 1924 πῶς;
504 1843 526 1926 ἢ
551 1841 644 1926 δίψης
660 1843 714 1906 καὶ
729 1843 779 1908 ἐπί
795 1841 892 1909 πίθου
908 1844 979 1927 περί
1065 1843 1130 1921 Sic,
1150 1842 1339 1922 quomodo?
1354 1844 1426 1906 Nisi
1438 1844 1495 1906 siti
1507 1844 1629 1907 ardens
1647 1849 1681 1907 et
1698 1861 1772 1926 prm

223 1943 276 2005 τὸν
291 1944 381 2028 ἅγιον
397 1944 561 2031 συγχὸείςς
579 1945 625 2024 τίς
648 1947 682 2010 δὲ
697 1947 736 2011 ὸν
752 1948 811 2031 εἴη,
835 1949 858 2032 ἢ
874 1946 891 2011 6
906 1945 972 2011 Mo·
1021 1945 1187 2008 desiderio
1204 1963 1287 2025 erga
1303 1947 1481 2010 sanctum?
1496 1947 1559 2010 Sall
1572 1948 1648 2028 quis
1663 1949 1770 2029 possit

222 2045 362 2132 νογένης,
386 2051 440 2113 καί
462 2050 490 2114 εί
512 2051 568 2135 μὲν
590 2052 640 2136 εἴη
665 2051 682 2116 6
706 2051 828 2136 Πάτηρ,
845 2053 921 2136 πρὸς
936 2052 973 2115 ὸν
1021 2051 1079 2112 ille
1096 2067 1178 2129 ease,
1196 2052 1262 2114 nisi
1280 2051 1497 2131 Unigenitus,
1521 2056 1555 2114 et
1577 2053 1644 2116 nisi
1667 2051 1771 2116 fuerit

223 2149 320 2240 διψῶν
342 2153 470 2239 δύναμιν
492 2156 546 2218 καί
568 2154 661 2234 δόξαν
684 2157 780 2220 αὐτοῦ
796 2155 813 2220 6
828 2151 971 2239 Μονογί-
1023 2157 1143 2234 Pater,
1172 2154 1214 2217 ad
1241 2172 1343 2236 quem
1372 2157 1536 2220 anhelans
1563 2158 1769 2234 unigenitus

221 2273 296 2338 νης·
311 2255 446 2340 Χριστὸς
468 2260 530 2342 γὰρ
555 2255 638 2326 Θεοῦ
661 2259 788 2345 δύναμις
811 2260 905 2336 αὐτὸς
927 2259 970 2322 ὢν
1020 2261 1114 2322 sitiat
1126 2260 1288 2323 virtutem
1302 2265 1336 2322 et
1347 2261 1492 2338 gloriam
1506 2259 1769 2339 ajulehristua

227 2356 318 2441 καὶὴ
342 2357 427 2442 δόξα,
447 2363 517 2446 περὶ
531 2363 572 2446 ης
588 2364 726 2447 εἴρηται·
742 2361 970 2448 Ὀρθήσεταιὴ
1023 2364 1113 2426 enim
1126 2364 1185 2443 qui
1200 2369 1252 2426 est
1263 2365 1323 2426 Dei
1339 2365 1449 2426 virtus
1462 2369 1497 2426 et
1511 2365 1631 2445 gloria,
1648 2365 1688 2427 dc
1701 2381 1770 2446 qua

222 2460 298 2540 δόξα
313 2461 439 2547 Κυρίου.
456 2463 656 2552 Παρίσταμαι
671 2467 706 2531 δὲ
723 2467 781 2549 σοί,
798 2469 856 2552 τὴν
873 2466 970 2551 666⁷]-
1023 2465 1152 2530 dictum
1169 2471 1236 2530 est:
1259 2489 1276 2526 «
1289 2467 1468 2531 Videbitur
1489 2469 1601 2547 gloria
1622 2469 1768 2532 Domini.

221 2584 275 2631 τον
290 2567 307 2632 6
323 2567 557 2655 φανταζόμενος
573 2571 711 2657 δύναμιν.
1022 2571 1147 2634 Astabo
1177 2571 1239 2634 tibi
1253 2591 1282 2650 ν,
1307 2569 1512 2634 ineffabilem
1535 2572 1767 2653 contemplans

1023 2676 1196 2738 virtutem.

268 2793 298 2840 v.
316 2779 346 2842 4.
364 2777 412 2844 Τὰ
427 2778 520 2865 χείλη
539 2799 597 2865 μου
614 2778 813 2846 ἑπαινέοουσί
828 2801 874 2846 σε.
1064 2796 1095 2840 v.
1111 2779 1142 2840 4.
1158 2776 1263 2842 tatic
1274 2776 1590 2842 acclamante.

263 2879 313 2945 Οὐ
328 2881 431 2967 μόνοις
448 2884 483 2947 δὲ
495 2885 642 2971 χείλεσιν,
656 2885 740 2950 ἀλλὸι
751 2889 829 2970 πρὸς
844 2896 883 2972 τῇ
896 2907 973 2972 κοιρ-
1064 2883 1137 2944 Non
1165 2882 1265 2944 labiis
1292 2886 1437 2962 tantum,
1467 2881 1526 2945 aed
1553 2880 1651 2945 corde
1677 2882 1768 2945 Deus

224 2983 276 3069 δίᾳ
290 2987 343 3050 τὸνΙ
359 2985 440 3053 Θεὸν
463 2987 625 3074 ὸμνητέον,
650 2991 734 3054 κατὰ
748 2990 811 3074 γὰρ
826 2988 974 3056 Παῦλον·
1019 2984 1212 3049 laudandus
1239 2989 1300 3065 est,
1327 2984 1459 3049 dicente
1487 2987 1609 3050 Paulo:
1636 2984 1770 3050 «Corda

221 3087 347 3174 Καρδίᾳ
361 3092 538 3157 πιστεύεται
558 3094 601 3170 εἰς
624 3092 835 3178 δικαιοσύνην,
852 3095 973 3182 χείλεσι
1019 3089 1171 3153 creditur
1185 3088 1421 3169 adjustitiam,
1438 3106 1494 3153 ore
1510 3093 1624 3153 autem
1641 3088 1768 3154 confes-

224 3191 261 3256 δὲ
276 3193 476 3280 ὁμολογεῖται
491 3197 534 3274 εἰς
551 3196 717 3281 σωτηρίαν.
1019 3197 1069 3261 sio
1088 3193 1128 3257 fit
1141 3194 1184 3258 ad
1199 3195 1385 3258 salutem.»

264 3317 296 3360 v.
313 3301 344 3362 6.
359 3297 414 3362 Ἐν
429 3308 473 3385 τῷ
488 3299 617 3386 ὀνόματί
632 3322 689 3365 σου
705 3301 772 3386 ἀρῶ
788 3303 844 3379 τὸις
859 3301 972 3388 χεῖράς
1062 3318 1094 3362 v.
1110 3299 1140 3361 5.
1157 3301 1200 3364 Ιιι
1220 3299 1345 3363 comice
1367 3301 1420 3362 tuo
1445 3313 1499 3381 eqo
1521 3296 1628 3364 levabo
1649 3313 1765 3363 ιιιαιιιις

230 3421 299 3485 μου.
1019 3421 1117 3468 meos.

263 3501 353 3589 Αίρει
367 3506 402 3570 δὲ
417 3508 473 3584 τὰς
491 3514 600 3592 χεῖρας
617 3508 634 3573 6
655 3507 773 3586 δίκαιος
792 3508 826 3575 ἐν
842 3507 972 3594 ὸνὸματι
1063 3508 1164 3569 Enim
1181 3523 1261 3569 vero
1276 3507 1367 3570 tollit
1389 3524 1511 3570 manus
1529 3509 1583 3570 vir
1593 3507 1709 3588 justus
1733 3511 1768 3572 in

222 3607 350 3692 Κυρίου,
367 3612 420 3675 ὅτε
434 3611 497 3675 ἀπὸ
513 3613 607 3697 ὑγιῶν
622 3613 786 3698 δογμάτων
800 3614 871 3697 περί
886 3611 969 3679 Θεοῦ
1019 3611 1156 3674 nomine
1165 3610 1453 3690 Domini,quando
1466 3628 1534 3691 prae
1543 3612 1635 3674 sanis
1649 3611 1688 3674 de
1697 3612 1766 3675 Deo

222 3715 277 3776 καί
302 3722 359 3798 της
385 3716 429 3792 εἰς
455 3716 550 3780 αὐτὸν
576 3715 736 3795 εῦσεδείας
761 3716 882 3801 ἐπαίρει
905 3716 967 3780 ἀπὸ
1022 3713 1250 3792 dogmatibus,
1274 3715 1308 3775 et
1330 3731 1393 3776 sua
1418 3729 1503 3791 erga
1530 3715 1628 3776 illum
1646 3714 1770 3794 pietate

221 3824 283 3900 τῶν
298 3819 414 3901 γηίνων
430 3821 465 3883 τὸ
481 3823 653 3903 πρακτικὸν
669 3819 793 3904 ἑαυτοῦ,
810 3821 844 3886 ἐν
854 3819 968 3905 ὸνὸμα-
1023 3819 1148 3881 attollit
1160 3835 1181 3879 a
1191 3817 1336 3880 terrenis
1351 3821 1447 3880 actus
1459 3833 1554 3880 suos:
1572 3819 1700 3880 sanein
1713 3835 1770 3881 no

220 3939 250 3984 τι
263 3931 320 3985 τοῦ
335 3920 417 3989 Θεοῦ
433 3925 512 4008 αίρει
523 3927 580 4002 τὸις
592 3934 700 4012 χεῖρας
717 3926 841 3991 ἑαυτοῦ·
854 3925 917 3989 είτε
935 3923 969 3988 δὲ
1020 3923 1111 3984 mine
1128 3921 1263 3984 Domini
1279 3922 1390 3984 elevat
1411 3939 1542 3984 manua.
1571 3923 1629 3984 Sin
1653 3927 1768 3986 autem

221 4020 276 4110 ἀρ’
298 4027 483 4110 ἡστινοσοῦν
519 4027 628 4114 ἑτέροις
658 4028 873 4112 διδασκαλίας,
905 4029 969 4095 εἴτε
1019 4025 1061 4090 ob
1088 4027 1373 4108 qualemcumque
1397 4027 1543 4088 alienam
1567 4025 1765 4106 doctrinam,

221 4129 296 4214 παρ’
322 4130 434 4215 ἕλλησι
463 4131 743 4219 ριλοσορουμένης,
769 4133 831 4199 εἴτε
858 4135 913 4199 καί
936 4134 970 4199 ἐν
1018 4132 1090 4194 sive
1113 4131 1156 4193 cb
1181 4131 1405 4209 graecanicam
1428 4130 1686 4211 philosophiam,
1709 4132 1764 4194 vel

223 4236 357 4318 ᾑτινιοῦν
379 4237 505 4321 αἰρέσει,
529 4239 614 4324 τάχα
636 4241 717 4323 αίρει
740 4243 797 4326 μὲν
819 4241 875 4317 τὸις
901 4250 965 4326 γεί-
1019 4235 1207 4315 quamlibet
1222 4235 1377 4313 haeresin,
1394 4234 1534 4297 fortasse
1549 4252 1672 4298 manua
1691 4235 1765 4315 qui·

225 4361 282 4423 ρας
298 4339 421 4425 ἑαυτοῦ,
438 4344 475 4406 οῦ
491 4343 553 4428 μὴν
567 4344 602 4408 ἐν
617 4343 746 4430 ὸνὸματι
762 4353 817 4408 τοῦ
829 4341 922 4411 Θεοῦ.
1018 4339 1095 4426 dam
1111 4341 1236 4403 attollit
1253 4357 1343 4418 auae,
1359 4339 1499 4402 minime
1521 4344 1636 4400 autem
1659 4339 1696 4402 in
1712 4356 1769 4403 no-

1019 4446 1111 4507 minc
1127 4444 1273 4506 Domini.
1721 4460 1725 4472 ·

271 4569 302 4612 v.
320 4551 350 4614 6.
366 4545 453 4616 Ὡσεί
469 4550 599 4631 στέατος
614 4555 668 4619 καὶ
684 4553 830 4638 πιότητος
850 4552 971 4639 ἐμπλη-
1063 4566 1094 4610 v.
1113 4549 1142 4610 6.
1161 4548 1255 4613 δίἀιί
1276 4563 1315 4610 ιο·
1337 4517 1432 4627 adipe
1455 4548 1486 4610 et
1501 4543 1700 4627 ,πίπραιιίίπα
1721 4562 1770 4610 rc-

227 4651 316 4737 σθείη
336 4652 359 4738 ἡ
382 4655 470 4742 ψυχή
489 4679 557 4743 μου,
574 4659 628 4723 καί
644 4658 736 4744 χείλη
752 4657 971 4744 ἀγαλλιάσεως
1011 4651 1148 4732 plector
1162 4652 1274 4715 altimo
1288 4667 1371 4729 mea,
1397 4654 1429 4714 ιί
1450 4647 1538 4714 labia
1559 4650 1771 4714 emlmtiom'c

224 4755 342 4823 αἰνέσει
356 4761 392 4823 τὸ
407 4760 506 4847 ὸνομίι
522 4783 589 4827 σου.
1018 4755 1196 4821 laudabunt
1211 4773 1324 4820 ιιοπιοιι
1339 4759 1439 4818 tcum.

266 4855 389 4946 Ὥσπερ
404 4863 443 4949 δὴ
460 4873 522 4929 τῶν
536 4874 723 4950 σωματικῶν
740 4865 912 4952 βρωμάτων
929 4869 969 4932 τα
1063 4863 1108 4924 Ut
1122 4859 1290 4941 corporeis
1307 4859 1342 4920 in
1358 4857 1443 4921 cibis
1458 4857 1605 4938 pinguia
1620 4862 1655 4919 et
1676 4858 1769 4921 laute

260 5089 288 5129 v.
302 5073 326 5127 3.
340 5072 386 5128 Ex
400 5073 462 5127 cod.
476 5074 603 5130 Florent.
617 5075 695 5131 Plut.
710 5094 750 5146 γι,
764 5077 789 5132 3.
1054 5090 1081 5128 v.
1095 5073 1121 5128 6.
1135 5070 1202 5127 Vat.
1216 5070 1258 5125 16.
1272 5067 1390 5123 initium
1401 5066 1480 5140 apud
1491 5067 1550 5122 BB.
1754 5091 1764 5114 ι

259 5175 287 5217 ν.
300 5161 325 5215 4.
339 5159 405 5216 Vat.
418 5161 444 5230 2,
454 5161 479 5230 3,
491 5163 516 5217 Θ.
531 5161 615 5218 Rom.
629 5181 658 5232 x,
673 5164 714 5218 10.
1054 5179 1082 5217 v.
1096 5161 1121 5215 6.
1135 5160 1202 5216 Vat.
1215 5159 1241 5228 2,
1254 5159 1279 5227 6,
1291 5157 1318 5226 Θ,
1331 5157 1373 5226 14,
1387 5156 1429 5211 16.
1443 5155 1541 5212 Etiam
1554 5152 1598 5210 cl.
1610 5147 1669 5211 BB.
