4006 6090
263 398 328 462 330
930 399 1140 464 ORIGENES

157 511 159 516 ,
257 533 349 620 μάνη.
363 531 443 620 Παρ’
455 532 611 620 Ἑόραίοις
626 538 662 602 τό
673 535 817 623 Ἐφρσιθὰ
825 533 933 622 Μαρία
948 558 1005 622 ση-
1049 541 1305 620 exploratorem,
1338 543 1435 623 Apud
1473 545 1649 609 Miohaeam
1679 553 1800 614 terram

259 639 371 724 μαίνει.
1040 643 1261 726 fructiferam
1269 670 1283 724 ;
1307 647 1397 727 apud
1419 649 1576 714 chraeos
1591 653 1735 718 Marium
1752 656 1801 718 in·

1053 747 1153 812 dieat.

304 866 335 913 v.
356 851 383 914 7.
402 848 677 936 Προσκυνήσωμεν
700 850 744 928 είς
766 851 820 915 τόν
842 850 947 935 τόπον,
971 852 1008 914 οὗ
1095 871 1126 914 ν.
1143 852 1173 916 7.
1189 852 1404 923 statuimus
1427 857 1463 922 ιἰι
1482 857 1549 924 loco
1570 860 1626 925 ubi
1645 866 1804 926 steterunt

259 951 402 1035 ἔστησαν
418 953 448 1016 οί
463 951 557 1030 πόδες
573 955 680 1020 αὐτοῦ.
937 1033 940 1044 Ι
1045 955 1144 1036 podas
1158 957 1240 1038 ejus.

303 1054 399 1141 Λέγει
414 1057 449 1122 δὲ
472 1058 520 1121 ότι
533 1058 603 1122 ἐκεῖ
611 1069 857 1145 προσκυνοῦμεν,
875 1059 966 1138 θείας
981 1061 1010 1126 ἑ·
1097 1061 1154 1123 Ait
1177 1065 1291 1125 autem
1315 1065 1404 1144 quod
1429 1065 1500 1128 illic
1523 1066 1713 1150 adoramus,
1737 1069 1803 1148 fioe

259 1157 425 1243 πιφανείας
447 1164 502 1227 τὸν
524 1163 599 1226 ναόν
621 1162 772 1248 ἠξιῶσθαι
793 1164 1010 1242 πιστεύοντες·
1046 1164 1249 1245 ,ριοίὶίειιιεε
1276 1170 1441 1248 templum
1469 1170 1672 1236 honoratum
1699 1173 1803 1236 fuisse

241 1264 375 1348 ,ταύτην
390 1266 452 1350 γάρ
468 1266 536 1351 ἔχει
548 1265 687 1332 διάνοιαν
703 1265 749 1330 τό·
764 1265 811 1332 Οὔ
826 1269 966 1353 ἔστησαν
978 1268 1008 1334 σί
1054 1268 1170 1332 divina
1196 1271 1492 1337 manifestatione:
1524 1293 1565 1337 ea
1590 1293 1685 1340 mens
1712 1279 1802 1340 enim

259 1367 353 1445 πόδες
369 1371 475 1434 αὐτοῦ.
490 1370 678 1458 Ἀσόιιιατσν
693 1371 754 1455 γάρ
769 1373 823 1435 καί
839 1371 1007 1458 άπερίγρα-
1050 1375 1102 1433 est
1118 1370 1316 1436 verborum:
1346 1375 1407 1438 Uti
1427 1380 1590 1442 steterumt
1603 1379 1702 1459 pedes
1723 1380 1804 1459 ejus.

258 1495 320 1559 φσν
342 1477 378 1540 τὸ
392 1475 499 1541 θεῖον·
515 1476 780 1562 σωματικὼτερσν
796 1479 830 1542 δὲ
852 1477 874 1562 ἡ
897 1482 1006 1566 γραφὴ
1049 1475 1182 1538 Numen
1212 1494 1359 1558 namque
1390 1479 1546 1545 divinum
1576 1486 1729 1566 corporis
1752 1490 1804 1547 est

259 1581 331 1664 ιιιρῑ
346 1581 442 1644 ιιῐιιιι
456 1579 645 1667 διαλέγεται,
661 1591 729 1660 ιιιις
751 1581 956 1667 ἀνθρωπίναις
973 1585 1008 1650 ἀ.
1050 1595 1179 1659 expers,
1206 1586 1241 1642 et
1269 1582 1504 1647 circumscribi
1533 1587 1695 1651 nescium.
1728 1589 1804 1652 Pin·

259 1693 349 1762 χοαῖς
365 1696 514 1771 uectum
528 1688 600 1763 τοὺς
615 1685 738 1772 λόγους,
760 1687 1005 1776 Προσκυνοβμεν
1049 1683 1171 1758 guiore
1199 1690 1314 1748 autem
1339 1689 1428 1768 stylo
1458 1690 1635 1770 Scriptura
1664 1691 1705 1754 de
1732 1694 1803 1772 ipso

257 1791 316 1874 τὴν
332 1790 437 1876 σάρκα
448 1801 503 1856 τοῦ
518 1801 659 1876 σωτῆρος
683 1793 746 1879 [οδ]
761 1795 813 1859 διὰ
827 1796 886 1880 τὴν
902 1795 1003 1881 φύσιν,
1049 1787 1295 1871 confabulatur,
1324 1791 1484 1857 humanis
1503 1801 1549 1858 ut
1572 1797 1714 1860 auribus
1736 1815 1803 1861 ser-

258 1894 330 1960 iii'
344 1896 453 1982 ἐπειδὴ
470 1897 488 1961 ὁ
503 1897 639 1982 Χριστός
651 1899 735 1964 earm
751 1899 784 1964 ἐν
800 1900 899 1985 αὐτῇ·
915 1899 1006 1986 καὶὴ
1051 1909 1167 1956 mones
1178 1897 1349 1959 metiatur.
1365 1933 1403 1941 —
1418 1898 1608 1964 Adoramus
1620 1903 1802 1966 salvatoris

257 2000 316 2084 μὲν
330 2001 409 2085 σὰρξ
428 2004 631 2087 apameam
655 2001 707 2066 διὰ
722 2005 775 2068 τὸν
791 2002 872 2071 θεὸν
891 2003 1005 2090 Λόγοι,
1050 2015 1198 2078 carnem,
1214 2016 1282 2062 non
1303 2006 1438 2082 propter
1461 2001 1539 2082 ejus
1562 2009 1730 2085 naturam,
1746 2005 1804 2070 sed

256 2105 311 2169 τὸν
333 2105 367 2169 ἐν
390 2105 480 2190 αὐτῇ.
500 2144 541 2154 -
565 2105 702 2189 Χριστὸν
718 2106 753 2170 δὲ
768 2106 904 2173 inane&
926 2129 1007 2195 φημι
1052 2102 1134 2182 quia
1151 2103 1305 2168 Christus
1322 2105 1414 2168 inea
1428 2111 1496 2170 est:
1521 2113 1555 2170 et
1569 2125 1647 2172 caro
1663 2110 1804 2192 quidem

258 2208 318 2291 τὴν
333 2206 465 2293 λογικὴν
481 2209 598 2296 ψυχὴν,
615 2211 673 2294 τὴν
686 2212 766 2296 μετὰ
776 2220 833 2276 τοῦ
845 2210 929 2279 Θεοῦ
943 2209 1005 2277 Ab·
1051 2206 1210 2271 adoratur
1225 2209 1334 2272 Deum
1349 2215 1486 2292 propter
1501 2212 1650 2276 Verbum
1662 2214 1757 2296 quod
1769 2215 1805 2277 in

257 2332 318 2395 γσυ
333 2310 574 2398 iniquitatum
596 2321 640 2399 τῷ
663 2312 719 2400 βίῳ
737 2322 799 2380 τῶν
814 2314 1007 2400 ἀνθρώπων·
1052 2325 1092 2372 aa
1107 2317 1168 2375 est.
1185 2347 1227 2357 —
1243 2313 1292 2375 Eo
1308 2318 1423 2376 autem
1446 2315 1519 2378 loeo
1543 2316 1715 2381 Christum
1730 2317 1804 2381 dico

214 2412 218 2427 '
258 2413 338 2501 μόνη
361 2417 424 2501 γὰρ
447 2416 525 2501 σὰρξ
548 2418 584 2482 oo
607 2417 728 2502 πέφυκε
751 2417 899 2504 δέχεσθαι
913 2419 1005 2506 Θεὸν,
1051 2415 1202 2479 animam
1225 2418 1356 2481 ratione
1379 2419 1593 2502 instructam,
1623 2438 1698 2502 quas
1727 2441 1805 2487 cum

257 2519 336 2585 διότι
350 2520 367 2585 ό
382 2519 463 2598 Θεός
484 2519 574 2607 ἡμῶν
589 2521 686 2607 σοφία
699 2522 793 2589 ἐστίν.
809 2523 865 2589 Ἐν
879 2522 915 2588 δὲ
929 2544 1007 2609 καρ-
1053 2520 1162 2585 Verbo
1177 2523 1247 2586 Deo
1263 2540 1400 2588 emensa
1420 2529 1474 2589 est
1493 2526 1670 2591 hominum
1686 2529 1802 2593 vitam.

258 2621 313 2708 δίρι
327 2623 443 2710 ἀγαθῇ,
459 2627 555 2710 φησίν
577 2626 775 2712 όΣαλσιιὼν,
791 2627 1009 2694 ἀναπαύσεται
1052 2625 1131 2687 Sola
1145 2626 1237 2688 enim
1259 2645 1337 2691 caro
1360 2646 1401 2694 ca
1423 2645 1491 2692 non
1517 2635 1568 2695 est
1590 2647 1666 2712 quae
1692 2634 1801 2696 Deum

257 2727 363 2814 σοφία,
387 2727 489 2796 Οὐδὲν
510 2729 545 2795 δὲ
564 2731 782 2798 moestuosos
805 2733 843 2798 ἐκ
864 2741 927 2798 τῶν
941 2754 1008 2798 ιιι.
1053 2728 1204 2810 recipiat,
1224 2731 1306 2812 quia
1321 2733 1411 2797 Deus
1426 2738 1541 2798 noster
1559 2737 1727 2816 sapientia
1742 2741 1804 2800 eat.

260 2833 364 2918 τάρων
391 2832 555 2920 στοιχείων
583 2835 730 2922 γνώσεώς
759 2836 826 2902 ἐστι
854 2827 1009 2903 δεκτικόν.
1055 2837 1125 2896 «Ιιι
1155 2835 1254 2898 corde
1283 2836 1381 2916 bono,
1414 2840 1463 2902 ait
1486 2841 1654 2920 Salomon,
1675 2843 1805 2923 requie

263 2937 406 3016 Γνωστδς
421 2939 457 3004 δὲ
471 2937 561 3026 ἡμῶν
576 2942 659 3007 ἐστιν
674 2942 691 3006 ό
706 2940 797 3019 Θεός.
1053 2943 1125 3003 acet
1138 2940 1339 3021 sapientia.»
1360 2945 1422 3006 Res
1438 2959 1537 3024 porro
1553 2945 1651 3008 nulla
1667 2962 1708 3008 ex
1724 2964 1805 3028 qua-

1051 3047 1129 3106 tuor
1145 3049 1319 3125 compacta
1331 3046 1517 3125 elementis,
1533 3065 1640 3129 capax
1656 3052 1708 3112 est
1722 3066 1805 3128 gno·

1050 3166 1134 3212 εεοε.
1150 3149 1261 3211 Nostri
1276 3155 1390 3213 autem
1406 3151 1496 3214 Deus
1513 3154 1675 3230 cognitor
1691 3159 1752 3216 est.

300 3271 331 3314 v.
350 3253 380 3314 8.
397 3239 582 3336 Ἀνάστηθι,
606 3251 714 3339 Κύριε,
730 3255 774 3331 εἰς
793 3255 853 3339 τὴν
868 3253 1008 3318 άνάπαυ-
1093 3270 1125 3314 ν.
1138 3253 1168 3315 8.
1182 3240 1322 3335 Εαααρο,
1337 3255 1482 3334 Domina,
1493 3256 1530 3318 iu
1540 3257 1683 3338 requiem
1694 3261 1795 3336 tuam,

254 3353 304 3420 σίν
319 3377 386 3438 σου,
405 3359 443 3420 σὺ
466 3355 557 3440 καὶὴ
580 3356 712 3435 κιόωτδς
733 3368 790 3423 τοῦ
810 3358 1006 3444 άγιάσιιατός
1049 3359 1086 3421 iu
1100 3361 1131 3422 et
1144 3371 1222 3422 orco
1236 3359 1507 3441 santificationis
1521 3366 1594 3426 tua.

254 3481 325 3524 σου.

297 3565 340 3630 Ἡ
363 3566 442 3651 σάρξ
465 3565 522 3653 μέν
545 3568 612 3632 ἐστι
633 3565 764 3646 κιόωτδς
787 3577 843 3633 τοῦ
869 3565 1007 3652 Κυρίου·
1093 3568 1176 3629 Caro
1200 3566 1338 3648 quidem
1362 3573 1414 3632 cst
1440 3585 1518 3632 aron
1546 3570 1703 3651 Domini;
1725 3585 1804 3635 arca

253 3669 385 3748 κιόωτὸς
408 3671 442 3734 δὲ
465 3670 581 3738 Θεοῡό
601 3671 748 3756 Χριστὸς,
770 3672 858 3756 είπερ
881 3673 898 3737 ό
922 3671 1003 3749 Θεὸς
1049 3687 1130 3732 vero
1147 3671 1219 3749 Dei,
1236 3672 1400 3750 Christus,
1414 3671 1451 3734 in
1464 3689 1532 3753 quo
1544 3674 1670 3755 qnippe
1687 3674 1804 3738 «Deus

251 3775 293 3859 ἠν
308 3776 343 3840 ἐν
358 3775 485 3861 Χριστῷ
499 3775 618 3861 κόσμον
637 3775 870 3842 καταλλάσσων
885 3776 1000 3862 ἑαυτῷ.
1047 3779 1129 3855 erat,
1147 3775 1313 3840 mundum
1328 3776 1395 3839 sibi
1413 3778 1683 3842 reconcilians.»
1708 3781 1753 3842 Et
1767 3780 1803 3842 in

255 3878 320 3944 Καὶ
343 3879 446 3956 άλλως
469 3879 645 3945 άνάιταυσιν
668 3879 752 3948 Θεοῦ
771 3879 922 3945 καλοῦσιν
945 3883 1004 3966 τὴν
1046 3879 1114 3941 alio
1137 3898 1254 3959 sensu,
1274 3881 1426 3962 requiem
1450 3882 1512 3945 Dei
1528 3887 1651 3944 vocant
1671 3885 1803 3947 cultum

251 3985 336 4048 κατὰ
352 3983 445 4069 νόμον
469 3982 626 4069 λατρείαν,
643 3987 703 4071 οὐχ
719 3985 766 4048 ότι
781 3983 927 4070 δεόμενος
949 3985 1002 4069 ἠν,
1047 3983 1189 4061 exlege
1214 3989 1338 4064 actum,
1362 4001 1430 4047 non
1456 3985 1547 4065 quod
1577 4003 1615 4048 εο
1640 4003 1723 4067 opus
1746 3987 1804 4048 ha-

254 4088 386 4153 άλλ’δτι
406 4097 471 4166 τοῖς
497 4087 675 4154 εδσεόοῠσιν
698 4088 922 4153 άνανεπαόετο.
948 4089 1002 4174 Τῷ
1047 4086 1169 4166 buerit,
1195 4087 1256 4150 sed
1274 4088 1364 4168 quod
1380 4088 1446 4168 piis
1470 4089 1505 4150 in
1521 4088 1604 4152 viris
1619 4079 1807 4169 requiesce-

252 4195 290 4258 δὲ
306 4195 370 4279 ναῷ
386 4196 444 4279 τὴν
459 4192 553 4258 θείαν
568 4194 661 4281 χάριν
676 4196 731 4257 καὶ
746 4194 805 4279 τὴν
819 4191 1003 4277 ἐπιφάνειαν
1047 4188 1122 4252 bnt.
1150 4193 1189 4252 In
1211 4191 1338 4270 templo
1360 4196 1476 4254 autem
1500 4188 1624 4254 iteruin
1647 4190 1722 4254 fieri
1744 4193 1806 4254 Dei

254 4297 390 4376 άξιοῦσιν
406 4297 711 4380 αδδιςάπσδοθήναι.
725 4295 890 4382 Μέμνηται
903 4296 937 4360 δὲ
949 4307 1006 4384 τῆς
1049 4296 1197 4374 gratiam
1213 4299 1247 4358 at
1261 4293 1399 4357 concedi
1421 4295 1735 4359 manifestationem
1752 4297 1807 4360 de-

253 4400 397 4483 κιόωτσῦ,
421 4402 529 4488 ἐπειδὴ
553 4403 673 4480 ἐντοῖς
696 4400 795 4487 ἁγίοις
819 4408 881 4464 τιῖιν
906 4399 1005 4487 άγίων
1053 4404 1250 4481 precantur.
1267 4402 1387 4462 Arcam
1400 4405 1519 4466 autem
1528 4401 1805 4480 comminiscitur,

254 4508 368 4587 ἔκειτο,
391 4508 448 4584 τὰς
469 4506 596 4582 πλάκας
618 4508 749 4591 ἔχουσα,
773 4506 812 4571 δι’
823 4507 860 4568 oi
883 4513 927 4594 τῷ
950 4505 1005 4589 άρ-
1052 4505 1213 4586 quoniam
1231 4505 1266 4566 in
1281 4505 1408 4566 sanctis
1423 4507 1618 4567 sanctorum
1639 4506 1744 4584 stetit,
1760 4504 1806 4568 1ε-

253 4621 357 4698 χιερεί
370 4612 539 4698 μηνόματά
552 4632 622 4675 τινα
637 4619 694 4696 τῆς
709 4608 800 4687 θείας
823 4607 1005 4694 ἐπιφανείας
1050 4611 1105 4688 gis
1129 4609 1306 4672 continens
1328 4607 1473 4686 tabulas,
1497 4608 1553 4670 hic
1581 4608 1640 4671 ubi
1667 4625 1799 4671 summo

251 4714 383 4816 ἐγίνετο.
1050 4714 1215 4778 sacerdoti
1231 4711 1360 4776 fiebant
1374 4711 1500 4774 divinae
1516 4712 1804 4776 manifestationis

242 4825 244 4828 ’
1057 4818 1274 4881 monimenta.

289 5145 317 5188 ν.
332 5129 357 5186 ί.
371 5130 438 5187 Vnt
451 5130 478 5203 i,
491 5130 516 5187 δ.
529 5129 617 5188 Ρτον.
630 5145 694 5201 xm,
706 5129 749 5186 83.
1091 5145 1118 5187 ν.
1126 5127 1154 5185 8.
1161 5127 1228 5188 Vct
1235 5127 1262 5198 ὅ,
1269 5128 1310 5186 lu.
1319 5125 1412 5186 cauta
1419 5127 1485 5199 lego
1495 5133 1526 5185 et
1535 5127 1572 5186 cf.
1581 5125 1668 5185 Anni
1676 5133 1699 5185 t.
1707 5127 1806 5188 raim.
