3966 6104
740 469 1111 570 rnoonsanrnnsrs
1641 474 1706 536 sss

156 605 257 685 ἔξεστι
271 608 342 691 περὶ
363 617 420 672 τοῦ
441 605 554 692 Ἡσαῦ,
571 609 618 674 δτι
639 611 683 678 ὢν
704 619 779 690 παῖς
792 611 907 678 Ἰσαόικ
951 621 1111 698 sosptem,
1128 617 1331 698 proprioque
1342 617 1522 696 incorpore
1535 615 1705 678 executio·

153 719 211 774 τοῦ
226 709 294 777 υίεῦ
307 709 466 799 Ἀδραόιμ,
480 713 517 779 δν
528 713 689 800 παρέλαδε
708 717 804 804 νόμον
818 718 907 803 παρά
951 721 988 785 ni
1011 721 1260 801 demandatam,
1275 720 1356 784 filiis
1373 720 1444 784 suis
1460 719 1651 800 tradidisse3
1668 724 1702 783 et

154 835 190 880 τε
203 825 260 881 τοῦ
274 816 418 900 πάππου,
434 819 522 902 παρά
544 839 579 885 τε
601 825 789 905 τοῦπατρὸς
811 823 906 908 ἧκον·
950 825 1063 890 forsan
1079 825 1190 890 dicere
1206 843 1386 910 possumus
1402 826 1508 890 Edem
1524 825 1567 889 ab
1583 825 1700 889 eodem

154 940 195 985 τα
210 921 254 998 εἰς
270 921 375 1006 αὐτόν,
391 921 560 1007 παρεδίδου
582 927 639 990 καί
652 933 717 1004 τοῖς
732 928 832 1010 παισί,
848 929 905 992 καί
949 931 1205 994 circumcisum:
1232 931 1389 994 tenebras
1413 945 1496 1010 ergo
1519 928 1600 992 huio
1613 1009 1614 1012 γ
1627 929 1701 992 looo

153 1024 335 1112 περιέτεμέν
349 1048 411 1093 που
425 1030 481 1094 καί
497 1031 592 1108 αῦτδς
603 1033 657 1097 τόν
669 1029 787 1116 Ἐδὼμ·
799 1029 904 1096 οὐκέτι
950 1032 1075 1098 offusas
1089 1050 1202 1098 nonne
1217 1033 1442 1113 fugavimus?

157 1133 212 1198 οὖν
227 1131 366 1218 ἀσαφές;
1243 1139 1245 1143 ’

196 1234 269 1314 na<
285 1237 320 1302 δέ
334 1239 389 1304 καί
404 1237 464 1305 υίοί
477 1239 609 1326 Ἄμμων
631 1245 689 1309 καί
703 1241 763 1307 υἱοὶ
782 1241 904 1324 noem
994 1242 1166 1319 Quomodo
1181 1247 1295 1306 autem
1307 1247 1342 1306 et
1356 1240 1420 1305 filii
1435 1244 1580 1304 Ammon
1592 1245 1626 1304 et
1637 1237 1701 1302 filii

153 1339 283 1419 τούτους
308 1341 498 1427 γινώσκουσί
521 1365 583 1410 που
609 1345 639 1410 σί
661 1344 906 1430 φιλοπονύτεροι
948 1345 1068 1410 Moab?
1090 1347 1155 1422 Qui
1177 1351 1259 1411 sunt
1280 1347 1334 1410 his
1358 1347 1393 1410 in
1416 1345 1518 1409 rebus
1537 1345 1699 1408 exercitu»

152 1442 232 1509 είναι
250 1447 326 1522 τούς
352 1445 437 1524 υἱούς
459 1445 542 1532 Λὼτ,
570 1457 627 1515 τοῦ
654 1449 824 1536 ἀδελφιδοῦ
849 1448 905 1518 ‘A-
948 1450 1052 1513 tiores
1075 1465 1143 1512 non
1169 1449 1331 1529 ignorant
1352 1448 1440 1512 filios
1459 1465 1533 1511 esse
1549 1447 1619 1530 Lot,
1637 1447 1696 1529 qni

154 1545 270 1634 δραόμ.
520 1588 523 1596 ·
949 1557 1050 1617 natus
1067 1557 1175 1617 estex
1193 1570 1306 1617 sorore
1324 1552 1480 1617 Abrahae.
1709 1628 1718 1634 .

197 1650 263 1716 Καὶ
278 1650 345 1738 μετ’
355 1651 457 1738 όλίγα.
474 1652 611 1742 Ἐτίχθη
627 1657 682 1722 ούν
697 1656 735 1721 έκ
750 1665 806 1721 τοῦ
818 1653 903 1738 Λὼτ,
992 1657 1037 1723 Et
1052 1660 1129 1738 post
1152 1672 1269 1738 portua.
1293 1657 1436 1720 Genitos
1457 1659 1508 1719 est
1527 1655 1637 1734 igitur
1656 1672 1701 1736 ex,

153 1755 171 1819 ό
186 1775 222 1819 τε
235 1753 366 1842 Ἀμμύιν
381 1757 436 1821 καί
451 1756 468 1822 ό
484 1745 594 1840 Mose,
617 1758 767 1844 έκιίτερος
782 1760 821 1825 iz
841 1767 904 1826 τῦν
949 1761 1011 1824 Lot
1025 1763 1169 1825 Ammon
1190 1765 1224 1822 et
1246 1759 1354 1838 Moab,
1371 1763 1514 1839 uterque
1534 1762 1635 1821 natus
1660 1774 1703 1820 ex

152 1857 332 1944 θυγατέρων
354 1859 462 1944 αύτοῦ,
479 1860 618 1947 ὁπηνίκα
638 1862 856 1950 ῦπονοησασαι
872 1867 903 1930 έ-
948 1864 1022 1945 eius
1038 1863 1184 1945 filiabus,
1201 1864 1336 1946 qnando
1351 1845 1477 1926 terram
1494 1881 1535 1926 ex
1555 1860 1704 1926 homini·

153 1981 254 2047 prpter
269 1963 348 2026 εἶναι
362 1964 421 2049 τὴν
435 1973 506 2050 γην,
526 1967 608 2030 οῦτω
631 1966 846 2035 διασώσασθαι
866 1971 903 2034 τό
948 1968 1012 2033 bus
1034 1969 1220 2033 desolatum
1238 1969 1483 2047 existimantes,
1503 1983 1615 2046 genus
1638 1966 1701 2029 hu-

151 2052 243 2152 γένος
257 2075 319 2132 τῶν
334 2066 505 2152 ἀνθρώπων
519 2069 739 2157 έδσυληθησαν
754 2072 788 2138 αί
802 2073 903 2159 θυγα-
947 2089 1088 2136 manum
1103 2071 1266 2136 resarcire
1280 2072 1345 2135 hao
1363 2067 1494 2136 ratione
1514 2070 1697 2133 constitue·
1792 2161 1794 2166 Δ

151 2167 239 2254 τίνες
254 2168 338 2236 Λὼτ·
354 2171 469 2259 ἐτέχθη
492 2175 554 2259 γόιρ
570 2184 609 2262 τη
627 2177 683 2263 μέν
705 2175 905 2265 πρεσδυτέρᾳ
948 2183 1038 2243 runt.
1061 2175 1163 2243 Ortus
1180 2179 1271 2243 enim
1287 2181 1339 2242 est
1360 2175 1487 2240 seniori
1502 2173 1581 2239 filiae
1599 2174 1697 2238 Moab

151 2273 295 2359 δΜωόιδ,
311 2273 559 2364 ἑρμηνευόμενος
579 2279 618 2345 ἐκ
632 2284 761 2367 πατρὸς,
784 2282 840 2347 καί
861 2292 901 2369 τη
948 2283 1008 2365 qui
1019 2285 1261 2364 interpretatur
1272 2299 1315 2344 ex
1330 2284 1436 2363 patre,
1448 2279 1606 2344 secunda
1617 2295 1698 2343 vero

109 2441 113 2452 .
154 2376 287 2465 δευτέρᾳ
300 2379 441 2466 Ἀμμὼν,
465 2381 712 2470 ἑρμηνευόμενος
726 2388 744 2452 δ
759 2387 824 2466 υἱός
846 2397 902 2453 τοῦ
947 2390 1091 2452 Ammon
1117 2387 1177 2469 qui
1202 2385 1300 2450 audit
1328 2384 1421 2449 filius
1444 2383 1590 2463 generis.
1616 2385 1698 2459 Qua

150 2480 270 2569 γένους
288 2483 399 2549 Ταῦτα
412 2484 518 2551 πάντα
539 2487 690 2574 εἰρημένα
709 2489 815 2556 ούκίτι
830 2491 902 2556 δυσ·
947 2493 1063 2556 omnia
1073 2491 1163 2556 dicta
1173 2495 1264 2572 sunt,
1273 2493 1313 2554 ut
1323 2489 1421 2553 nobis
1433 2490 1468 2552 in
1479 2492 1640 2571 promptu
1652 2489 1699 2552 sit

150 2585 253 2664 κόλως
278 2586 364 2673 ἡμᾶς
393 2589 678 2674 συγκατατίθεσθαι
704 2593 901 2679 παραπείθει,
946 2597 1093 2678 eredere,
1108 2598 1170 2661 hos
1190 2613 1325 2677 quoque
1347 2595 1565 2660 circumcisos
1583 2594 1699 2658 vocari

149 2689 272 2768 πάντας
287 2693 361 2769 τοὺς
382 2694 665 2782 περιτετμημένους
679 2700 761 2764 οῦτω
776 2697 904 2766 καλεῖσ-
946 2699 1077 2766 asaoro
1086 2716 1251 2780 sermone,
1264 2701 1337 2782 ipso
1350 2700 1432 2762 item
1447 2699 1469 2762 J
1470 2698 1597 2762 eremia
1609 2702 1697 2764 teste

151 2792 205 2859 θαι
220 2795 280 2860 oso
298 2805 353 2862 τοῦ
372 2795 457 2882 ἱεροῦ
472 2797 578 2885 λόγου,
595 2812 826 2888 μαρτυροῦντος
847 2805 903 2870 αύ-
947 2806 1037 2871 etde
1052 2805 1133 2870 filiis
1148 2805 1245 2870 Moab
1257 2809 1292 2868 et
1303 2803 1344 2868 de
1357 2802 1438 2867 fl‘liis
1450 2805 1605 2883 Ammon,
1617 2821 1697 2868 oum

152 2907 208 2962 τοῦ
223 2896 375 2986 Ἱερεμίου
389 2903 444 2966 καί
458 2904 529 2988 περί
543 2903 616 2971 υίῦν
627 2904 738 2989 Μῦόιδ,
758 2909 813 2973 καί
830 2910 902 2993 περί
945 2892 1022 2976 illos
1038 2911 1127 2975 inter
1142 2907 1359 2974 circumcisos
1373 2907 1634 2972 enumeraverit.

150 3011 212 3069 τῶν
228 3001 302 3068 υίῦν
316 3002 457 3092 Ἀμμόιν,
481 3007 529 3073 δτι
543 3007 577 3074 ἐν
592 3018 657 3088 τοῖς
674 3011 902 3099 περιτετμημέ-

150 3125 216 3183 νοις
231 3105 382 3188 κατέλεξε
393 3111 449 3174 καί
463 3110 601 3191 τούτους.

197 3208 262 3276 Καί
277 3211 457 3302 μετ’,δλίγα
474 3217 514 3282 Ei
530 3216 565 3282 δέ
579 3219 634 3282 καὶ
650 3217 803 3305 ὠφελείας
819 3241 901 3298 τινος
988 3225 1034 3290 Et
1046 3225 1166 3290 aarum
1173 3225 1251 3304 post
1258 3238 1376 3303 postca.
1393 3221 1428 3286 Si
1445 3219 1536 3302 quod
1550 3235 1630 3283 vero
1646 3221 1697 3282 ln·

150 3311 228 3399 ἡμῖν
252 3314 475 3401 προσγίνεσθαι
501 3320 551 3386 δεῖ
577 3321 616 3386 έκ
640 3329 703 3388 τόν
729 3323 902 3410 εἰρημένων
943 3345 1040 3392 orum
1059 3345 1101 3391 ex
1119 3325 1193 3406 jam
1215 3325 1314 3390 dietis
1337 3341 1533 3406 comparare
1549 3323 1646 3387 nobis
1661 3338 1696 3385 o-

150 3417 278 3503 τούτων,
301 3421 399 3499 οῦτως
422 3421 460 3487 όν
482 3445 528 3502 πς
550 3424 649 3509 ὀρθῶς
675 3425 767 3510 είποι,
790 3425 833 3504 ὡς
858 3427 899 3492 τόι
944 3435 1085 3514 porteat,
1104 3431 1153 3494 sio
1176 3434 1267 3494 recte
1290 3431 1368 3509 quis
1390 3426 1525 3508 dixerit,
1547 3428 1698 3508 plurima

146 3521 252 3588 πολλὰ
284 3522 364 3610 γένη
383 3529 463 3594 ’τῦν
494 3527 665 3614 ἀνθρώπων
690 3531 897 3617 προσποίησιν
944 3551 1064 3616 nempe
1080 3533 1257 3597 hominum
1274 3548 1402 3611 genera
1423 3530 1536 3612 speeie
1558 3528 1697 3618 quidem

150 3627 208 3712 μέν
230 3627 298 3714 ἔχει
327 3629 546 3717 δικαιοσύνης,
569 3632 627 3699 καί
649 3655 721 3720 τινα
746 3635 802 3721 μέν
822 3637 898 3722 ίγνη
939 3637 1111 3718 justitiam
1133 3635 1253 3713 oolere,
1277 3631 1499 3713 quadamque
1522 3633 1612 3711 legis
1635 3632 1698 3695 Dei

146 3732 253 3818 φέρειν
267 3733 363 3818 νόμου
375 3733 468 3818 Θεοῦ,
485 3740 539 3803 καὶ
554 3737 806 3825 σχηματίζεσθαι
820 3761 898 3822 πως,
934 3742 1092 3820 ¹vestigia
1106 3757 1176 3822 prae
1187 3755 1222 3802 se
1238 3737 1337 3818 ferre,
1353 3741 1387 3801 et
1402 3736 1648 3834 quodammodo
1659 3754 1696 3800 se

147 3836 203 3900 καί
224 3835 422 3916 έπιπλόιστως
437 3839 651 3926 ἐπιμελεῖσθαι
665 3843 789 3931 ἀρετης,
806 3842 900 3930 μέχρι
943 3843 1213 3922 accommodare,
1239 3842 1446 3924 virtutisque
1473 3857 1592 3904 euram
1620 3837 1698 3903 fiete
1764 3901 1766 3906 .

149 3938 255 4025 μέντοι
283 3939 450 4027 σχήματος
483 3945 588 4023 αὐτοῖς
617 3946 742 4011 ίσταται
771 3947 812 4012 τόι
840 3947 898 4032 της
944 3967 1081 4028 gerere3
1108 3949 1320 4011 voluntatem
1347 3949 1462 4009 tamen
1490 3945 1558 4008 illis
1588 3945 1696 4008 solam

147 4042 370 4130 προαιρέσεως,
387 4045 480 4134 μέχρι
502 4047 742 4134 προσποιήσεως
764 4053 820 4120 καί
841 4060 899 4116 τοῦ
946 4070 1030 4134 esse,
1047 4052 1089 4116 ad
1104 4051 1251 4133 speeiem
1268 4047 1698 4129 tantumetfiotionem,si·

147 4147 443 4234 καθυποκρίνεσθαι,
458 4151 495 4216 ού
519 4151 624 4239 μέντοι
646 4158 701 4221 καί
716 4153 823 4221 τέλεον
845 4155 900 4221 ἐσ-
945 4157 1246 4237 mulationemque,
1262 4153 1354 4217 hand
1369 4157 1484 4216 tamen
1507 4153 1696 4234 nequitiam

149 4252 353 4338 πουδόσαμεν
368 4255 427 4340 την
442 4254 558 4322 κακίαν
580 4257 746 4324 ἐκκόπτειν
761 4257 795 4339 ἐξ
809 4257 900 4344 ἡμῶν
943 4261 1081 4325 omniuo
1115 4257 1361 4341 opprobrioque
1391 4258 1531 4341 AEgypti
1558 4260 1593 4320 et
1619 4256 1696 4320 Idu·

146 4358 203 4421 καί
217 4356 259 4421 τό
274 4353 379 4444 δνείθη
404 4358 453 4424 ἐπ’
465 4358 627 4447 Αἴγυπτον
641 4364 696 4428 καί
718 4362 771 4429 έπί
786 4363 845 4450 τὴν
859 4361 899 4429 Ἰ-
946 4347 1040 4428 ιυωω
1055 4381 1076 4426 a
1090 4363 1188 4427 nobis
1204 4363 1375 4445 extirpare
1391 4360 1596 4426 studuimus.

147 4457 332 4632 affieri,
356 4552 387 4616 2.
403 4550 499 4616 Κατόι
520 4553 577 4630 τόις
599 4553 690 4633 ὀδοὺς
711 4564 774 4622 τῦν
791 4555 898 4640 έθνῦν,
986 4577 1018 4622 ν.
1034 4559 1065 4623 2.
1081 4555 1261 4624 Secundam
1282 4554 1512 4638 anacteam
1530 4551 1693 4618 πύθοιθ’·
1763 4599 1775 4622 ι

147 4655 191 4740 μὴ
210 4653 392 4738 μανθάνετε.
941 4668 1053 4730 εαυτοῦ

190 4755 231 4824 Τί
246 4756 281 4822 δὲ
293 4757 476 4845 μανθάνετε;
496 4757 603 4846 Νόμαν
615 4761 788 4847 μανθάνετε
801 4760 897 4849 Θεοῦ,
987 4767 1073 4843 Quid
1088 4765 1246 4851 estquod
1259 4764 1388 4830 discere
1400 4763 1553 4828 debetis?
1566 4765 1693 4842 Legem

149 4863 205 4927 τόν
227 4860 380 4947 λεγόντα·
403 4861 472 4930 Οὐκ
493 4863 619 4931 ἔσονταί
634 4887 684 4932 σοι
704 4865 776 4932 θεοί
798 4865 899 4953 έτεροι
942 4874 1062 4939 discite
1078 4873 1151 4952 Dei,
1167 4888 1243 4953 qnae
1259 4872 1323 4934 ait:
1342 4871 1438 4933 «Non
1454 4872 1554 4932 erunt
1566 4867 1630 4932 tibi
1640 4867 1689 4931 dii

149 4963 234 5052 πλὴν
256 4965 344 5051 ἐμοῦ,
370 4965 452 5050 θεοὶ,
476 4967 505 5034 οἱ
527 4968 659 5054 οὐρανὸν
680 4970 737 5036 καί
757 4972 817 5057 τὴν
837 4981 899 5060 γῆν
941 4977 1046 5042 alieni
1060 4979 1182 5058 μετείω·
1193 4992 1258 5056 ωε,
1274 4975 1322 5040 dii
1334 4975 1393 5057 qui
1405 4972 1540 5053 ooelum,
1552 4975 1692 5036 terram-

150 5071 209 5134 σῦκ
222 5067 395 5155 ἔποίησαν,
404 5070 642 5162 ἀπολόσθωσαν,
651 5072 714 5138 ἀπὸ
728 5073 904 5160 προσύπου.
942 5097 1009 5162 que
1023 5095 1092 5143 non
1107 5067 1275 5159 fecerunt,
1292 5081 1433 5160 pereant
1447 5074 1564 5146 aiooie
1580 5079 1690 5158 terrae,

146 5181 204 5260 της
218 5181 279 5266 γῆς
294 5174 349 5258 καί
364 5175 514 5247 ὑποκάτω
529 5187 586 5243 τοῦ
601 5179 745 5266 ούρανοῦ.
942 5189 977 5248 et
987 5183 1052 5248 sub
1062 5184 1156 5249 ooelo.
1170 5204 1187 5244 υ
1203 5180 1313 5266 (Επού.
1325 5201 1386 5265 xx,
1398 5183 1428 5248 3.
1440 5184 1565 5248 ierem.
1578 5199 1611 5263 x,
1626 5179 1689 5266 11).
