4020 6098
313 401 373 464 rso
985 399 1194 464 caraunus

309 539 378 622 λέα,
402 538 474 605 καθ’
484 541 520 606 δν
546 541 582 606 τό
598 547 661 606 παν
676 539 847 610 διοικεῖται.
874 537 946 606 Κάν
961 537 1063 604 τοίνυν
1107 541 1233 618 Legem
1246 542 1337 606 enim
1346 543 1498 608 omnium
1506 543 1661 620 reginam
1669 543 1857 624 iecisti,J'u·

310 643 563 729 προσταγμάτων
586 651 649 710 σῶν
675 644 813 729 γεγονὼς
839 641 1021 728 ἀποστάτης
1043 641 1064 708 ό,
1106 648 1164 705 xta
1176 661 1279 724 quam
1290 645 1353 710 hoc
1369 647 1567 710 universum
1579 646 1855 724 gubernaturus

222 763 226 770 ’
310 746 466 829 διάόολος,
483 750 594 834 ἄρχειν
609 748 764 835 ἐπιχειρῇ,
778 747 849 814 ἀλλ’
857 749 894 816 ob
909 747 1059 829 σύνεστιν,
1104 749 1238 812 etiamsi
1251 750 1386 814 interim
1402 749 1512 814 factus
1523 755 1768 832 praceptorum
1780 756 1854 815 tuo-

310 853 382 918 οὐδὲ
394 852 541 938 πρόσεστί
563 873 623 936 σοι,
640 854 766 939 μακράν
788 853 823 918 δὲ
842 861 900 917 σου
922 850 1059 936 λησταρ-
1103 867 1179 914 τοττι
1194 857 1357 933 apostata,
1379 853 1541 918 Diabolus
1562 854 1727 934 imperare
1742 851 1851 918 tenta·

309 965 387 1043 γῶν,
407 965 552 1042 τυραννεῖ
567 959 651 1024 κατά
671 965 734 1024 τῶν
749 957 809 1025 ὑπό
830 956 889 1042 τὴν
911 953 1061 1040 ὠμότητα
1108 956 1207 1035 verit,
1222 957 1363 1022 minime
1378 958 1442 1022 tibi
1460 957 1618 1037 adhaeret,
1635 975 1745 1039 nequc
1760 957 1803 1021 ad
1818 963 1854 1021 te
1992 973 1993 1022 ί

309 1063 367 1146 την
379 1061 476 1126 αὐτοῦ
489 1060 591 1128 τελεῖν
602 1059 766 1148 ἑλομένων.
779 1059 899 1146 Θρόνος
910 1061 972 1145 γὰρ
986 1059 1058 1124 ἀνο-
1103 1056 1242 1136 accedit,
1259 1058 1317 1120 sed
1340 1061 1457 1139 procul
1473 1077 1493 1122 a
1507 1064 1543 1124 tc
1565 1062 1744 1134 latrocinia
1758 1079 1853 1126 exer·

310 1163 382 1250 μίας
396 1163 555 1250 ἡμετέρας
576 1164 755 1250 τυραννίδος
777 1164 875 1251 ἀργὴ,
890 1163 998 1248 διόπερ
1013 1162 1057 1228 ὢν
1104 1178 1194 1241 cens,
1217 1165 1401 1244 tyrannum
1423 1165 1499 1243 agit
1523 1164 1686 1230 adversus
1709 1183 1766 1232 cos
1788 1167 1850 1249 qui

309 1268 463 1356 ἐπαχθὴς,
474 1268 839 1356 βαρύταταπροστάττει,
848 1267 1057 1354 συμπλάττων
1101 1266 1281 1343 elegerunt
1302 1267 1367 1330 sub
1392 1268 1486 1332 illius
1509 1267 1634 1332 ferocia
1662 1268 1849 1349 subiacere.

310 1374 407 1438 αὐτοῦ
423 1382 488 1452 τοῖς
502 1373 723 1459 προστάγμασι
737 1371 845 1443 κόπον.
863 1371 905 1440 nt
921 1372 955 1436 δὲ
972 1373 1059 1440 δντο-
1102 1367 1258 1434 Thronus
1272 1371 1363 1432 enim
1375 1371 1568 1452 iniquitatis
1582 1376 1634 1437 est
1647 1375 1855 1455 principium

310 1476 364 1543 λαί
378 1498 435 1544 σου
450 1487 506 1544 τοῦ
517 1476 602 1545 Θεοῦ
615 1476 737 1564 βαρεῖαι
753 1477 892 1560 corsici,
907 1475 1058 1542 κατάτόν
1101 1470 1204 1552 huius
1222 1474 1258 1536 in
1274 1491 1334 1540 nos
1348 1477 1550 1558 tyrannidis,
1570 1476 1703 1541 idcircov
1715 1495 1795 1542 cum
1814 1495 1849 1540 0-

311 1579 471 1667 Ἰιυόιννην,
498 1581 583 1649 ἀλλά
608 1583 662 1648 τόν
689 1582 807 1666 ἔχοντα
834 1578 989 1667 μετέωρον
1015 1580 1059 1658 εἰς
1102 1593 1244 1641 nerosus
1258 1579 1312 1659 sit,
1335 1579 1518 1644 durissima
1532 1582 1695 1662 pmcipit,
1724 1580 1854 1668 addens

308 1686 386 1771 ὕψος
402 1686 550 1770 αἴρουσιν.
567 1685 687 1772 Ἔργον
710 1686 772 1772 γάρ
787 1694 853 1763 τοῖς
868 1682 1060 1769 παρανόμοις
1103 1677 1336 1748 fraudulentos
1350 1685 1422 1748 suis
1438 1685 1606 1750 mandatis
1620 1687 1761 1754 labores.
1778 1689 1855 1753 Tua

307 1792 444 1857 τουτοισί
458 1791 622 1868 δικασταῖς
636 1789 724 1874 πάση
748 1797 879 1875 μηχανῇ
895 1790 981 1856 κατά
996 1797 1059 1854 τῶν
1102 1790 1217 1850 autem
1228 1792 1404 1869 precepta,
1417 1791 1476 1871 qui
1489 1791 1580 1854 Deus
1593 1793 1769 1872 cagravio
1780 1809 1851 1856 uon

307 1891 436 1960 δικαίων
458 1893 644 1979 κεχρῆσθαι,
666 1895 722 1964 καί
737 1901 799 1961 τῶν
821 1891 931 1964 ἀθόυν
950 1893 1006 1958 καί
1020 1889 1056 1956 ἀ-
1102 1894 1193 1970 sunt,
1209 1895 1295 1956 teste
1318 1895 1460 1974 Joanne,
1476 1894 1537 1960 sed
1551 1913 1630 1960 eum
1645 1897 1705 1976 qui
1729 1897 1789 1962 illa
1803 1900 1853 1960 te-

308 1996 433 2065 ναιτίυν
454 1996 732 2083 καταψηφίζεσθαι
753 1996 905 2066 θάνατον.
923 1995 1007 2082 Ἐγὼ
1023 1995 1058 2063 δὲ
1102 1999 1171 2074 net,
1186 1997 1366 2060 sublimem
1383 1998 1419 2062 in
1435 1999 1576 2065 excelsis
1599 2001 1769 2064 attollunt.
1793 2001 1856 2064 La·

308 2111 366 2188 τῆς
380 2103 468 2186 παρὰ
483 2112 538 2168 τοῦ
553 2101 705 2168 δεσπότου
716 2100 864 2186 προνοίας
875 2099 1057 2186 ἀπηλαυσα,
1102 2099 1163 2163 bor
1177 2101 1269 2166 enim
1283 2103 1335 2168 est
1349 2103 1664 2184 praevaricatoribus
1680 2104 1749 2171 iliis
1759 2103 1852 2183 judi·

307 2209 364 2274 καί
378 2207 473 2272 αὐτόν
488 2207 553 2292 ἔχω
564 2204 730 2292 περίβολον
746 2205 880 2292 όχυρόν·
894 2205 1009 2272 ἐκεῖνοι
1021 2204 1056 2270 δὲ
1101 2205 1208 2285 cibus,
1224 2210 1263 2269 ut
1284 2223 1499 2289 quocumque
1521 2207 1665 2274 artificio
1688 2208 1852 2276 adversus

270 2342 272 2346 ·
307 2308 499 2395 τρυγησουοι
513 2311 586 2388 τοὺς
601 2317 662 2376 τῶν
678 2307 762 2374 ἰδίων
782 2308 885 2376 πόντον
907 2309 1057 2394 καρπούς.
1096 2304 1208 2385 justos
1223 2313 1374 2392 utantur,
1390 2316 1424 2375 et
1439 2313 1672 2379 innocentium
1688 2315 1722 2378 et
1736 2313 1850 2378 inson-

254 2449 257 2455 ·
309 2412 420 2479 Ταῡτα
431 2422 526 2478 πᾶσιν
539 2411 1057 2500 ἀνθρώποιςέγρόιφηζπάντυνγδιρ
1099 2412 1188 2479 tium
1205 2413 1381 2481 interitum
1397 2415 1588 2482 decernant.
1600 2419 1676 2496 Ego
1690 2435 1770 2482 vero
1785 2419 1851 2484 Do-

307 2516 566 2605 προμηθούμενος
581 2517 598 2583 ό
614 2516 705 2600 Θεδς,
727 2519 786 2604 τὴν
800 2516 926 2585 πάντων
941 2515 1057 2602 προφέ-
1100 2517 1186 2579 mini
1200 2519 1412 2598 providentia
1434 2521 1575 2598 gavisus
1596 2539 1683 2602 sum,
1701 2537 1848 2605 eumque

307 2642 353 2704 ρει
368 2617 553 2706 θεραπείαν.
566 2659 608 2670 -
624 2621 808 2708 Σύμμαχος·
823 2619 878 2708 Mb
895 2620 1053 2707 συναφθψ-
1099 2617 1207 2682 habeo
1222 2620 1327 2685 validi
1345 2623 1453 2688 instar
1467 2625 1558 2690 muri
1581 2626 1616 2689 in
1632 2643 1686 2690 me
1708 2628 1853 2692 circum·

307 2747 350 2790 τω
365 2747 416 2792 σοι
430 2725 544 2810 θρόνος
559 2723 718 2811 ἐπηρείας,
736 2726 886 2794 πλάσσων
897 2725 1055 2794 ‘caiam-
1099 2723 1270 2803 vallantis,
1279 2725 1336 2789 isti
1348 2743 1428 2790 Ver0
1439 2723 1698 2796 vindemiabunt
1709 2747 1852 2797 suorum

309 2828 378 2912 ρίαν
393 2832 478 2895 κατὰ
499 2830 752 2915 προστάγματος.
770 2828 823 2916 Μὴ
848 2829 1057 2917 συμπαρέστω
1099 2825 1255 2890 laborum
1271 2827 1411 2894 fructus.
1435 2833 1514 2896 Haec
1533 2849 1594 2914 pro
1609 2834 1768 2900 omnibus
1793 2835 1852 2897 ho-

306 2934 422 3018 θρόνος
444 2932 575 3019 ἀνομίας
597 2935 615 2999 ό
630 2934 781 3000 πλάσσειν
802 2932 911 3014 κόπον,
927 2933 1055 3020 δνόματι
1099 2931 1250 2996 minibus
1266 2935 1392 3015 scripta
1407 2941 1502 3000 sunt:
1519 2938 1611 3003 Deus
1625 2939 1726 3018 enim,
1743 2955 1851 3020 quum

306 3038 563 3123 προστάγματος·
579 3040 622 3124 μὴ
647 3035 760 3123 μετέξη
785 3058 842 3104 σου
864 3037 978 3123 δρόνος
992 3038 1057 3104 ἐπι·
1100 3037 1258 3102 omnibus
1271 3039 1455 3118 provideat,
1467 3041 1625 3108 omnibus
1639 3043 1767 3123 praebet
1781 3059 1850 3106 mc·

306 3141 431 3228 δουλης,
444 3142 594 3208 πλάσσυν
605 3142 705 3208 κόπον
716 3142 767 3206 ἐπί
778 3140 991 3226 ἀκριόασμόν·
1008 3144 1052 3229 μὴ
1099 3141 1220 3205 delam.
1240 3145 1519 3225 -symmachus
1542 3145 1661 3211 habet:
1684 3149 1758 3212 Noc
1777 3163 1848 3212 cort-

305 3245 505 3331 συνισυθήτοι
528 3269 578 3313 σοι
598 3245 714 3332 θρόνος
736 3245 879 3331 ἀνομίας,
902 3245 1052 3312 πλάσσυν
1091 3245 1256 3328 jurantur
1280 3246 1341 3314 titi
1368 3246 1504 3316 thronus
1525 3249 1675 3330 irrjrntc,
1693 3249 1851 3330 formos

305 3348 404 3416 κόπον
430 3352 480 3416 ἐπὶ
505 3349 708 3436 πρόσταγμα·
731 3350 768 3414 οὐ
794 3350 856 3434 γάρ
883 3348 1053 3433 ἀρκοῦνται
1098 3351 1266 3415 miseriam
1288 3357 1399 3416 contro
1414 3358 1618 3433 pracceptum.
1641 3356 1714 3418 Non
1737 3353 1845 3416 adhra-

306 3455 464 3519 παιδεύειν
478 3454 513 3520 ἐν
535 3452 635 3540 ζημία
656 3454 711 3518 καί
734 3453 869 3538 μάστιγι,
894 3451 979 3520 ἀλλὰ
999 3455 1055 3520 καί
1098 3459 1172 3517 reat
1186 3454 1282 3518 sedes
1302 3454 1450 3536 injuriae,
1466 3455 1601 3535 fingens
1617 3459 1766 3522 laborem
1784 3457 1849 3522 sub

307 3559 416 3645 ψήφου
438 3560 590 3626 θανάτου.
608 3599 649 3610 -
664 3557 769 3624 Ἀλλά
791 3558 919 3643 άφανιεί
940 3560 1054 3635 αὐτοὺς
1098 3560 1186 3636 legis
1201 3559 1312 3622 titulo.
1336 3561 1409 3623 Non
1432 3561 1619 3626 intercedat
1636 3563 1780 3626 thronus
1800 3564 1850 3626 in-

223 3729 225 3734 .
306 3663 433 3749 Κιίριος,
449 3664 467 3728 ό
482 3664 562 3743 Θεὸς
577 3662 676 3751 ἡμῶν.
701 3662 772 3728 Τῶν
787 3664 844 3748 μὲν
865 3663 982 3730 κακίαν
991 3666 1055 3751 γάρ
1097 3663 1274 3742 sidiarum,
1289 3661 1417 3726 fabrica
1440 3664 1594 3730 laborum
1609 3667 1674 3730 sub
1694 3670 1849 3748 respectu

307 3767 452 3852 ἀφανίζει
462 3767 588 3853 Κύριος,
601 3767 642 3845 ὡς
654 3765 839 3851 δικαιοσύνη
852 3788 860 3804 ·
875 3776 936 3834 τῶν
947 3769 983 3832 δὲ
998 3768 1054 3853 άγ-
1098 3768 1301 3832 severitatis.
1327 3769 1400 3830 Non
1426 3768 1489 3831 tibi
1513 3771 1698 3834 associetur
1724 3772 1847 3834 solium

311 3894 407 3956 νοιαν,
424 3872 466 3951 ὡς
483 3872 578 3957 σοφία
593 3874 647 3937 καί
661 3873 782 3957 γνῶσις.
1098 3872 1335 3954 improbitatis,
1347 3867 1407 3952 pro
1423 3877 1588 3954 praecepto
1600 3875 1748 3939 condens
1764 3893 1850 3942 aeru·

1096 3993 1203 4054 mnae,
1216 3976 1265 4040 eis
1277 3976 1401 4056 quippe
1414 3976 1506 4040 haud
1518 3978 1601 4042 satis
1613 3984 1665 4043 est
1678 3980 1848 4061 corripere

1048 4095 1050 4102 ⁴
1097 4081 1132 4142 in
1142 4081 1270 4144 mulcta
1293 4082 1327 4142 et
1349 4077 1497 4158 flagello,
1519 4081 1579 4146 sed
1602 4084 1705 4148 etiam
1727 4085 1849 4148 mortis

1096 4201 1174 4246 cum
1192 4184 1371 4246 sententia.
1389 4219 1425 4230 -
1443 4185 1506 4250 Sed
1519 4185 1682 4267 disperdet
1694 4188 1772 4254 illos
1785 4190 1850 4252 Do-

1098 4289 1207 4354 minos
1221 4290 1310 4352 Deus
1324 4293 1441 4354 noster.
1458 4291 1611 4354 Aliorum
1623 4291 1761 4373 quidem
1777 4311 1847 4356 ma-

1096 4393 1203 4455 iitiam
1227 4393 1390 4456 Dominus
1413 4393 1586 4474 disperdit,
1606 4398 1722 4475 utpote
1741 4394 1841 4474 justi·

1007 4489 1012 4498 '
1097 4498 1165 4560 tia:
1190 4483 1336 4560 aliorum
1353 4513 1432 4560 vero
1455 4499 1695 4578 ignorantiam,
1721 4501 1771 4563 uti
1794 4519 1847 4564 sa-

1098 4600 1226 4680 pientia
1243 4604 1275 4661 et
1295 4600 1446 4663 scientie.
