4044 6104
888 506 1093 573 EUSEBIUS
1693 509 1754 575 441

213 639 362 726 θρῶπων·
384 641 457 728 ήδὲ
473 642 498 709 ε’
514 642 655 722 ἔκδυσις·
679 641 856 730 Ὦραιῶθης
877 647 965 732 παρὰ
1007 648 1176 729 Sordones
1193 647 1319 730 formo,
1350 649 1535 712 declaravit
1550 651 1682 732 Aquila,
1709 653 1759 716 di-

211 749 284 824 τοὺς
299 745 385 825 υἱοὺς
400 756 463 837 τῶν
477 745 659 832 ἀνθρώπων.
897 825 898 830 1
1009 749 1370 819 cenat-Polclrttrdire
1383 755 1546 834 εροοίοεκυ
1555 754 1665 836 friati
1678 757 1758 839 ost-

1008 856 1067 922 liic
1081 855 1258 937 hornimera,-
1270 857 1492 941 Symmachus
1505 876 1598 940 νοτυς
1618 861 1758 924 «Formo

986 961 1163 1042 ,σφετέροισιν
1190 981 1224 1027 es
1232 979 1304 1044 pre
1318 961 1413 1044 filiis
1427 961 1600 1027 domicum.
1629 965 1754 1040 Quinta

1003 1069 1118 1130 autem
1135 1067 1252 1131 editio:
1272 1069 1444 1132 raaces
1457 1066 1643 1148 frictione
1656 1067 1752 1149 filiis

1001 1168 1179 1234 dominoco.

254 1270 354 1333 v.11.
379 1267 552 1351 Ἀκουσον,
575 1268 728 1356 θύγατερ,
748 1271 804 1335 καί
826 1270 883 1352 ἰδε,
906 1272 962 1335 καί
1045 1291 1076 1336 v.
1095 1275 1146 1337 11.
1160 1271 1258 1352 dardi,
1266 1273 1360 1354 filie,
1375 1273 1497 1353 ctride,
1512 1277 1545 1338 et
1557 1274 1751 1341 inolitacu-

209 1372 316 1438 κλῖνον
330 1376 367 1439 τὸ
389 1376 444 1453 σύς
459 1395 526 1456 σου,
550 1377 607 1440 καί
629 1374 782 1441 ἐπιλάθου
803 1384 861 1439 τοῦ
876 1373 957 1440 λαοῦ
1000 1391 1069 1438 rem
1084 1379 1185 1456 trem,
1205 1380 1237 1441 et
1250 1377 1434 1444 obliviscere
1444 1378 1606 1460 poprium
1620 1383 1712 1443 torro
1726 1384 1758 1445 ct

210 1497 266 1543 σου
281 1479 406 1542 καὶτοῦ
423 1478 584 1561 οἰκουτοῠ
599 1477 717 1563 πατρός
733 1499 799 1543 σου.
1005 1465 1329 1560 ιίυοινίοιρυύτίυἰκί.

136 1607 139 1614 ·
252 1581 336 1667 Πρὸς
350 1584 481 1668 τὴντῶν
493 1583 590 1650 ἐθνῶν
605 1604 701 1669 φησιν
712 1581 898 1668 ἐκκλησίαν.
912 1581 959 1650 Od
1045 1583 1096 1646 Ad
1119 1584 1308 1646 Ecclesiam
1335 1601 1377 1647 ex
1403 1584 1565 1662 gentibus
1594 1575 1755 1666 loquitur.

207 1689 269 1774 γὰρ
284 1688 323 1754 ἂν
345 1687 457 1774 ἰρρὲθη
480 1697 545 1768 τοῖς
559 1688 593 1769 ἐξ
614 1687 765 1774 Ἰσραήλ·
785 1687 959 1754 Ἐπιλάθου
1000 1690 1074 1752 Non
1091 1689 1185 1752 cadit
1200 1689 1291 1752 enim
1307 1689 1343 1752 in
1359 1690 1530 1752 Israelitas
1545 1689 1645 1753 illud:
1674 1689 1758 1754 ooli-

206 1799 262 1854 τοῦ
276 1789 357 1856 λαοῦ
372 1811 429 1856 σου
440 1794 496 1857 καί
510 1801 567 1856 τοῦ
581 1791 670 1857 οἰκσυ
682 1802 738 1857 τοῦ
753 1792 872 1876 πατρὸς
887 1811 956 1856 σου.
998 1792 1120 1858 ricem
1139 1792 1299 1874 protelem
1325 1795 1417 1856 torro
1443 1796 1476 1857 et
1499 1791 1625 1856 domum
1642 1793 1757 1874 porris

206 1890 315 1979 Ἥμεῐς
331 1895 385 1960 οὖν
399 1893 481 1981 ήμέν
496 1915 574 1960 ποτε
589 1893 719 1980 ἀνόητοι
729 1896 784 1960 καί
800 1893 896 1960 τὲκνα
908 1895 959 1978 ὀρ·
999 1896 1060 1960 toi.
1075 1898 1141 1960 Nos
1158 1913 1241 1975 ergo
1255 1896 1383 1960 luimus
1397 1897 1560 1960 insensati
1569 1900 1603 1960 et
1613 1896 1676 1960 filii
1685 1898 1754 1978 irae,

202 2003 276 2081 γής,
292 1995 503 2084 προσέχοντες
524 2007 590 2076 τοῖς
606 1996 772 2079 διαὸόλοις,
798 2001 853 2065 καί
872 1999 958 2083 ήσαν
1002 1999 1131 2063 addicti
1146 1999 1299 2080 diabolis,
1316 2001 1505 2082 etpopulus
1525 2005 1639 2067 noster
1654 2001 1756 2065 idolo·

204 2097 280 2185 ἡμῖν
295 2099 324 2164 οἰ
346 2101 572 2187 εἰδωλολάτραι
593 2102 681 2186 λαὸς,
697 2104 797 2181 ούτως
811 2105 889 2168 ποτὲ
912 2111 958 2190 τῷ
1004 2123 1080 2169 rum
1096 2107 1243 2170 cultores
1259 2109 1365 2168 erant.
1381 2106 1436 2170 Sic
1451 2107 1532 2169 olim
1548 2105 1691 2170 Abrahae
1707 2105 1756 2170 di·

204 2200 353 2292 Ἃδραὰμ
367 2206 515 2293 ἐλέγετο·
536 2207 670 2288 Ἔξελθε
689 2207 728 2272 ἐκ
743 2207 800 2294 τής
814 2217 875 2296 γῆς
894 2217 957 2274 ’σου
1005 2213 1098 2274 ctum
1115 2215 1181 2274 est:
1201 2232 1218 2272 α
1235 2206 1407 2289 egredere
1419 2228 1461 2274 ex
1475 2215 1567 2274 terra
1577 2215 1647 2292 tua,
1664 2215 1754 2275 etex

203 2312 261 2375 καὶ
275 2311 315 2375 tr
328 2320 386 2395 τῆς
397 2311 581 2400 συγγενείας
597 2335 664 2396 σου,
679 2313 734 2376 καί
746 2312 785 2378 ἐκ
799 2323 855 2378 τοῦ
867 2313 956 2379 οἴκου
1003 2315 1209 2394 cognatione
1224 2320 1294 2399 tua,
1306 2319 1340 2379 et
1354 2316 1452 2380 domo
1467 2318 1573 2398 patris
1587 2318 1650 2380 tui.
1666 2337 1684 2378 υ
1697 2320 1755 2381 At·

203 2423 261 2479 τοῦ
275 2415 392 2500 πατρὸς
415 2437 482 2482 σου.
498 2415 564 2482 Καὶ
579 2415 673 2505 μέχρι
694 2425 749 2482 νύν
764 2415 793 2482 οἱ
814 2415 957 2502 προσιόν-
1000 2436 1066 2501 que
1092 2419 1258 2484 hactenus
1285 2422 1345 2501 qui
1375 2425 1614 2503 processerunt
1634 2422 1677 2486 ad
1703 2439 1755 2484 sa·

203 2538 255 2596 τες
269 2528 313 2606 τῷ
327 2517 406 2604 θείῳ
428 2518 613 2606 ρωτίσγιατι,
636 2522 714 2604 πρὸς
736 2519 857 2606 δυσμὰς
877 2541 953 2605 τροι·
1005 2540 1103 2586 crum
1120 2523 1298 2604 baptisma,
1312 2525 1403 2587 versi
1418 2524 1461 2587 ad
1476 2525 1693 2604 occidentem,
1706 2523 1756 2587 di·

204 2621 331 2708 ιρὲντες·
352 2622 618 2712 Ἀποτασσύρεθύι
640 2645 700 2708 σοι,
723 2627 828 2710 φασὶν,
850 2625 955 2691 Σατα-
1000 2627 1208 2706 cunt2'1'ibi,
1236 2629 1371 2708 Satana,
1398 2629 1649 2692 renunciamus.
1672 2629 1753 2703 Quae

202 2735 251 2792 να.
268 2726 323 2806 Τίς
338 2728 373 2792 δὲ
388 2728 505 2794 τούτων
521 2727 644 2815 μισθύς;
661 2727 727 2794 Καὶ
741 2727 912 2816 εὐθυρήσει
934 2728 951 2794 ὁ
996 2735 1112 2795 autem
1123 2731 1166 2794 ad
1176 2730 1249 2794 haeo
1261 2732 1413 2795 merces?
1429 2731 1754 2812 Etocrterpiacetrcc

203 2830 349 2918 βασιλεὺς
363 2843 420 2899 τοῦ
431 2833 569 2912 κάλλους
583 2855 659 2901 σου·
675 2835 806 2920 φυσικὸν
820 2835 883 2922 γὰρ
895 2833 950 2897 σύ·
995 2833 1136 2900 dccorert
1146 2838 1249 2899 trem.
1264 2835 1437 2898 Naturalis
1454 2836 1546 2898 enim
1563 2836 1599 2898 in
1615 2852 1656 2898 ea
1667 2836 1752 2898 ima·

203 2946 242 3023 τῇ
258 2939 294 3002 τὸ
308 2941 381 3004 κατ’
393 2938 502 3004 εἰκόνα
523 2939 708 3025 καθάρσεως
730 2939 824 3026 μόνον
846 2938 954 3026 δεύμε-
996 2956 1042 3018 go
1055 2957 1131 3021 quae
1143 2939 1419 3017 iudigettautum
1440 2941 1656 3021 purgatione,
1668 2941 1752 3004 satis

203 3040 256 3108 νύν
270 3043 340 3108 ἐστι
354 3041 525 3128 δειχθῆναι.
539 3081 580 3091 -
592 3041 658 3108 Καὶ
673 3042 823 3108 ἐπιλάθου
835 3053 892 3108 τοῦ
904 3042 955 3110 ἑλ-
997 3049 1048 3110 est
1070 3048 1110 3109 ut
1125 3043 1330 3109 ostendatur.
1353 3047 1398 3108 Et
1417 3045 1614 3109 obliviscere
1647 3045 1752 3110 helle·

202 3145 357 3231 ληνισμοῦ
371 3149 426 3212 καί
441 3155 498 3231 τής
513 3145 782 3232 εἰδωλολατρείας.
997 3149 1146 3212 nismum
1163 3155 1197 3212 et
1212 3148 1379 3213 idolorum
1393 3151 1687 3230 superstitionem..

247 3272 280 3316 ν.
299 3253 350 3317 13.
365 3250 431 3317 Καὶ
452 3249 723 3338 προσκυνήσουσιν
742 3252 830 3338 αὐτῷ
850 3250 955 3340 θυγα-
1039 3269 1071 3313 ν.
1090 3252 1141 3315 13.
1152 3254 1199 3331 Et
1218 3251 1396 3316 υιίονούτοκύ
1406 3269 1478 3318 erre
1496 3253 1583 3336 Jllic
1606 3254 1691 3335 Tyri
1710 3253 1749 3317 ir

203 3354 291 3439 τέρες
307 3355 410 3440 Τύρου
427 3356 461 3421 ἐν
475 3355 595 3441 δώροις.
995 3355 1192 3419 merendra.

245 3459 334 3526 Ἀντί
355 3459 391 3525 δὲ
406 3469 477 3526 τοῦ·
491 3459 557 3526 Καὶ
570 3458 842 3546 προσκυνήσουσιν
857 3460 953 3546 αὐτῷ,
1037 3459 1101 3521 Pro
1112 3457 1176 3521 hoo
1188 3476 1305 3522 versu:
1318 3457 1625 3538 etedorobrreicrrt,
1641 3460 1744 3541 Aqui-

202 3563 220 3628 ὁ
236 3565 293 3651 μὲν
307 3563 447 3644 Ἀκύλας
462 3565 698 3650 προσεκύνησεν
712 3563 954 3652 contrement
994 3562 1029 3624 la
1043 3563 1233 3626 transtulit:
1249 3561 1407 3640 odoravit,
1423 3563 1657 3644 Symmachus,
1672 3563 1745 3627 ado-

200 3663 236 3730 δὲ
258 3667 446 3754 Σύρροιχοςι
470 3667 536 3734 Καὶ
550 3677 722 3754 προσκυνεῖ
741 3669 847 3753 αὐτὸν,
863 3671 914 3734 ἰνα
930 3668 952 3754 ή
995 3667 1051 3732 rot
1065 3683 1146 3746 erro,
1163 3667 1206 3729 ad
1216 3667 1406 3729 Ecclesiam
1422 3667 1528 3728 relato
1539 3672 1619 3729 actu
1635 3666 1752 3742 adora·

201 3773 363 3856 προτροπή
379 3773 457 3856 πρὸς
472 3773 572 3858 αὐτήν
587 3763 841 3857 προσκυνήσεως.
995 3771 1114 3836 tionis.

200 3891 206 3902 ·
245 3893 277 3938 ν.
304 3877 354 3939 18.
377 3873 622 3958 Μνήσθήσονται
644 3885 700 3940 τού
715 3874 869 3961 ὀνόματός
895 3897 952 3941 σου
1039 3877 1141 3940 ν.18.
1168 3878 1326 3940 Mentores
1350 3880 1447 3940 onoc
1472 3874 1617 3938 comicis
1638 3875 1690 3939 ἰαὶ
1714 3876 1752 3939 iro

201 3977 236 4044 ἐν
262 3977 348 4062 πάσῃ
371 3987 466 4064 γενεᾷ
488 3981 543 4044 καὶ
564 3987 668 4067 γενεᾷ.
685 3978 744 4046 Δια
765 3990 857 4045 τοῦτο
880 3979 953 4046 λαοί
991 3981 1198 4064 ροοονοίἰοιιε
1212 3982 1244 4043 ct
1266 3979 1471 4062 concretione
1476 4003 1490 4058 ;
1498 3983 1672 4060 propterca
1690 3995 1749 4060 ρο-

200 4081 489 4168 ἐξορολογήσονταί
510 4105 560 4150 σοι
575 4084 618 4164 εἰς
637 4087 690 4151 τὸν
712 4085 822 4170 αἰῶνα,
839 4087 894 4150 καί
908 4085 952 4164 εἰς
987 4085 1066 4168 proli
1085 4063 1317 4169 coafiteiortrr
1342 4083 1404 4149 troc·
1420 4084 1458 4149 irc
1478 4085 1630 4150 certiore
1656 4088 1688 4150 ct
1712 4085 1750 4149 irc

203 4189 257 4253 τὸν
273 4187 373 4253 αἰῶνα
387 4197 442 4252 τοῦ
458 4189 579 4268 αἰῶνος.
993 4192 1145 4257 scorium
1159 4192 1278 4257 seculi.

249 4291 435 4379 Σύμμαχος·
445 4291 636 4379 Ἀναμνήσω
647 4296 684 4358 τὸ
696 4294 795 4381 ὄνομα
803 4316 860 4361 σου
868 4295 953 4360 κατα
1038 4296 1277 4380 Symmachus:
1301 4294 1500 4361 Recordabar
1522 4313 1635 4360 rocroort
1657 4298 1749 4360 norm

202 4405 308 4462 πᾶσαν
323 4398 445 4484 γενεάν,
461 4395 515 4463 δια
528 4407 622 4464 τοῦτο
637 4397 710 4464 λαοὶ
728 4397 902 4485 ύμνήσουσί
916 4419 952 4464 σε
987 4417 1051 4482 per
1065 4419 1186 4464 cocceam
1198 4401 1436 4484 concretionem
1442 4424 1456 4478 ;
1465 4403 1639 4480 proptrer
1646 4415 1749 4480 ρορκ·

202 4501 246 4579 εἰς
262 4502 362 4567 αἰῶνα
377 4502 538 4588 διηνεκῶς.
994 4505 1023 4570 li
1037 4506 1211 4573 σοοαούυκί
1227 4511 1257 4571 te
1271 4507 1308 4570 ιἰι
1322 4505 1474 4572 accelero
1488 4506 1526 4570 ic
1544 4508 1747 4587 peretrum.
1765 4555 1766 4558 ,

234 4727 263 4766 v.
276 4709 320 4764 11.
333 4708 428 4766 Vatic.
441 4711 467 4782 6,
481 4711 523 4766 10.
537 4709 643 4766 Genea.
656 4727 713 4781 ιιι,
727 4727 746 4768 1.
758 4710 851 4766 Field.
864 4711 883 4766 1.
895 4711 915 4767 l.
994 4707 1065 4782 qnid
1076 4708 1108 4764 in
1119 4707 1179 4764 fine
1190 4707 1296 4764 scholii
1313 4706 1387 4764 editi
1398 4706 1430 4763 in
1441 4726 1470 4765 v.
1483 4708 1532 4763 16:
1551 4711 1608 4764 ἰπιί
1623 4712 1668 4763 οῦν
1682 4712 1696 4763 ὁ
1710 4714 1747 4764 σί-

235 4813 263 4854 v.
283 4795 325 4852 18.
342 4795 418 4852 Ibid.
430 4796 504 4852 Inda
521 4795 680 4868 moleton,
700 4797 753 4852 164
768 4796 882 4870 aliquid
901 4797 952 4854 ad·
992 4815 1044 4864 κος
1055 4803 1102 4851 καί
1113 4799 1240 4865 βασιλίως
1257 4799 1320 4862 occo
1333 4800 1426 4862 σαφῶς
1436 4800 1605 4863 περίπατοι·
1622 4797 1691 4863 θεὸς
1708 4799 1746 4851 ῶν

200 4882 335 4939 (lendum.
348 4883 528 4938 Scholiolnm
544 4897 616 4941 varo
628 4882 666 4938 cf.
679 4901 746 4938 enm
764 4882 892 4954 Origene
904 4901 953 4940 sn·
993 4885 1150 4952 οβασιλιύς.
1164 4883 1236 4951 Quae
1252 4899 1323 4940 vero
1335 4882 1446 4939 ibidem
1463 4883 1600 4956 adjaomt
1612 4887 1706 4953 αγουσι
1717 4888 1747 4938 ot

199 4985 253 5042 pra
265 4987 292 5042 p.
304 4970 381 5025 ease
393 4968 504 5042 cyrillo
516 4969 619 5026 Potrot
632 4985 739 5039 mm,
751 4969 806 5024 coi.
819 4971 898 5026 1043.
993 4985 1086 5041 usque
1098 4967 1136 5024 ad
1154 4973 1202 5024 καὶ
1213 4973 1239 5022 οἰ
1258 4974 1400 5038 προφῆται,
1413 4967 1542 5042 Didymo
1562 4969 1748 5027 restituendo

233 5074 262 5113 ν.
276 5056 319 5111 18.
332 5055 428 5112 Vatic.
443 5056 485 5125 10,
498 5071 536 5112 ex
548 5071 606 5127 qno
623 5053 790 5112 addendum
807 5063 887 5115 esset
897 5057 951 5116 nii·
994 5052 1140 5112 videntur.
