4020 6098
292 403 357 466 218
448 465 449 468 ,
953 403 1163 469 ORIGENES

291 539 440 628 ταύολὴν,
463 544 519 608 καί
536 551 593 631 της
608 540 761 630 προτέρας
778 540 965 628 [συμφορᾶς]
981 544 1039 627 την
1083 561 1159 606 rum
1175 543 1409 621 mutationem,
1426 546 1460 606 et
1479 542 1603 623 prioris
1625 541 1828 605 calamitatis

290 646 426 729 παῦλαν,
441 649 496 712 καί
518 657 578 714 τῶν
594 649 703 734 ψυχῶν
725 650 783 734 την
804 645 960 732 γαλήνην,
984 647 1040 710 καί
1083 647 1342 728 improbitatem,
1366 651 1400 709 et
1425 648 1616 710 animarum
1639 647 1831 727 tranquilli·

290 761 348 836 της
378 751 579 830 ἀναστάσεως
608 756 662 818 τὸν
690 749 812 837 λιμένα,
838 753 892 816 τὸν
918 749 1037 815 τούτων
1082 755 1197 830 tatem,
1218 755 1252 814 et
1274 751 1531 814 resurrectionis
1546 735 1690 831 portum,
1706 751 1828 813 horum

289 856 492 942 θαυμάζουσι
513 856 662 944 χορηγόν.
686 896 726 905 -
743 851 789 920 Ἢ
811 857 865 920 καί
884 857 955 940 περί
975 863 1038 919 τῶν
1082 857 1257 918 auctorem
1273 854 1474 917 munificum
1490 853 1831 918 demirantur.—Vel

291 960 475 1027 ἀποστόλων
489 963 594 1046 φησίν,
607 963 658 1025 ὅτε
671 959 801 1046 [ἐύύων]Ι
816 956 880 1024 Καὶ
892 957 1035 1043 ἐλέησον,
1084 958 1148 1021 hoc
1164 958 1205 1022 de
1221 959 1381 1040 apostolis
1393 957 1476 1022 dicit
1490 957 1732 1022 clamantibus:
1759 959 1834 1020 «Et

291 1062 399 1148 Κύριε,
422 1072 523 1129 σῶσον
538 1064 633 1148 ἡμᾶς,
657 1064 872 1150 ἀπολλύμεθα.
888 1063 953 1129 Καὶ
967 1065 1037 1130 έπε-
1085 1063 1257 1140 miserere,
1280 1063 1440 1142 Domine3
1461 1064 1556 1126 salva
1577 1081 1648 1142 noe,
1671 1064 1832 1144 perimus.

290 1166 420 1252 τίμησεν
435 1177 499 1245 τοῖς
518 1167 643 1254 ἀνέμοις
663 1171 718 1233 καί
740 1177 779 1254 τῇ
794 1167 956 1252 θαλάσση,
981 1170 1037 1233 καί
1081 1167 1125 1228 Et
1140 1166 1320 1246 imperavit
1334 1168 1446 1230 ventis
1463 1169 1608 1247 otmari,
1625 1171 1659 1230 et
1674 1166 1763 1229 facta
1777 1173 1831 1230 cst

289 1269 415 1357 ἐγένετο
429 1271 554 1358 γαλήνη
571 1272 706 1358 μεγάλη.
1082 1269 1314 1356 tranquillitas
1329 1287 1500 1348 magna.»

334 1397 366 1441 v.
384 1379 435 1460 28,
449 1379 501 1442 29.
513 1376 579 1442 Καί
592 1375 767 1461 ἐκέκραξαν
782 1378 859 1462 πρὸς
875 1376 991 1462 Κύριον
1002 1377 1036 1442 ἐν
1124 1390 1156 1434 v.
1172 1374 1280 1452 28‚29.
1295 1376 1342 1439 Iit
1356 1375 1577 1440 clamarunt
1587 1373 1629 1438 oct
1643 1375 1827 1452 Dominum,

288 1489 333 1566 τῷ
347 1480 511 1546 θλίύεσθαι
525 1483 650 1563 αὐτοὺς,
662 1483 717 1545 καί
728 1481 767 1545 ἐκ
776 1490 838 1545 τῶν
855 1479 1036 1566 ἀναγκαίων
1081 1494 1153 1543 cum
1181 1477 1427 1558 tribularentur,
1456 1482 1489 1544 ct
1523 1477 1560 1543 dc
1588 1477 1833 1543 mussitatum

289 1587 391 1651 αὐτῶν
406 1584 561 1672 ἐξήγαγεν
572 1585 693 1662 αύτούς.
705 1583 771 1650 Καί
782 1583 914 1663 ἐπέταξε
925 1594 964 1670 τη
978 1605 1035 1648 κα·
1081 1600 1189 1646 corun
1202 1581 1314 1646 educit
1323 1599 1384 1663 eos,
1399 1587 1431 1648 ct
1437 1583 1587 1664 proculo
1601 1583 1784 1664 inperauit,
1801 1586 1834 1647 et

288 1690 411 1775 ταιγίδι,
424 1693 478 1754 καί
489 1691 565 1776 ἐστη
578 1692 622 1768 εἰς
637 1691 746 1775 αύραν,
759 1692 813 1756 καί
828 1687 982 1774 ἐσίγησαν
996 1690 1037 1752 τὰ
1080 1687 1172 1752 stetit
1185 1687 1222 1750 in
1235 1703 1329 1768 curo,
1347 1692 1379 1753 ct
1391 1687 1688 1772 titinniuflnntuc
1702 1687 1782 1768 ajin.

288 1795 415 1880 κύματα
431 1795 538 1881 αὐτῆς.

333 1896 444 1983 Τρίτον
465 1901 501 1963 τὸ
517 1896 676 1984 ἐκέκραξα
696 1897 833 1985 λέγεται,
849 1899 904 1962 καί
926 1897 944 1962 ὁ
964 1896 1037 1981 ἑξῆς
1127 1897 1191 1958 Ter
1220 1895 1345 1958 dicitur
1366 1895 1515 1976 cluutuci,
1542 1897 1645 1960 etiam
1669 1897 1704 1958 in
1727 1912 1830 1958 versu

289 2001 407 2088 στίχος,
422 2002 503 2067 ἐπὰν
517 2001 698 2086 κραξάντων
712 2001 803 2088 ημῶν
829 2004 906 2087 πρὸς
921 2000 1038 2086 Κύριον
1082 1999 1248 2080 sequenti,
1265 2017 1343 2062 cum
1358 2015 1419 2064 nos
1442 2001 1627 2064 clamamus
1651 2000 1694 2063 ad
1717 2000 1829 2063 Domi-

288 2105 559 2192 &ventiliacum
576 2108 649 2192 [tou]
666 2106 846 2184 ἐπακούσας
859 2105 991 2191 ρύσηται
1001 2103 1038 2190 ἡ·
1084 2119 1167 2165 num
1191 2103 1227 2164 in
1243 2104 1424 2184 angustiis
1441 2108 1480 2168 ut
1502 2103 1687 2168 exaudiens
1709 2121 1780 2182 nos,
1796 2121 1832 2166 e-

290 2220 350 2297 μοῖς
365 2210 404 2275 ἐκ
422 2221 483 2278 τῶν
506 2212 653 2297 ἀναγκῶν
674 2209 773 2298 ημῶν,
789 2214 844 2276 καῖ
861 2209 962 2296 οτηοη
979 2212 1038 2296 την
1083 2212 1160 2270 ruat
1175 2224 1217 2269 ex
1233 2208 1500 2288 necessitatibus,
1513 2209 1594 2270 etin
1610 2224 1829 2270 aurameom·

287 2323 350 2379 τῶν
362 2323 542 2400 πειρασμῶν
557 2312 726 2399 καταιγίδα
737 2315 780 2390 είς
792 2315 965 2397 αύραν,καῖ
976 2310 1037 2396 ilco
1082 2316 1185 2392 ponat
1193 2313 1420 2374 tentationum
1432 2316 1677 2393 tempestatem,
1694 2319 1729 2374 et
1743 2328 1832 2374 com·

289 2419 375 2505 γάση
391 2421 432 2482 τὰ
453 2418 526 2483 καθ’
536 2416 625 2505 ἡμῶν
640 2418 767 2504 κύματα
778 2428 833 2485 τού
846 2416 922 2503 βίου.
940 2455 981 2464 -
997 2416 1037 2482 El
1082 2416 1289 2495 pcscatvitae
1308 2415 1432 2479 fluctus
1456 2417 1491 2478 in
1515 2433 1576 2479 nos
1592 2419 1770 2479 tumentes.
1788 2449 1828 2459 —

288 2525 330 2590 τά
341 2524 468 2609 κύματά
480 2525 556 2589 εἰσιν
565 2522 594 2587 οἱ
605 2525 781 2609 πειρασμοί,
789 2532 850 2586 τῶν
862 2522 898 2584 δέ
909 2541 1037 2605 πειρασ-
1082 2521 1117 2583 Si
1128 2519 1253 2582 fluctus
1267 2522 1470 2584 tentationes
1481 2527 1573 2600 sunt,
1591 2537 1735 2602 quarum
1752 2521 1829 2583 aliae

290 2637 354 2714 μῶν
370 2627 399 2692 οἱ
415 2629 471 2713 μέν
486 2626 718 2712 ἀναγκάζουσιν
737 2622 822 2711 ἡμᾶς
839 2623 1036 2710 βλασφημεῖν
1081 2639 1142 2686 nos
1167 2622 1210 2686 ad
1228 2623 1474 2704 blasphemiam
1500 2625 1536 2686 in
1551 2627 1660 2687 Deum
1682 2625 1718 2686 vi
1740 2641 1829 2688 com-

288 2734 333 2810 είς
349 2736 403 2799 τὸν
425 2731 516 2813 Θεύν,
534 2732 562 2796 οἱ
585 2732 619 2794 δέ
636 2732 691 2794 καί
713 2731 756 2807 εἰς
779 2728 900 2808 ζῶντας
922 2730 977 2792 καῖ
992 2727 1036 2804 είς
1082 2728 1224 2809 pellunt,
1239 2730 1315 2792 aliae
1338 2730 1382 2792 ad
1398 2730 1606 2811 peccandum
1628 2731 1754 2794 tamin
1781 2732 1833 2792 vi-

287 2841 416 2924 νεκροὺς
438 2836 673 2922 ἐξαμαρτάνειν,
696 2834 802 2911 καλῶς
825 2834 880 2898 οὖν
906 2830 1031 2916 λέγεται
1080 2837 1198 2896 ventes
1214 2849 1317 2913 quom
1333 2835 1368 2898 in
1384 2839 1545 2914 mortuos,
1562 2839 1651 2898 recte
1666 2835 1830 2898 dicuntur

288 2944 328 3008 τά
341 2943 469 3028 κύματα
484 2938 660 3006 ἀναύαίνειν
673 2939 731 3015 ἐως
743 2946 804 3003 τῶν
816 2938 967 3021 οὐρανῶν,
978 2936 1037 2998 καί
1081 2934 1205 2999 fluctus
1217 2939 1277 3018 qui
1288 2938 1476 3002 ascendunt
1487 2938 1529 3001 ad
1545 2939 1646 3002 coelos
1663 2955 1781 3019 usque,
1794 2943 1830 3002 et

288 3044 488 3112 καταύαίνειν
504 3045 562 3120 ἕως
574 3053 635 3108 τῶν
646 3041 808 3107 ἀύύσσων·
824 3041 903 3117 τινὲς
915 3039 949 3102 δέ
962 3048 1035 3104 ταύ-
1081 3040 1289 3105 descendunt
1301 3059 1409 3124 usque
1425 3043 1468 3105 ad
1486 3042 1634 3124 abyssos.
1652 3043 1738 3104 Sunt
1751 3057 1834 3104 vero

288 3149 329 3215 τά
344 3149 438 3235 φάσιν
453 3145 663 3232 ύπερύολικῶς
678 3145 786 3210 λαλεῖν
801 3147 854 3209 τὸν
869 3139 977 3207 naulo.
1081 3144 1140 3224 qui
1162 3146 1282 3208 volunt
1303 3146 1375 3210 haec
1398 3146 1488 3227 apud
1513 3145 1622 3209 David
1636 3145 1830 3228 hyperboli-

1081 3265 1120 3312 co
1136 3249 1234 3311 modo
1251 3249 1328 3313 dici.

331 3381 363 3424 v.
380 3363 432 3426 30.
449 3358 514 3424 Καί
536 3357 694 3443 ὁδηγησεν
714 3355 827 3432 αύτούς
850 3353 901 3418 ἐπί
922 3349 1036 3438 λιμένα
1124 3371 1156 3416 v.
1173 3355 1225 3416 30.
1240 3355 1286 3418 Εί
1298 3354 1431 3420 muniuit
1451 3372 1503 3419 coc
1517 3355 1554 3418 in
1568 3360 1703 3436 portien
1716 3354 1829 3418 colun-

287 3465 471 3550 θελήματος
487 3466 599 3529 αὐτῶν.
1081 3457 1161 3521 tutis
1175 3475 1292 3522 corum.

332 3569 436 3656 Λιμην
459 3571 514 3654 μὲν
537 3569 642 3654 ψυχῆς
664 3567 685 3652 η
702 3563 858 3630 ἀπαθεία·
881 3562 975 3650 λιμὴν
998 3563 1034 3626 δέ
1124 3563 1245 3625 Portus
1266 3562 1403 3643 quidem
1419 3565 1541 3626 animae
1556 3568 1607 3626 est
1630 3563 1829 3625 immunitas

287 3686 352 3760 νοῶ,
367 3684 479 3762 γνῶσις
494 3673 648 3759 σωμάτων
662 3675 717 3737 καί
732 3669 917 3756 ἀσωμάτων.
1082 3665 1285 3730 affectuum:
1304 3673 1421 3747 portus
1436 3685 1515 3730 vero
1531 3669 1664 3747 mentis,
1680 3669 1832 3747 cognitio

1082 3787 1259 3850 corporum
1278 3776 1311 3834 et
1326 3773 1521 3851 spirituum.

331 3904 363 3947 v.
380 3885 432 3947 33.
448 3881 562 3948 Ἐθετο
578 3882 738 3966 ποταμοὺς
756 3880 800 3956 είς
816 3881 943 3965 ἔρημον.
1127 3893 1158 3936 v.
1175 3878 1227 3938 33.
1243 3878 1359 3940 Posuit
1362 3875 1509 3960 βαρεῖαι
1522 3877 1560 3940 iu
1574 3874 1744 3941 άοοονίκοε.

330 3987 425 4055 Ούτοι
441 3988 470 4052 οἱ
491 3986 627 4075 ποταμοί
649 3987 726 4051 εἰσιν
748 3987 818 4070 περὶ
841 3987 883 4050 ῶν
907 3985 992 4048 εἶπεν
1015 3981 1032 4046 ὁ
1126 3981 1204 4042 Haec
1220 3979 1363 4042 flumina
1377 3985 1458 4043 sunt
1473 3979 1514 4042 de
1534 3980 1658 4061 quibus
1674 3981 1829 4044 Salvator

291 4093 404 4178 Σωσίγρ
428 4092 462 4157 ἐν
484 4100 549 4169 τοῖς
565 4089 778 4176 εύαγγελίοις·
801 4087 840 4154 Οἱ
863 4086 1036 4172 καταστρέ-
1081 4083 1118 4146 in
1149 4085 1338 4162 evangeliis
1365 4085 1430 4147 ait:
1461 4083 1665 4148 subvertunt
1691 4083 1829 4148 domum

288 4216 400 4280 φονται
415 4195 501 4259 οῖκον
515 4203 571 4259 τού
584 4203 689 4280 μωροῦ
701 4202 756 4258 τοῦ
767 4190 1035 4279 οἰκοδομήσαντος
1081 4187 1189 4266 stulti,
1206 4189 1265 4267 qui
1282 4187 1463 4251 aedificavit
1478 4190 1513 4251 in
1529 4206 1642 4252 arena,

288 4299 339 4364 ἐπί
353 4308 410 4383 της
426 4297 565 4384 ψάμμου.
1589 4353 1590 4356 ,

332 4424 364 4468 v.
390 4405 441 4467 34.
465 4401 530 4488 Γην
551 4400 756 4486 καρποφόρον
779 4402 822 4478 εἰς
845 4401 951 4487 άλμην
973 4401 1036 4465 ἀπὸ
1125 4416 1156 4462 v.
1174 4399 1225 4461 34.
1247 4401 1381 4462 Ilcrrum
1393 4397 1615 4481 fumiferum
1628 4399 1666 4464 in
1687 4399 1830 4482 καίσαρι·-

288 4504 405 4584 κακίας
420 4514 482 4571 τῶν
498 4505 728 4569 κατοικούντων
743 4504 776 4569 ἐν
791 4505 882 4588 αὐτῇ.
1080 4520 1162 4582 nunt,
1181 4502 1348 4568 amolitio
1361 4501 1614 4568 inhabitantium
1628 4504 1665 4567 iu
1679 4520 1726 4567 co.

331 4607 431 4675 Ὅσον
453 4609 492 4674 ἐκ
505 4619 559 4674 τού
582 4608 688 4694 ῥητοῦ,
711 4607 906 4694 γινύισκομεν
930 4607 977 4671 ὅτι
999 4608 1036 4671 ού
1125 4609 1297 4682 Quantum
1315 4605 1357 4668 ad
1381 4607 1538 4685 litteram,
1561 4623 1648 4686 saepe
1672 4606 1830 4668 novimus

288 4722 487 4800 καρποφορεῖ
506 4713 659 4792 πολλάκις
673 4711 695 4798 ἡ
711 4724 752 4800 γη
777 4714 829 4780 διὰ
842 4715 902 4800 την
921 4711 1037 4778 κακίαν
1081 4715 1208 4774 terram
1223 4729 1290 4774 nou
1305 4710 1514 4775 fructiferam
1526 4728 1598 4774 esse
1610 4711 1652 4811 ob
1664 4711 1832 4774 malitiam

290 4823 351 4886 τῶν
365 4817 595 4885 κατοικούντων
611 4819 645 4883 ἐν
662 4819 752 4904 αὐτῇ.
1082 4815 1309 4894 babitantium
1326 4816 1360 4877 in
1376 4832 1425 4877 ea.

325 5043 353 5082 v.
365 5025 409 5094 28,
422 5025 466 5080 29.
478 5025 547 5081 Vat.
560 5025 585 5080 5.
1117 5037 1144 5076 v.
1158 5017 1202 5074 33.
1215 5019 1283 5075 Vnt
1296 5018 1322 5073 5.
1335 5017 1441 5076 Matth.
1455 5033 1509 5090 vn,
1521 5019 1565 5090 26,
1578 5019 1622 5076 27.

326 5131 353 5168 v.
367 5112 410 5168 30.
424 5112 490 5169 Vat.
503 5112 528 5166 4„
542 5113 567 5167 5.
1119 5127 1146 5166 v.
1160 5107 1202 5162 34.
1217 5106 1282 5162 Vct.
1295 5106 1320 5161 5.
