4020 6098
293 401 354 465 188
970 401 1179 473 'ORIGENES

290 566 359 631 μοις
366 555 405 632 τῇ
415 542 563 633 κερατίνη
575 546 760 614 έσάλπισαν·
772 551 869 626 οὕτως
881 551 935 615 καί
945 547 1040 615 ’laet
1083 569 1149 614 nea
1160 549 1375 630 clangebant.
1389 551 1439 614 Ita
1447 556 1480 616 et
1492 553 1513 615 J
1515 551 1588 632 cab,
1601 552 1767 616 Absalone
1780 550 1836 616 de·

290 648 421 734 νικησας
442 653 496 717 τδν
509 649 724 736 Ἀύεσσαλὼν,
740 652 909 718 ἐσάλπισσι
930 663 970 738 τη
986 673 1039 718 ze
1083 656 1183 735 vieto,
1196 655 1279 718 tuba
1293 673 1416 720 cornea
1431 657 1591 720 insonuit.
1608 658 1731 738 Siquis
1744 674 1828 735 ergo

290 750 528 838 ρατίνη.”οστις
536 757 590 821 ούν
600 759 685 822 κατὰ
694 760 747 823 τὸν
759 758 935 823 άπύστολον
948 757 1039 823 δύνα·
1084 759 1195 823 dicere
1217 764 1328 840 potest
1352 759 1452 840 juxta
1479 763 1693 842 Apostolum
1723 764 1831 825 «cur-

289 858 462 924 ταιείπεῐν·
479 859 541 925 Τὸν
556 861 673 947 δρόμον
689 860 850 944 τετέλεκα,
866 865 924 948 τὴν
938 859 1040 927 πίστιν
1084 881 1160 926 sum
1184 865 1427 944 consummavi,
1443 864 1545 928 fidem
1567 866 1741 944 servavi»
1771 867 1829 929 ille

288 959 460 1047 τετήρηκα,
477 965 567 1041 ούτος
590 963 722 1050 νικήσας
738 970 791 1032 τδν
808 966 967 1052 ζητοῦντα
980 965 1037 1030 λα·
1083 969 1192 1031 victor
1203 970 1434 1050 oppugnantis
1447 968 1564 1047 hostis,
1577 985 1723 1046 regnum
1739 969 1833 1032 Chri·

290 1063 355 1130 6εῖν
370 1067 428 1152 την
451 1066 612 1153 βασιλείαν
634 1079 689 1134 τοῦ
713 1069 852 1155 Χριστοῦ
871 1068 961 1157 ἡμῶν
983 1077 1040 1134 τοῦ
1083 1074 1139 1153 sti,
1164 1073 1302 1137 Davidis
1324 1074 1441 1153 nostri,
1465 1075 1500 1136 in
1524 1090 1647 1137 corneo
1667 1075 1828 1137 cantavit.

289 1166 396 1252 Δαυὶδ,
412 1169 581 1236 ἐσάλπισεν
602 1181 641 1256 τῇ
663 1173 822 1258 κερατίνη.
839 1213 880 1222 -
897 1168 989 1259 Ἅμα
1003 1174 1039 1240 δέ
1084 1180 1192 1244 Simul
1221 1184 1336 1243 autem
1358 1180 1535 1244 sciendum
1565 1196 1672 1244 cornu
1694 1195 1830 1262 quoque

289 1274 345 1337 καί
359 1272 461 1340 ἰστέον
483 1277 531 1341 δτι
544 1275 710 1362 πολλαχοῦ
732 1280 768 1342 τδ
783 1277 879 1363 κέρας
898 1281 970 1356 νοὺς
986 1276 1038 1344 λέ·
1083 1301 1174 1364 saepe
1192 1284 1258 1348 dici
1282 1299 1343 1365 pro
1365 1287 1479 1346 mente
1501 1283 1659 1365 hominis,
1684 1283 1831 1365 exempli

289 1399 380 1463 γεται
401 1389 458 1444 τοῦ
480 1378 654 1465 ἀνθρώπου,
679 1380 720 1460 ῶς
746 1382 800 1446 τό·
822 1381 1039 1468 Ὑψῶύησεται
1085 1388 1209 1464 gratia:
1228 1385 1471 1451 «Exultabitur
1487 1391 1526 1451 ut
1541 1388 1714 1454 unicornis
1726 1405 1833 1452 cornu

289 1482 332 1560 ὡς
349 1482 560 1570 μονοκέρυτος
576 1489 611 1551 ιδ
633 1483 731 1571 κέρας
747 1509 815 1573 μου,
839 1485 999 1553 τουτέστιν
1020 1488 1039 1553 ὁ
1083 1508 1236 1572 meum‚›>
1265 1491 1299 1555 id
1322 1497 1373 1556 est
1396 1509 1512 1556 mens..
1526 1492 1705 1555 Exaltatur
1728 1491 1831 1571 enim,

290 1597 371 1665 νοῦς.
387 1586 537 1672 Ὑψοῦται
551 1590 613 1674 γάρ
636 1599 679 1675 τῷ
695 1589 767 1677 Θεῷ
786 1600 830 1678 τῷ
845 1592 910 1658 δντι
924 1592 1038 1669 ἐντοῖς
1084 1595 1165 1659 dum
1185 1595 1340 1676 sequitur
1356 1597 1464 1659 Deum
1488 1595 1547 1676 qui
1570 1596 1606 1658 in
1630 1596 1709 1658 altis
1734 1593 1829 1658 habi·

288 1689 429 1776 ύψίστοις
445 1693 636 1760 ἀκολουθῶν.
648 1693 739 1760 Ἰδεῖν
754 1695 905 1781 διηνεκῶς
920 1696 954 1761 ἐν
969 1705 1038 1773 ταῖς
1083 1703 1143 1764 tat.
1161 1731 1200 1744 -
1218 1701 1255 1764 id
1277 1699 1391 1764 videre
1413 1704 1465 1764 est
1486 1701 1654 1764 constanti
1676 1699 1831 1762 ecclesia·

288 1795 474 1883 ἐκκλησίαις
496 1797 724 1886 πληρούμενον.
744 1800 794 1886 Τῇ
816 1802 879 1886 γάρ
901 1821 1039 1886 πνευμα-
1083 1822 1160 1868 rum
1189 1823 1254 1868 usu
1280 1805 1472 1886 impletum;
1500 1821 1580 1867 nam
1610 1804 1647 1867 in
1672 1803 1835 1866 Davidiea

288 1911 360 1986 τικη
376 1901 493 1987 κιθάρᾳ
506 1911 561 1967 τοῦ
577 1902 672 1970 Δαυίδ
687 1906 746 1990 τὴν
760 1903 853 1971 θείαν
866 1904 1039 1990 άνακρσυά-
1085 1909 1256 1989 spirituali
1276 1909 1408 1972 cithara
1430 1908 1582 1971 divinam
1601 1907 1833 1971 auscultamus

289 2003 371 2090 μεθα
393 2004 558 2090 μελῳδίαν.
579 2005 725 2093 Ποιῶμεν
747 2009 782 2073 δέ
796 2007 883 2095 ἡμᾶς
904 2009 1038 2096 λογικὴν
1083 2013 1275 2077 melodiam.
1302 2012 1458 2092 Agedum
1490 2012 1526 2075 in
1556 2012 1721 2076 citharam
1747 2011 1833 2074 ciea-

288 2108 421 2195 κιθάραν
443 2112 484 2175 τὰ
508 2107 649 2196 ἡμέτερα
671 2111 813 2199 σύνματα,
836 2115 892 2180 καί
915 2113 1038 2201 χρύμε-
1084 2133 1161 2179 mus
1179 2132 1319 2196 corpora
1333 2119 1459 2195 nostra,
1477 2115 1663 2197 dentesque
1678 2115 1834 2178 adhibea-

289 2212 331 2277 θα
350 2212 418 2279 ἀντὶ
442 2215 499 2300 μέν
521 2215 645 2301 χορδῶν
666 2225 732 2293 τοῖς
755 2217 888 2299 ὀδοῦσιν,
912 2217 981 2284 ἀντί
1002 2219 1038 2283 δὲ
1082 2237 1159 2284 mus
1188 2220 1390 2283 chordarum
1413 2221 1505 2300 vice,
1528 2220 1619 2284 labia
1646 2237 1707 2300 pro
1737 2236 1830 2283 aneo

291 2317 417 2404 χαλκοῦ
439 2327 503 2396 τοῖς
526 2315 655 2404 χείλεσι.
679 2319 848 2406 Πληιιτρον
876 2323 939 2407 γάρ
960 2343 1038 2388 παν-
1083 2325 1226 2407 plectr03
1249 2325 1416 2404 plectrum
1432 2325 1524 2387 enim
1539 2324 1691 2387 omniurn
1707 2323 1830 2386 acutis·

289 2423 344 2499 τὸς
366 2420 510 2506 ὀξύτερον
532 2421 699 2509 κινουμένη
726 2420 748 2508 ἡ
779 2423 907 2510 γλῶττα
928 2426 986 2511 την
1009 2425 1039 2490 ἐ·
1081 2429 1207 2493 simum
1239 2425 1362 2506 lingua
1390 2431 1524 2507 movet,
1550 2427 1631 2490 dum
1661 2425 1831 2489 harmoni·

290 2525 456 2610 ναρμόνιον
478 2525 629 2592 ἀποτελεῖ
647 2537 710 2593 τῶν
732 2529 918 2616 κρουμάτων
939 2529 1040 2616 ηχην
1083 2550 1162 2596 cum
1180 2531 1313 2614 perficit
1330 2548 1412 2596 sono
1431 2531 1601 2612 reciproco
1620 2531 1833 2593 concentum.

290 2638 372 2696 κινεῖ
385 2629 419 2694 δέ
434 2631 493 2716 τὴν
515 2631 663 2716 γλῶσσαν
679 2632 696 2696 ὁ
712 2643 794 2716 νοῦς,
818 2634 883 2700 οίύν
897 2656 943 2711 τις
966 2655 1040 2721 μου·
1084 2638 1254 2716 Linguam
1266 2641 1381 2700 autem
1397 2641 1510 2698 movet
1521 2651 1627 2714 mens,
1643 2634 1750 2696 veluti
1762 2651 1836 2696 mu-

289 2737 377 2812 σικδς
399 2735 599 2821 ἐπιστημῶν,
627 2739 685 2824 την
711 2739 828 2822 ταύτης
855 2740 1040 2827 ποιούμενος
1084 2744 1174 2808 sicus
1194 2741 1368 2821 magister,
1380 2740 1479 2821 cujus
1495 2741 1568 2820 ipsa
1580 2739 1695 2817 ductu,
1714 2754 1778 2802 ceu
1788 2739 1834 2802 ci·

290 2839 460 2927 μετάύασιν
475 2843 497 2927 ἦ
513 2841 656 2926 κιθάραν.
673 2881 715 2891 -
731 2842 776 2909 Τὸ
793 2845 848 2930 μὲν
871 2845 927 2910 ούν
943 2865 1040 2910 πεπυ·
1084 2847 1193 2926 thara,
1208 2844 1431 2909 diversimode
1446 2845 1609 2922 agitatur.
1625 2876 1663 2888 -·
1678 2842 1766 2906 Illud
1783 2859 1834 2906 er-

290 2943 428 3032 ρυμένον
444 2945 499 3008 καὶ
514 2944 722 3031 ἐκτεταμένον
744 2949 799 3013 καί
815 2946 1040 3034 βεδασανισμέ-
1085 2967 1131 3030 go
1153 2951 1360 3030 preconium
1384 2949 1565 3027 evangelii,
1589 2949 1671 3026 igne
1693 2964 1831 3012 succen-

287 3070 343 3115 νον
365 3059 420 3114 τοῦ
443 3049 650 3135 εύαγγελικυῦ
672 3051 874 3138 κηρύγματος
900 3052 953 3118 διά
978 3062 1040 3120 τῶν
1085 3071 1172 3133 sum,
1188 3053 1306 3116 robore
1322 3057 1467 3132 tensum,
1481 3056 1513 3115 et
1529 3052 1693 3134 martyrio
1704 3055 1832 3114 tortum

289 3153 420 3236 ἐλαιῶν,
437 3153 538 3220 είτουν
552 3155 834 3242 κεχαλκευομένιυν
857 3155 1041 3245 σαλπίγγων
1085 3160 1120 3223 in
1143 3158 1236 3222 tubis
1258 3157 1454 3236 ductilibus,
1476 3173 1542 3220 aare
1565 3155 1724 3219 videlicet
1744 3159 1832 3220 stru·

291 3257 455 3345 σημαίνει·
478 3258 584 3324 διὰδὲ
606 3267 664 3344 τῆς
686 3270 853 3346 κερατινῆς
872 3263 907 3326 τὸ
924 3261 1042 3348 βασιλι-
1085 3263 1160 3342 etis,
1182 3259 1416 3342 significatur3
1440 3261 1476 3323 in
1498 3276 1620 3324 cornea
1641 3265 1757 3323 autem
1779 3263 1831 3322 tu·

290 3365 357 3445 κὸν,
381 3362 461 3428 καθδ
483 3371 527 3449 τῷ
549 3362 659 3448 κέρατι
680 3363 824 3451 ἐχρίοντο
840 3365 869 3430 οἱ
892 3364 1040 3451 βασιλεῖς,
1087 3368 1142 3447 δυ,
1165 3369 1263 3446 regia
1277 3365 1402 3429 Christi
1418 3364 1587 3445 majestas,
1611 3381 1650 3428 eo
1673 3365 1763 3446 quod
1784 3380 1835 3426 re·

291 3465 376 3531 ἀλλὰ
390 3469 444 3531 καί
458 3467 493 3532 ἐν
507 3477 655 3553 κερατινῇ
672 3477 728 3554 της
744 3467 904 3554 βασιλείας
916 3473 974 3557 την
989 3471 1041 3536 ἐκ·
1086 3488 1149 3551 ges
1165 3489 1271 3534 cornu
1287 3474 1478 3549 unguntur,
1502 3473 1535 3532 et
1549 3484 1672 3532 cornea
1686 3487 1765 3531 eum
1781 3474 1833 3532 tu-

290 3569 431 3655 ριύνησιν
447 3571 620 3636 ἐποιοῦντο.
1087 3577 1131 3640 ba
1153 3576 1232 3638 novi
1248 3575 1349 3653 regni
1368 3574 1582 3655 ploclamatio
1591 3574 1767 3654 increpari
1783 3589 1834 3636 so·

1086 3680 1143 3743 let

335 3801 367 3845 v.
387 3783 415 3846 ί.
432 3779 624 3865 Σαλευθητιυ
639 3777 661 3864 ἡ
676 3779 830 3844 θάλασσα
844 3781 946 3844 καὶτὸ
960 3779 1040 3866 πλή-
1131 3801 1162 3847 v.
1176 3784 1206 3847 7.
1231 3783 1400 3847 Μυουσίαν·
1413 3797 1504 3846 more
1518 3785 1550 3846 et
1556 3778 1727 3862 ρίεκίίιιάο
1749 3781 1830 3862 ejrts,

291 3905 383 3970 ρωμα
398 3886 507 3968 αὐτῆς,
522 3883 544 3970 ἡ
561 3881 730 3971 οἰκουμένη
746 3885 801 3948 καί
816 3883 845 3948 οἱ
859 3892 1041 3950 κατοικοῦν-
1086 3885 1172 3953 orbis
1198 3891 1362 3953 utrorum
1383 3889 1415 3951 ai
1437 3885 1835 3969 peraequatione

292 4010 345 4066 τες
361 3987 470 4072 αὐτήν.
719 4050 726 4062 ,
1004 4012 1006 4017 ·
1086 4009 1167 4058 eurr.

336 4092 511 4157 Echedemo
526 4093 580 4158 οὖν
595 4093 631 4156 τὸ
646 4090 844 4177 κινούμενον·
860 4099 991 4157 κινεῖται
1006 4091 1042 4155 δὲ
1131 4097 1224 4174 Ergo
1246 4095 1439 4158 concutitur
1460 4093 1549 4176 quod
1572 4097 1746 4174 moretum
1768 4111 1838 4156 mo-

288 4199 329 4268 ,τδ
346 4195 630 4282 μεταύαλλύμενον.
647 4193 823 4264 Θάλασσαν
845 4197 900 4261 ούν
915 4197 968 4260 τὸν
982 4216 1042 4260 πα
1086 4206 1187 4264 vetur
1202 4204 1318 4263 autem
1330 4199 1422 4279 quod¹
1432 4198 1643 4263 transfertur.
1657 4203 1763 4264 Vocat
1774 4200 1840 4278 igi·

293 4301 387 4384 ρόντα
400 4299 466 4386 βίον
479 4300 580 4383 καλεῖ,
594 4301 645 4364 διὰ
659 4304 696 4365 τδ
708 4299 848 4386 άλμυρδν
863 4309 924 4364 τῶν
939 4301 973 4366 ἐν
988 4301 1043 4393 cir-
1088 4311 1146 4369 tur
1161 4321 1254 4368 mare
1281 4305 1407 4368 hancce
1424 4304 1529 4367 vitam
1551 4305 1594 4367 ob
1609 4319 1838 4367 aerumnarum

292 4414 336 4490 τῷ
353 4404 532 4490 ρροντίδυν.
549 4404 723 4489 Κεκίνηται
738 4405 792 4468 ούν
808 4406 845 4470 ἐκ
859 4413 918 4488 τῆς
931 4403 1042 4487 προτέ-
1089 4410 1162 4490 ejus
1177 4411 1374 4474 salsitatem.
1391 4410 1419 4471 Α
1435 4409 1545 4488 priore
1561 4412 1675 4472 autern
1691 4409 1837 4472 statione

292 4529 349 4593 ρας
364 4509 514 4590 στάσεως,
537 4507 677 4576 τουτέστι
693 4519 750 4594 της
773 4506 1040 4592 εἰδωλολατρείας.
1088 4519 1181 4577 mota
1193 4519 1253 4594 est,
1267 4514 1424 4577 videlicet
1436 4513 1478 4577 ab
1489 4512 1689 4576 idololatria.
1702 4513 1763 4576 Vel
1775 4511 1839 4574 ior·

292 4609 338 4679 Ἣ
349 4615 436 4700 τάχα
450 4625 512 4681 τῶν
527 4617 629 4700 ύμνων
645 4614 892 4700 ἐπιτελουμένων
903 4621 947 4698 τῷ
959 4613 1041 4700 Θεῷ,
1088 4622 1188 4696 tasse,
1212 4619 1396 4681 cumulatis
1412 4618 1448 4680 iu
1471 4617 1580 4680 Deum
1596 4616 1744 4698 hymnis,
1766 4619 1839 4680 tota

292 4729 381 4784 πᾶσα
396 4721 417 4806 ἡ
435 4718 533 4797 κτίσις
549 4720 715 4805 σκιρτάτιυ,
731 4721 785 4784 καί
809 4720 946 4784 αὐτὰτὰ
961 4740 1042 4784 oror-
1089 4723 1214 4786 creatio
1238 4721 1411 4802 tripudiet,
1439 4725 1473 4783 et
1503 4721 1576 4802 ipsa
1599 4722 1767 4783 elementa
1785 4717 1840 4798 ju·

292 4833 366 4910 χεῖα
378 4825 564 4909 σκιρτᾶσθαι
573 4826 629 4888 καί
640 4809 852 4910 ἀγαλλιᾶσθαι
862 4823 914 4910 ὑφ’
924 4821 1042 4910 ἡδονῆς
1087 4827 1211 4892 bantur
1226 4827 1353 4905 gestire
1369 4829 1403 4888 et
1425 4827 1605 4890 exsultare.
1625 4857 1663 4870 -·
1681 4825 1791 4888 Possit
1804 4841 1838 4886 a·

328 5151 356 5192 v.
371 5134 396 5188 7.
409 5135 476 5192 Vat
485 5135 520 5206 ·4,
534 5135 613 5193 idam
624 5135 712 5194 Lacr.
725 5137 803 5195 Nota
816 5137 847 5194 in
865 5137 922 5198 fine
935 5155 1042 5196 novam
1089 5133 1228 5210 origenis
1239 5136 1478 5210 provocationem
1487 5151 1540 5210 pro
1553 5131 1670 5191 tuendis
1682 5131 1839 5206 allegoriis.
