4044 6104
294 463 357 526 374
962 470 1172 534 ORIGENES

293 603 373 668 eluro
394 602 503 688 τύπον]
525 613 581 668 τοῦ
604 602 757 669 Διαὸόλου
775 614 815 692 τῇ
830 615 886 670 τοῦ
902 605 1041 690 Χριστοῦ
1083 629 1156 673 esse
1172 609 1303 672 Diaboli
1321 615 1450 693 typum,
1464 612 1522 692 qui
1536 611 1697 675 adversus
1709 612 1831 676 Christi

298 705 697 794 βασιλείᾳίπαναοτάντος,
714 709 855 775 ἀλλὀὐκ
870 709 1040 790 ἀπέδειξεν.
1084 731 1228 790 regnum
1257 714 1453 794 insurrexit,
1476 714 1510 779 id
1533 732 1613 778 vero
1636 733 1702 780 non
1726 716 1833 780 deola·

906 855 907 858 =
1083 817 1188 880 ravit.

334 942 366 986 ν.
384 923 450 986 2-4.
464 919 572 1006 Κύριε,
584 922 614 986 τί
626 921 866 1007 emptorium
877 920 1040 987 οίθλίόον-
1127 941 1159 985 ν.
1176 924 1241 985 2-4.
1265 924 1409 1003 Domine,
1428 923 1507 1006 qaid
1520 925 1733 1006 multiplicati
1753 930 1832 989 οαυό

294 1023 345 1102 τὲς
361 1047 418 1111 με;
433 1026 546 1091 πολλοί
567 1026 788 1092 ἐπανίστανται
811 1026 860 1091 ἐπ’
871 1025 937 1112 ἒμέ.
958 1025 1040 1091 Πολ·
1082 1027 1140 1110 ραι·
1155 1027 1316 1092 tumeant
1329 1033 1402 1092 ote?
1413 1029 1514 1093 nutri
1527 1030 1705 1111 ιάῦυνραυό
1718 1029 1829 1094 adoer-

295 1128 345 1193 λοί
359 1128 537 1215 λέγουσιτψ
550 1132 637 1218 ψυχῇ
655 1153 724 1218 μου·
739 1129 809 1196 Οὐκ
824 1133 890 1196 ἔστι
902 1128 1042 1216 ουτηρία
1073 1125 1154 1195 ὀντα
1172 1149 1231 1195 me.
1257 1132 1360 1196 Multi
1384 1131 1497 1199 dierunt
1516 1135 1632 1197 ααίαια
1653 1149 1741 1196 mla:
1757 1135 1831 1198 Noe

293 1233 328 1300 ἰν
343 1241 387 1320 τῷ
402 1233 473 1320 Θεῷ
489 1237 594 1301 αὐτοῦ.
611 1235 793 1321 Διόιψαλμα.
810 1235 855 1300 Σὺ
871 1235 917 1316 δὲ,
932 1233 1040 1318 Κόρα,
1081 1239 1132 1299 ert
1144 1235 1236 1300 solur
1249 1236 1288 1300 τίι
1298 1238 1363 1300 Deo
1385 1236 1465 1316 ορατ.
1478 1237 1689 1317 Dioprolmu.
1707 1239 1759 1300 ltu
1774 1253 1831 1300 αυ-

292 1336 491 1424 όιντιλήπτυρ
508 1360 567 1424 μου
583 1340 620 1422 τί,
636 1339 712 1418 δόξα
725 1361 795 1425 μου,
811 1340 865 1404 καὶ
880 1339 967 1424 ῦψῦν
981 1340 1040 1424 τὴν
1083 1341 1145 1402 ίαν
1176 1343 1340 1420 ememor
1372 1357 1461 1405 πται
1489 1357 1538 1419 ea,
1565 1340 1673 1424 pluria
1694 1357 1774 1420 oreo,
1800 1344 1832 1405 et

290 1441 437 1528 κεφαλήν
453 1463 522 1528 μου.
548 1447 644 1511 Vetto.
662 1448 736 1526 625,
752 1448 783 1509 2.
1082 1443 1230 1508 crottam
1252 1450 1347 1525 caput
1367 1462 1481 1508 αιοαυτ.

334 1545 446 1631 Διόπερ
461 1549 574 1632 καὶτῷ
589 1547 684 1614 Δαυίδ
699 1547 898 1634 ἡμαρτηκότι
912 1550 964 1615 ἐπί
979 1557 1037 1633 τῆς
1126 1547 1404 1629 Quandoquidem
1412 1549 1572 1614 adversus
1584 1550 1758 1630 Davidem,
1770 1552 1829 1632 qni

290 1661 346 1714 τοῦ
361 1648 487 1736 Οὐρίου,
504 1651 616 1717 πολλοὶ
627 1652 834 1718 ἐπανίσταντο
850 1651 1041 1738 ἐπιχαιρεσί·
1082 1658 1281 1731 peccaverat
1307 1653 1349 1717 ob
1372 1671 1512 1718 uxorem
1541 1655 1640 1734 Uriae,
1657 1657 1757 1719 multi
1780 1656 1830 1718 in·

290 1775 389 1819 κακοι
410 1754 526 1842 ἐχθροί,
549 1757 630 1835 τινὲς
659 1755 759 1820 πάλαι
780 1758 834 1820 καὶ
857 1755 894 1820 ἐκ
918 1765 1040 1841 μακροῦ
1082 1761 1303 1820 surrexerunt
1326 1759 1466 1837 inimici,
1482 1759 1603 1822 alienis
1630 1759 1729 1822 malis
1744 1775 1828 1838 gau-

291 1859 549 1946 διαφθονούμενοι
564 1861 660 1925 αὐτοῦ
675 1861 714 1944 τῇ
730 1862 814 1925 κατὰ
830 1859 911 1927 Θεὸν
926 1879 1040 1942 προκο-
1082 1861 1208 1940 dentes,
1236 1865 1375 1925 veterna
1401 1863 1557 1926 nonnulli
1585 1866 1619 1926 et
1640 1865 1831 1944 longinqua

290 1973 346 2048 up,
367 1963 396 2027 ol
419 1964 454 2028 δὲ
475 1974 621 2043 τοιοῦτοι,
644 1964 890 2050 εὐδοκιμούντων
913 1965 968 2048 μὲν
990 1962 1040 2027 ἀεὶ
1082 1966 1117 2027 in
1145 1981 1223 2029 eum
1250 1966 1379 2030 invidia
1405 1966 1498 2045 moti,
1515 1966 1558 2030 ob
1572 1973 1777 2030 arescentem
1793 1969 1828 2030 in

293 2077 354 2132 τῦν
367 2067 505 2149 δικαίων,
517 2078 733 2134 ταπεινοῦνται
744 2071 799 2133 καὶ
810 2068 1037 2154 καταισχύνον-
1082 2070 1150 2132 Deo
1159 2069 1331 2148 virtutem,
1340 2069 1534 2150 hujusmodi
1542 2075 1655 2134 antem
1665 2071 1830 2149 homines,

292 2190 354 2254 ror,
381 2173 556 2237 πταιόντων
578 2173 612 2237 δὲ
639 2173 878 2239 ἐπανίστανται·
901 2171 974 2237 ἀλλ’
988 2173 1040 2238 ἐπὶ
1081 2189 1223 2235 moerore
1239 2189 1371 2254 semper
1390 2178 1424 2235 et
1443 2172 1570 2254 pudore
1592 2171 1727 2252 suffusi,
1749 2173 1831 2236 dum

290 2283 335 2359 τῷ
350 2275 511 2362 αφόιλματι
525 2287 580 2341 τοῦ
592 2277 686 2342 Δαυίδ
698 2275 937 2364 ὲπτμόαίνοντες
949 2277 978 2341 οἱ
990 2277 1038 2342 δε·
1077 2274 1163 2356 justi
1174 2276 1263 2339 bona
1275 2276 1364 2340 sama
1375 2278 1547 2357 fruuntur,
1561 2279 1620 2342 ubi
1632 2295 1712 2344 vero
1723 2278 1829 2343 delin-

289 2377 475 2464 ῦηλυμένοι,
500 2379 714 2468 ἀπεγίνωσκον
737 2383 832 2447 αὐτοῦ
854 2392 912 2469 τῆς
933 2382 1039 2467 ψυχῆς
1081 2384 1201 2460 quunt,
1217 2379 1259 2443 iis
1272 2381 1446 2444 insultant.
1460 2380 1524 2444 Sed
1535 2386 1570 2444 et
1583 2381 1685 2446 iidem
1700 2397 1826 2446 memo·

288 2484 349 2572 τὴν
364 2484 531 2570 σωτηρίαν,
543 2487 597 2550 καί
612 2486 734 2570 ἔλεγον·
749 2487 808 2551 οῦκ
822 2487 888 2551 ἔστι
900 2483 1039 2570 σωτηρία
1081 2484 1157 2562 rati,
1168 2502 1204 2548 se
1220 2485 1418 2549 invehentes
1429 2486 1465 2549 iu
1476 2485 1615 2550 Davidis
1627 2489 1769 2568 lapsum,
1783 2487 1824 2550 de

293 2590 378 2674 αὐτῷ
394 2588 428 2653 ὲν
450 2598 495 2676 τῷ
510 2588 581 2676 Θεῷ
604 2592 709 2656 αὐτοῦ.
725 2588 762 2656 ‘0
778 2591 813 2655 δὲ
827 2591 868 2655 τότ
889 2593 960 2675 περὶ
982 2600 1039 2655 τοῦ
1081 2587 1203 2650 anima
1226 2586 1300 2668 ejus
1322 2589 1432 2652 saluto
1453 2588 1675 2670 desperabant
1700 2596 1735 2654 et
1760 2592 1827 2654 aie-

292 2703 435 2780 συτῆρος
450 2702 510 2760 τῦν
532 2694 629 2762 ἐθνῶν
651 2695 798 2761 ἁπάντων
817 2693 881 2760 όπό
895 2704 950 2759 τοῦ
965 2714 1039 2779 προ-
1081 2691 1182 2754 bant:
1212 2692 1286 2759 Noa
1314 2697 1365 2757 est
1387 2693 1480 2760 solua
1505 2695 1572 2774 ipsi
1597 2695 1635 2760 ιὀν
1656 2698 1722 2760 Deo
1747 2696 1828 2775 τράυ.

291 2797 486 2884 τεταγμένου
501 2798 629 2886 ψαλμοῦ
648 2797 847 2886 μεμαθηκὼς·
868 2797 1040 2864 Πιστεῦοα-
1081 2795 1155 2876 Ipse
1175 2813 1255 2860 vero
1278 2797 1380 2878 probe
1399 2797 1536 2861 edoctus
1560 2814 1601 2861 ex
1625 2797 1829 2879 precedenti

292 2924 338 2986 τι,
362 2905 409 2967 ότι
432 2903 580 2989 μακάριοι
602 2903 717 2983 πάντες
736 2904 765 2969 οἱ
786 2902 968 2980 πεποιθότες
989 2901 1040 2968 ἐπ’
1081 2902 1210 2981 psalmo
1233 2901 1273 2966 de
1288 2904 1460 2967 Salvatore
1480 2904 1633 2967 omnium
1657 2905 1826 2985 gentium,

291 3007 389 3092 αὐτῷ,
405 3007 455 3071 ἐπί
470 3009 524 3072 τόν
545 3018 602 3073 τοῦ
617 3006 700 3074 Θεοῦ
720 3007 816 3092 λόγον
838 3009 893 3084 τόις
909 3003 1039 3084 ἐλπίδας
1079 3005 1229 3069 seilicet:
1263 3007 1435 3088 «credite,
1465 3008 1581 3073 beatos
1611 3025 1683 3074 esse
1709 3025 1827 3076 omues

290 3107 476 3195 ἐπεψρίψας,
505 3121 566 3178 τῦν
588 3113 644 3199 μὲν
666 3111 787 3198 ἐχθρῶν
809 3113 900 3176 οὐδὲν
922 3109 1039 3195 όιλογον
1080 3111 1141 3191 qui
1162 3111 1336 3176 confidunt
1361 3114 1398 3176 in
1424 3129 1504 3192 eo,»
1537 3114 1573 3178 in
1598 3113 1740 3177 verbnm
1762 3113 1824 3177 Ilei

289 3213 445 3278 ἒποιεῐτο·
465 3223 509 3301 τῷ
525 3215 560 3280 δὲ
575 3224 694 3301 σωτῆρι
715 3223 903 3301 προσφωνεῖ,
919 3212 1037 3298 λόγων·
1079 3231 1156 3295 spes
1171 3232 1250 3279 suas
1265 3215 1415 3298 proJeoit,
1431 3217 1490 3280 sed
1506 3221 1540 3279 et
1560 3217 1657 3280 nulla
1673 3217 1828 3280 inimieo-

289 3316 336 3383 Σὺ
351 3317 395 3402 δὲ,
412 3317 520 3404 Κύριε,
544 3318 742 3404 όντιλήτιτυρ
759 3341 817 3407 μου
833 3321 870 3402 τί,
886 3319 962 3398 δόξα
978 3337 1038 3404 μου
1080 3336 1157 3382 rum
1171 3321 1319 3384 stultitia
1338 3320 1495 3399 admissa,
1511 3321 1719 3384 salvatorem
1742 3321 1823 3383 allo-

289 3424 344 3486 καὶ
360 3422 446 3508 ὑψῶν
460 3425 518 3510 τὴν
530 3422 675 3510 κεφαλήν
688 3445 759 3509 μου·
771 3423 883 3488 πολλοὶ
893 3422 1038 3509 λέγουσιν
1080 3429 1179 3488 outus
1194 3427 1262 3488 ait:
1288 3427 1339 3490 Pu
1352 3429 1460 3490 ααίοαι
1483 3429 1647 3504 τιιοοορόοι·
1667 3441 1757 3488 meur
1778 3443 1822 3504 aa,

289 3535 329 3611 τῇ
353 3528 440 3614 ψυχῇ
462 3549 539 3614 μου·
563 3527 631 3595 Οῦκ
650 3530 733 3594 ἔστιν
749 3527 888 3614 σωτηρία
904 3529 988 3614 αὐτῷ
1003 3527 1037 3592 ἒν
1076 3528 1186 3611 pluto
1195 3547 1276 3610 mea,
1295 3533 1327 3594 et
1339 3529 1488 3594 ruoltona
1502 3532 1598 3610 capot
1611 3545 1724 3592 mum.
1739 3529 1826 3593 Μαί·

288 3639 333 3716 τῷ
348 3629 419 3718 Θεῷ
435 3633 542 3698 atreo.
1080 3632 1108 3696 ti
1133 3631 1245 3698 όὶααιί
1265 3635 1379 3698 auimo
1400 3649 1493 3698 oreo:
1516 3633 1590 3698 Itbo
1614 3637 1662 3697 est
1686 3632 1778 3700 οαίτιτ
1798 3634 1827 3696 22

1072 3737 1131 3817 psi
1145 3739 1182 3802 τίι
1196 3741 1262 3803 Deo
1276 3740 1356 3820 οράτ.

289 3874 292 3880 .
329 3839 369 3906 Οἱ
395 3843 522 3908 διῦκται
537 3851 594 3927 τῆς
616 3842 800 3922 trecentae
818 3845 861 3930 μὴ
877 3842 1036 3909 ταστεύον-
1122 3842 1309 3920 Religionis
1336 3845 1577 3922 persecutores,
1595 3841 1654 3923 qui
1674 3857 1741 3904 non
1756 3859 1827 3904 ore·

287 3965 338 4022 ττς
353 3947 411 4031 τὴν
427 3947 535 4032 ψυχὴν
550 3946 706 4013 ἀθάνατον
718 3948 806 4031 εἶναι,
820 3956 921 4012 ταῦτα
932 3945 1035 4031 λέγειν
1078 3947 1165 4013 dunt
1180 3948 1329 4009 animam
1344 3963 1417 4010 esse
1434 3948 1668 4028 immortalem,
1680 3949 1764 4012 talia
1778 3947 1828 4011 di-

320 4170 349 4210 ν.
368 4153 425 4208 ab.
447 4153 542 4210 Vatia.
561 4153 605 4209 15.
623 4151 782 4208 incidimus
800 4151 831 4207 in
854 4151 1033 4224 singularem
1076 4157 1139 4208 tam
1150 4152 1321 4222 columnam,
1334 4151 1477 4224 usquead
1489 4152 1580 4209 verba
1600 4154 1671 4220 όπος
1683 4156 1713 4208 u
1733 4157 1825 4231 όψόῦη

282 4239 483 4314 masoipnlsm,
495 4256 554 4311 qua
565 4237 653 4295 fenile
664 4239 712 4296 vel
724 4237 918 4309 doctissimus,
937 4237 1033 4310 qualis
1075 4243 1122 4293 τοῦ
1133 4241 1209 4294 tuoto
1221 4242 1239 4307 ἡ
1250 4241 1366 4308 moult,
1379 4256 1444 4311 quae
1459 4238 1579 4296 tandem
1590 4239 1718 4296 auretio
1731 4239 1824 4296 oodax

281 4325 537 4397 Montefsloonius,
555 4325 651 4400 deoipi
672 4325 777 4398 potnit
790 4325 827 4381 In
844 4325 900 4382 hoo
912 4325 976 4381 loeo
989 4323 1032 4381 fo·
1075 4332 1175 4383 noster
1192 4325 1259 4398 juro
1271 4326 1384 4384 tribuit
1406 4327 1521 4384 Cratera
1544 4344 1615 4385 vero
1638 4328 1736 4384 omnis
1758 4344 1824 4400 qum

282 4412 354 4468 lium
369 4411 500 4468 excisum
512 4416 559 4468 est
579 4411 610 4467 in
628 4411 728 4467 oodioe
746 4428 804 4484 quo
815 4411 865 4467 illa
885 4410 1031 4482 utebatur,
1075 4413 1210 4470 omnibus
1222 4414 1359 4486 Origenis
1365 4413 1544 4471 editionibus
1554 4414 1667 4485 desunt,
1673 4415 1825 4487 latentque

281 4499 341 4556 uisi
352 4516 399 4556 me
410 4499 476 4573 ipss
491 4499 544 4564 lux
564 4497 681 4556 fefollit.
698 4497 807 4554 Hiatus
820 4497 979 4572 inoipiebat
999 4498 1031 4554 in
1074 4500 1107 4556 in
1117 4500 1174 4556 hae
1202 4500 1324 4558 Eusebii
1352 4500 1494 4574 deoipula,
1524 4507 1593 4556 sunt
1628 4499 1726 4556 omnia
1758 4499 1823 4557 Ori-

282 4585 381 4644 modia
393 4585 520 4642 diutione
541 4588 765 4656 όιοιφόονοόμτνοι,
783 4582 888 4641 folium
904 4601 975 4640 varo
988 4601 1032 4640 sa·
1073 4587 1143 4660 gani
1154 4605 1256 4645 rursus
1271 4587 1383 4644 edendo
1395 4586 1587 4658 restituenda,
1600 4605 1665 4643 oum
1675 4585 1713 4642 iis
1730 4586 1826 4642 varie·

281 4689 374 4746 quens
391 4671 561 4730 ordiebatur
578 4691 597 4728 a
613 4671 712 4730 verbis
729 4675 839 4741 ὑψοῦται
859 4673 967 4739 κτφαλή
984 4677 1032 4726 τοῦ
1074 4673 1478 4742 nonantulensibus
1499 4673 1680 4747 supponitur,
1693 4677 1757 4729 tum
1776 4670 1824 4728 bis

280 4764 353 4815 κατα
365 4765 447 4828 σῶμα
460 4759 533 4815 Plus
545 4759 642 4814 minus
659 4757 815 4828 cruciatus,
828 4763 923 4814 totum
940 4764 1032 4828 χρίσμα
1073 4765 1153 4828 χνοῦς
1163 4760 1215 4816 ubi
1226 4767 1299 4832 χοῦς,
1312 4760 1381 4817 dein
1389 4766 1433 4816 tva
1442 4764 1551 4829 όῦοηται
1559 4775 1612 4832 pro
1622 4763 1687 4828 ῥῦαη
1698 4777 1738 4814 το.
1749 4759 1824 4815 Tum

281 4846 440 4918 deglutivit
451 4845 611 4916 Maurinus,
624 4850 655 4902 et
666 4844 804 4901 continuo
821 4844 935 4916 legens:
948 4848 1032 4900 παλαι
1074 4848 1164 4903 etism
1175 4847 1250 4904 adde
1262 4864 1327 4921 quaa
1343 4847 1510 4905 notavimus
1528 4847 1641 4902 intona
1666 4861 1739 4917 11,p.
1762 4845 1824 4914 449,

281 4941 329 4991 καί
340 4940 373 4990 ότι
384 4941 488 5005 μακροῦ
500 4939 543 4990 tut
560 4938 657 5004 φθόνου
670 4938 780 5004 όψοῦται
795 4935 902 5002 κεφαλὴ
915 4921 974 4986 κτλ
988 4933 1032 4988 Ae
1073 4935 1135 5005 450,
1147 4934 1198 4989 ubi
1210 4940 1306 4991 totum
1317 4934 1460 4990 scholium
1471 4934 1502 4989 in
1514 4951 1542 4990 v.
1554 4933 1573 4988 4
1585 4931 1650 4988 fusa
1660 4930 1826 5003 augendum

283 5020 408 5076 rotunda
419 5021 511 5078 latino
525 5037 574 5078 ore
587 5021 726 5078 dietam:
745 5019 869 5075 Iamdiu
882 5018 955 5074 enim
974 5025 1001 5075 et
1011 5037 1031 5074 α
1074 5026 1120 5076 est
1132 5025 1197 5076 tota
1208 5020 1434 5095 interpolatione
1446 5037 1534 5092 quam
1546 5037 1636 5092 supra
1652 5015 1825 5074 memoravi·

284 5107 372 5176 ίοαρίο
389 5113 465 5162 retro
487 5107 652 5180 tenporibus
665 5123 719 5179 per
731 5107 864 5164 inuidiam
886 5108 1032 5162 οαυίόοίνι·
1072 5124 1147 5174 mus,
1160 5108 1268 5164 oollsta
1284 5125 1351 5165 oum
1368 5097 1467 5162 codiee
1485 5113 1587 5162 nostro
1604 5103 1626 5160 f.
1639 5105 1673 5162 la
1692 5105 1827 5160 columna

281 5199 365 5265 οαριιί
375 5193 448 5262 eim,
459 5192 662 5267 intrepidoque
672 5209 775 5265 gressu
785 5193 915 5265 perrexit
924 5207 978 5263 par
988 5199 1030 5248 to·
1075 5193 1110 5249 93
1125 5193 1228 5250 Potrol.
1242 5201 1263 5249 t.
1278 5210 1367 5254 xxrrr.
1379 5192 1417 5247 ef.
1431 5191 1479 5248 Pa.
1492 5208 1520 5248 ν.
1534 5191 1576 5246 13.
