4036 6090
310 445 370 508 112
975 449 1184 512 ORIGENES

304 587 465 673 θαυμάσια
488 590 583 653 αὐτοῦ
606 589 628 654 ά
650 587 788 672 ἐποίησε.
812 587 877 652 Καὶ
897 585 1052 673 ἀνέστησέ
1100 591 1272 656 natitavit
1288 591 1504 656 testinnonium
1522 593 1559 656 in
1574 591 1679 672 Jacob,
1698 597 1730 658 et
1750 594 1850 676 Iopen

305 692 472 777 μαρτύριον
494 692 528 758 ἐν
550 690 676 773 Ἰακὼὸ,
708 693 762 755 καὶ
788 690 882 777 νόμον
903 690 992 756 ἔθετο
1019 690 1052 756 ἐν
1093 693 1209 773 poenit
1226 692 1263 755 in
1277 693 1395 772 Israel,
1414 711 1511 776 qrtnn
1524 694 1690 760 nnndnrn't
1697 695 1850 777 putridos

304 794 446 881 Ἰσραὴλ,
467 798 503 862 δν
526 794 667 862 ἐτείλατο
689 805 755 874 τοῖς
777 795 930 879 πατράσιν
952 795 1052 881 ἡμῶν,
1097 794 1219 858 nstro
1239 799 1348 859 notant
1360 795 1477 877 sotere
1498 813 1569 863 eant
1585 799 1679 880 filiis
1700 800 1783 878 otio,
1809 802 1847 862 nt

304 897 453 985 γνωρίσαι
475 901 570 965 αὐτὸν
593 907 657 977 τοῖς
680 899 756 977 υἱοῖς
779 901 890 980 αὐτῶν,
907 900 991 977 ὅπως
1013 901 1052 966 ἂν
1097 901 1433 980 οῦριιοῦοῦάραιισνυίίυ
1443 899 1848 984 αίίσνα,]θίι’τ“ραι“ιιανσοιι-

305 1011 370 1090 γνῷ
384 1004 480 1088 γενεά
502 1002 604 1088 ἑτέρα,
621 1003 680 1069 υίολ
695 1003 725 1068 οί
747 1003 982 1090 τεχθησόμενοι,
998 1007 1053 1070 καὶ
1097 1005 1154 1066 ίαν
1164 1005 1419 1084 αίσιιυααροιιίιδ
1429 1004 1706 1088 nnwnbnntstln't'a
1716 1005 1798 1084 anic,
1810 1009 1848 1070 nt

308 1103 549 1189 ἀναστήσονται,
565 1108 620 1170 καὶ
642 1106 877 1192 ἀπαγγελοῦσιν
894 1107 975 1172 αὐτά
987 1116 1052 1185 τοῖς
1090 1106 1427 1188 ponuntinDeospent
1436 1124 1540 1188 anot,
1552 1111 1652 1174 ctnon
1662 1109 1849 1176 attiniacen-

305 1208 382 1286 υἱοῖς
397 1210 509 1292 αὐτῶν,
532 1211 584 1276 ἵνα
605 1211 720 1276 θῶνται
741 1212 792 1276 ἐπί
813 1214 868 1277 τὸν
890 1210 972 1279 Θεὸν
993 1212 1053 1297 τὴν
1098 1213 1154 1274 tnr
1176 1226 1305 1290 opernm
1324 1211 1396 1290 nei,
1422 1215 1454 1276 et
1474 1211 1627 1276 nmndnto
1648 1213 1719 1293 cjtce
1740 1215 1849 1295 esqui-

304 1312 418 1379 ἐλπίδα
432 1314 543 1396 αὐτων,
560 1317 614 1379 καὶ
637 1316 680 1400 μὴ
696 1313 903 1380 ἐπιλάθωνται
925 1324 986 1381 τῶν
1002 1316 1051 1400 έρ-
1096 1319 1184 1395 rant,
1202 1317 1338 1399 nefinnt
1350 1317 1437 1381 aienti
1450 1323 1565 1397 potres
1578 1335 1698 1398 emuna,
1712 1335 1844 1402 partern-

305 1437 369 1503 γων
385 1429 439 1483 τοῦ
454 1416 547 1501 Θεοῦ,
563 1421 618 1483 καὶ
633 1419 690 1496 τάς
700 1418 830 1504 ἐντολάς
845 1421 942 1484 αὐτοῦ
957 1419 1052 1504 ἐκζη-
1098 1421 1143 1486 tt'o
1150 1437 1259 1503 ριαοα
1269 1425 1301 1486 ct
1310 1439 1514 1504 enumerans,
1530 1425 1693 1506 penetrato
1703 1441 1772 1506 qnn
1782 1441 1845 1488 non

308 1519 454 1606 τήτωσιν,
471 1523 523 1586 ἵνα
539 1525 582 1609 μὴ
593 1521 743 1608 γένωνται
755 1521 797 1600 ὡς
808 1521 838 1587 οί
852 1521 986 1607 πατέρες
998 1523 1053 1588 αὐ·
1097 1524 1361 1591 direnitincorde
1371 1543 1439 1606 soc,
1449 1532 1482 1593 et
1490 1545 1554 1593 own
1564 1530 1615 1592 cst
1624 1527 1764 1594 nentina
1777 1545 1848 1594 cnm

307 1634 378 1709 τῶν,
405 1626 501 1710 γενεά
523 1626 637 1690 σκολιά
662 1628 717 1690 καὶ
741 1624 1054 1711 παραπικραίνουσα·
1097 1631 1163 1694 Deo
1176 1629 1316 1709 spineus
1330 1629 1408 1710 ejus.

307 1730 477 1814 γενεάήτις
489 1729 526 1793 οὔ
538 1729 714 1814 κατηύθυνε
725 1730 759 1794 ἐν
767 1739 806 1814 τη
819 1728 934 1816 καρδίᾳ
944 1731 1053 1817 αὐτῆς,

305 1835 360 1898 καί
374 1833 434 1897 οὐκ
447 1832 603 1917 ἐπιστώθη
621 1833 701 1919 μετά
715 1842 770 1898 τοῦ
782 1832 865 1901 Θεοῦ
880 1836 915 1898 τὸ
930 1845 1053 1921 πνεῦμα

305 1938 412 2021 αὐτῆς.

352 2043 397 2109 Τά
413 2042 485 2128 ἑξης
500 2041 529 2106 οἱ
545 2039 678 2126 πατέρες
699 2040 790 2126 ἡμων
811 2041 1003 2128 διηγήσαντο
1018 2042 1054 2127 ἡ·
1142 2045 1192 2108 Ea
1212 2049 1412 2127 sequuntur:
1427 2047 1544 2111 Patres
1554 2049 1661 2112 troam
1681 2063 1849 2112 neor-rone·

306 2155 366 2232 μῖν,
390 2145 646 2233 ἀπαγγέλλοντες
666 2148 724 2223 τάς
747 2144 879 2224 αἰνέσεις
906 2157 961 2212 τοῦ
988 2147 1054 2212 Κυ-
1098 2154 1179 2214 nnn
1200 2148 1299 2229 notia
1325 2151 1557 2216 annuntiantes
1579 2150 1691 2216 ἰοιιάοο
1708 2151 1848 2217 Dcnn‘nt.

305 2248 382 2337 ρίου.
406 2251 456 2317 Τά
478 2251 535 2336 μὲν
558 2251 613 2315 οὑν
638 2258 749 2332 πρῶτα
770 2248 804 2328 ἐξ
834 2249 903 2327 ένδς
925 2249 1054 2337 ἐλέγετο
1099 2253 1325 2316 Praecedentia
1340 2254 1476 2335 quidem
1493 2271 1617 2317 exuna
1634 2255 1758 2318 Christi
1773 2273 1846 2336 per-

305 2355 474 2440 προσώπου
494 2364 550 2419 τοῦ
572 2354 721 2437 Χριστοῦ,
744 2355 785 2418 τά
807 2353 842 2420 δέ
864 2352 1055 2440 προκείμενα
1098 2373 1180 2422 sona
1201 2358 1458 2438 pronuntiabat3
1481 2359 1569 2420 lecta
1590 2375 1670 2422 vero
1692 2377 1783 2422 nunc
1798 2359 1846 2421 di·

304 2459 452 2524 λέλεκται
474 2459 530 2544 μέν
553 2459 591 2523 ἐκ
612 2467 668 2523 τοῦ
687 2459 801 2524 αὐτοῦ·
824 2459 1054 2546 συμπαραλαμ-
1099 2467 1224 2528 cuntur
1250 2461 1387 2543 quidem
1410 2479 1451 2524 ex
1479 2461 1595 2525 eodem
1618 2463 1764 2542 nomine,
1789 2464 1847 2528 sed

305 2563 393 2630 δάνει
414 2564 449 2629 δὲ
471 2565 525 2627 καὶ
547 2562 640 2648 ἕτερα
662 2562 825 2648 πρόσωπα,
847 2563 1051 2642 ὑποκαταδάς
1098 2567 1202 2632 simul
1220 2566 1474 2646 comprehendit
1492 2567 1576 2630 alias
1594 2581 1764 2648 personas,
1794 2567 1849 2631 de-

304 2677 362 2754 της
377 2669 473 2733 αὐτοῦ
489 2666 648 2752 θεότητος,
671 2669 726 2732 καί
748 2667 947 2753 ἀνθρωπίνως
962 2668 1055 2755 φθεγ-
1098 2671 1260 2736 scandens
1284 2671 1326 2734 ab
1348 2671 1454 2750 ipsius
1476 2671 1610 2751 deitate,
1630 2672 1845 2753 humanoque

304 2773 445 2859 γάμενος.
470 2770 509 2836 Οἱ
524 2773 559 2836 δέ
574 2769 956 2858 συμπαραλαμθανάμενοι
978 2773 1054 2838 εἰσὶν
1099 2793 1191 2840 more
1204 2776 1346 2838 locutus.
1363 2775 1426 2849 Qui
1443 2792 1522 2838 vero
1538 2776 1753 2854 conveniunt,
1765 2779 1846 2837 sunt

305 2877 334 2942 οί
355 2877 440 2942 κατά
465 2875 570 2960 σάρκα
596 2875 757 2961 ὁμογενεῖς
778 2877 874 2940 αὐτοῦ
903 2875 1051 2962 μαθηταί.
1098 2878 1334 2943 connaturales
1350 2877 1415 2957 ipsi
1434 2876 1620 2940 secundum
1635 2895 1781 2956 carnem,
1800 2877 1848 2940 di-

304 2982 358 3047 Διδ
373 2979 587 3065 πληθυντικῶς
609 2978 801 3066 διεξέρχεται
820 2981 861 3062 τά
884 2981 963 3065 μετά
984 2990 1051 3066 χεῖ·
1098 2981 1230 3064 scipuli.
1266 2980 1343 3044 Ideo
1373 2981 1499 3061 plurali
1529 2997 1669 3044 numero
1699 2986 1849 3061 pergunt

305 3107 372 3170 ρας.
388 3081 465 3150 Ὅτε
479 3086 535 3170 μέν
544 3076 606 3169 γάρ
618 3084 733 3149 οἰκεῖον
748 3083 843 3170 νόμον
857 3085 964 3162 αὐτοῖς
979 3105 1054 3170 προ-
1099 3103 1174 3168 quae
1189 3085 1232 3148 ad
1247 3102 1367 3148 manus
1383 3089 1473 3147 sunt.
1497 3085 1635 3160 Quando
1658 3085 1748 3148 enim
1771 3101 1845 3166 pro
1922 3123 1929 3132 ·

278 3231 282 3240 ·
305 3187 449 3270 ῦθάλετο,
465 3192 522 3254 σὺν
537 3185 683 3272 αῦθεντίηι
698 3186 844 3274 βασιλικῇ
856 3187 890 3268 ἐξ
901 3187 969 3265 ἐνὸς
980 3209 1055 3273 προ-
1099 3189 1208 3271 priam
1220 3189 1332 3266 legem
1344 3188 1412 3252 illis
1424 3187 1634 3268 subjiciebat,
1650 3206 1728 3253 cum
1744 3189 1841 3267 regia

304 3292 412 3358 σὼπου
427 3291 617 3378 προεφέρετο
636 3293 695 3377 τὴν
717 3290 919 3376 ἐπαγγελίαν.
936 3289 1001 3358 Νῦν
1017 3293 1053 3357 δέ
1098 3292 1308 3371 auctoritate,
1336 3292 1437 3356 unius
1461 3292 1659 3374 imperantis
1681 3310 1748 3372 ore,
1770 3309 1845 3356 sen-

304 3398 357 3462 δτε
374 3407 436 3462 τῶν
457 3397 601 3462 παλαιῶν
626 3395 878 3482 ἀναγνωσμάτων
899 3395 1055 3482 ἐπιτέμνει
1099 3398 1241 3460 tentiam
1256 3395 1454 3477 proferebat.
1467 3398 1563 3460 Nunc
1579 3413 1658 3460 vero
1670 3414 1776 3478 quum
1792 3413 1847 3460 ve·

303 3503 363 3586 τὴν
386 3499 553 3586 διήγησιν,
577 3509 749 3565 κοινοποιεϊ
778 3502 832 3565 τὸν
861 3498 977 3586 λόγον,
999 3503 1055 3566 καὶ
1100 3503 1211 3562 terum
1246 3500 1524 3563 documentorum
1555 3501 1753 3564 relationem
1776 3519 1849 3582 per-

300 3604 494 3692 ἠκοάσαμεν,
523 3606 600 3688 elne,
627 3605 679 3668 διά
707 3606 741 3668 τδ
767 3604 970 3690 πράσλημμα,
997 3608 1052 3670 καὶ
1098 3603 1251 3682 stringit,
1263 3603 1434 3666 communi
1446 3621 1600 3668 sermone
1612 3606 1731 3684 utitur,
1747 3610 1781 3668 et
1792 3621 1848 3669 nn

301 3711 450 3795 ἔγνωμεν,
467 3708 535 3775 ἀντὶ
546 3719 601 3775 τοῦ
613 3707 845 3795 ἐδεδαιώθημεν
856 3711 926 3794 περὶ
937 3710 1051 3792 αὐτῶν,
1098 3705 1250 3786 dinimna,
1281 3707 1403 3787 inquit,
1427 3725 1486 3789 per
1505 3713 1676 3788 acceptam
1695 3709 1847 3772 traditio-

245 3890 252 3898 ·
301 3817 357 3878 καὶ
383 3812 699 3899 ἐπληροτρορήθημεν,
723 3821 784 3878 τῶν
814 3812 958 3898 πατέρων
978 3812 1053 3898 ἡμῖν
1099 3827 1187 3892 nem,
1204 3815 1237 3874 et
1251 3811 1461 3894 copnonn'ntns,
1480 3829 1520 3875 ac
1540 3812 1570 3874 si
1593 3810 1699 3875 dicat:
1724 3813 1771 3875 De
1794 3811 1847 3874 hia

302 3916 554 4003 διηγησαμένων,
571 3915 718 4000 Μωσέως,
732 3919 821 4003 φημί,
835 3920 889 3981 καὶ
904 3919 965 3983 τῶν
977 3938 1052 4002 προ
1099 3916 1201 3979 τείνετο
1215 3914 1405 3979 confirmati
1417 3918 1452 3978 et
1461 3915 1621 3979 certiores
1636 3915 1716 3978 facti
1727 3932 1845 3979 sumus

305 4031 423 4106 ρητῦν.
439 4021 566 4087 Τούτων
580 4023 643 4107 γάρ
658 4021 723 4098 υίὸς
738 4022 756 4086 δ
779 4021 915 4106 Χριστὸς
930 4023 982 4086 διά
997 4027 1053 4107 τῆς
1103 4021 1145 4084 ab
1161 4015 1398 4084 enarrantibus
1410 4020 1506 4083 nobis
1518 4019 1680 4101 patribus,
1692 4038 1713 4083 a
1725 4021 1847 4102 Moyse,

306 4126 432 4213 μητρός.
1100 4125 1251 4206 inquam,
1271 4129 1305 4188 et
1318 4123 1501 4205 prophetis.
1518 4125 1645 4186 Horum
1663 4125 1787 4206 quippe
1811 4123 1848 4186 fi-

810 4241 813 4248 ’
1100 4231 1165 4292 lius
1181 4246 1241 4309 per
1258 4233 1400 4290 matrem
1416 4228 1569 4292 Christus
1585 4233 1667 4291 erat.

347 4333 443 4419 Τάχα
469 4335 504 4400 δέ
530 4336 585 4398 καὶ
611 4333 640 4399 οί
667 4333 805 4419 μαθηταὶ
831 4333 1052 4420 ἀποκρίνοντες
1143 4334 1297 4397 Fortasse
1313 4333 1414 4395 etiam
1431 4331 1589 4412 discipuli
1612 4335 1694 4395 sunt
1715 4333 1775 4414 qui
1797 4349 1847 4396 re

302 4437 357 4502 καί
378 4458 491 4522 φασιν·
513 4431 599 4502 Ὅσα
619 4438 802 4524 ἠκούσαμεν
827 4439 882 4503 καὶ
904 4439 1052 4525 ἔγνωμεν,
1099 4437 1264 4520 spondent
1277 4442 1311 4499 et
1326 4437 1459 4500 dicunt:
1480 4437 1606 4513 Qtnnto
1619 4435 1848 4503 nonintnnsn

303 4543 357 4606 καί
371 4543 413 4608 τά
428 4539 511 4627 ἑξῆς.
535 4537 583 4606 Οὐ
604 4541 730 4608 πάντων
752 4540 787 4606 δέ
803 4542 937 4608 ἐστιντὸ
959 4543 1053 4609 &noi
1099 4543 1361 4626 enuntiasset
1382 4547 1512 4606 caetera.
1533 4545 1577 4606 At
1600 4560 1667 4606 non
1690 4543 1843 4606 omnium

303 4665 347 4710 ειν
362 4647 417 4709 καὶ
431 4646 467 4710 τὸ
481 4644 655 4730 γινώσκειν,
671 4647 693 4732 ἡ
707 4643 872 4732 μόνοντῶν
888 4645 1052 4713 συνιέντων
1100 4653 1151 4712 est
1165 4646 1283 4710 audire
1306 4652 1340 4709 et
1354 4663 1568 4726 cognoscere,
1587 4647 1645 4711 sed
1669 4647 1847 4710 dumtaxat

303 4751 375 4828 τοὺς
389 4746 519 4834 λόγους·
542 4748 614 4814 ἀλλ’
624 4750 697 4815 οὐδὲ
720 4759 814 4815 πᾶσιν
834 4749 864 4814 οί
886 4750 976 4836 τρύσει
991 4771 1050 4815 πα·
1100 4770 1216 4818 eorum
1233 4753 1292 4834 qui
1303 4768 1474 4815 sermones
1490 4751 1700 4830 intelligunt.
1714 4750 1777 4815 Sed
1789 4767 1844 4814 rra

303 4853 391 4936 τέρες
401 4851 605 4938 διηγήσαντο,
614 4853 775 4935 ἀλλάτισι,
785 4857 839 4920 καὶ
850 4855 879 4920 οί
890 4855 1051 4922 κατ’ἐπισ-
1099 4875 1165 4940 que
1181 4857 1337 4920 omnibus
1361 4857 1516 4936 germani
1536 4863 1649 4937 patres
1672 4872 1847 4919 enarrave-

305 4955 409 5041 τημην
429 4959 485 5021 καὶ
507 4955 599 5022 θέσει.
623 4955 732 5044 Ἧμείς
754 4969 830 5044 γοῦν
849 4960 878 5024 οἱ
900 4960 934 5040 ἐξ
956 4960 1052 5027 ἐθνῶν
1100 4965 1192 5041 runt,
1208 4960 1492 5043 sedquibusdam,
1508 4978 1549 5024 ex
1565 4958 1799 5022 scientiafiliis
1815 4965 1847 5020 et

304 5069 348 5144 τῷ
373 5059 451 5144 θείῳ
473 5057 567 5145 Λάγῳ
588 5060 822 5146 προσελθόντες,
846 5065 906 5128 οὐκ
934 5065 1049 5150 έγομεν
1101 5083 1160 5148 per
1176 5064 1339 5127 habitum.
1357 5065 1422 5128 Nos
1439 5081 1522 5142 ergo
1539 5063 1597 5144 qui
1622 5081 1662 5124 ex
1685 5061 1847 5140 gentibus

305 5158 514 5241 διδασκάλους
529 5164 762 5248 ἐπιγράψασθαι
785 5175 845 5232 τῦν
861 5167 1055 5252 μαθημάτων
1099 5169 1253 5232 divinum
1276 5169 1317 5231 ad
1341 5167 1481 5263 verbum
1505 5167 1716 5243 accessimus,
1741 5165 1844 5228 ascri-

2009 3431 2013 3544 ί
