3966 6108
295 451 359 515 496
969 453 1179 520 ORIGENES

291 591 349 668 τὰς
363 588 595 678 Μαδιανίτιδας,
609 593 651 673 ώς
662 593 884 679 ἐτελέσθηοαν
896 601 940 679 τῷ
951 587 1054 659 Βεελέ
1094 612 1182 673 rum,
1206 593 1372 676 quomodo
1395 595 1552 660 fornicati
1581 598 1649 662 sint
1675 613 1754 661 curn
1778 598 1854 662 Ma-

290 694 407 780 ιρέγιορ.
423 694 564 763 Εἴδωλον
578 699 614 764 δέ
625 699 696 784 vivo
708 699 802 766 Βαάλ
818 697 905 783 τόπῳ
917 697 1046 784 Φεγώρ.
1093 699 1290 777 dianitibus‚
1304 699 1471 779 quomodo
1479 701 1606 764 initiati
1613 701 1741 765 fuerint
1749 701 1852 764 Beel-

295 795 454 885 Ἕλληνες
469 801 505 866 δὲ
520 803 574 867 τὸν
588 801 691 886 Βαάλ,
704 802 811 888 Βηλον
826 801 1047 888 ὀνομάζουσιν,
1092 801 1232 884 phegor.
1250 802 1380 866 Idolum
1398 809 1471 867 erat
1484 803 1607 885 Baulis,
1620 806 1656 869 in
1672 805 1744 869 loco
1756 804 1849 868 Phe·

291 903 437 989 ὅνφασιν
453 906 534 971 είναι
555 910 608 973 τὸν
622 907 756 993 Κρόνον.
772 905 918 992 Ἐφαγον
934 907 970 971 δὲ
985 905 1049 971 θο-
1093 921 1165 985 gor,
1182 907 1273 986 qnod
1288 907 1398 974 Graeci
1411 908 1566 972 scribunt
1576 911 1657 972 Baai
1673 915 1707 972 et
1721 910 1848 974 dicunt

292 1008 363 1086 σίας
379 1018 506 1094 νεκρῶν,
524 1009 576 1075 διά
590 1014 626 1076 τὸ
642 1021 748 1076 πᾶσαν
760 1013 819 1096 τὴν
831 1019 894 1074 τών
907 1008 1050 1076 εἰδώλων
1092 1025 1164 1072 esse
1184 1009 1333 1073 Croesus.
1349 1011 1574 1076 comederunt
1584 1017 1700 1077 autem
1711 1013 1844 1077 sacrifi·

292 1112 427 1198 πλάνην,
442 1116 514 1200 ἠτοι
536 1113 588 1180 διά
602 1135 693 1180 τινών
714 1123 866 1198 νεκρικών
881 1121 943 1179 τῶν
957 1114 1042 1178 κατά
1092 1113 1145 1174 cia
1159 1117 1383 1193 mortuorum,
1400 1115 1435 1178 in
1459 1131 1498 1178 eo
1517 1116 1611 1196 quod
1634 1118 1846 1181 invexerunt

290 1215 441 1302 γοητείαν
464 1219 564 1302 ἔργων
586 1217 853 1300 κατεσκεύασθαι,
875 1217 897 1302 ἢ
919 1225 1041 1302 νεκρῶν
1092 1219 1198 1278 totam
1221 1215 1389 1280 idolorum
1411 1218 1581 1284 fallaciam
1604 1237 1665 1301 per
1686 1221 1848 1302 quedam

291 1321 413 1406 ἀνδρῶν
434 1319 591 1407 περιέχειν
614 1321 750 1409 μνήμας.
773 1322 864 1388 Μετά
882 1324 923 1388 τά
939 1339 1048 1407 προει.
1092 1321 1273 1384 mortualia
1290 1325 1531 1387 necromantiae
1546 1341 1658 1407 opera,
1674 1326 1729 1388 vel
1749 1327 1844 1407 quod

299 1426 432 1512 ρημένα,
456 1425 590 1513 ἐύδομον
609 1438 702 1492 τουτο
718 1426 941 1513 Ιπαρώργησοιν
956 1425 1046 1512 ἐρ’ύ.
1091 1425 1247 1504 sepulcra
1271 1429 1483 1491 mortuorum
1506 1427 1689 1492 hominum
1713 1428 1845 1492 ambie-

290 1529 384 1609 δατος
399 1529 588 1616 ἀντιλογίας,
604 1532 675 1598 καθ’
683 1533 718 1596 δν
733 1533 843 1616 καιρὸν
854 1533 909 1595 καὶ
921 1533 938 1594 δ
950 1530 1046 1595 Mau·
1092 1527 1182 1590 bant.
1195 1529 1273 1592 Post
1283 1531 1458 1610 praemissa
1467 1531 1568 1612 dicta,
1581 1533 1616 1595 in
1631 1534 1774 1614 septimo
1789 1534 1843 1596 lo-

289 1643 349 1720 σης
367 1634 528 1719 ἐκακώθη,
545 1635 716 1721 ἐγκληθείς
736 1638 791 1701 καί
810 1636 902 1712 αὐτὸς
918 1636 978 1700 ὑπὸ
993 1643 1050 1698 τοῦ
1091 1647 1131 1694 co
1144 1632 1231 1694 iram
1245 1639 1502 1698 commoverunt
1512 1635 1555 1699 ad
1570 1653 1695 1717 squam
1707 1643 1844 1701 conua-

291 1738 375 1807 Θεοῦ
391 1739 442 1803 διά
466 1740 502 1804 τθ
518 1739 691 1824 ἀπιστῆσαι
720 1739 772 1804 ἐπὶ
786 1749 841 1804 τοῦ
857 1739 981 1822 ύδοιτος,
995 1737 1048 1803 ὅτε
1091 1737 1259 1817 dictionis,
1282 1757 1349 1820 quo
1365 1740 1563 1822 intempore
1578 1743 1682 1817 etiam
1705 1744 1840 1826 Moyses

287 1841 467 1929 ὰμφιθόλως
495 1847 551 1909 καὶ
580 1845 790 1923 &sesamam
816 1854 882 1923 τοῖς
906 1842 1047 1930 χείλεσιν
1092 1840 1180 1904 male
1195 1859 1231 1904 se
1246 1841 1375 1923 habuit,
1388 1845 1582 1925 increpatus
1597 1846 1841 1926 etipseaueo,

287 1947 384 2011 αὐτοῦ
408 1946 577 2012 διέστειλεν
593 1947 688 2015 είπών
705 1969 713 1986 ·
737 1946 916 2014 Ἀκούσατέ
932 1969 1001 2033 μου,
1018 1947 1047 2011 οἱ
1090 1946 1172 2025 quia
1187 1947 1381 2011 increduius
1395 1949 1486 2012 circa
1500 1967 1623 2030 aquam
1640 1949 1715 2030 fuit,
1732 1968 1842 2032 quan-

289 2048 426 2127 ἀπειθεῖς
442 2060 480 2135 tu
497 2049 622 2135 καρδίᾳ,
639 2053 682 2137 μη
704 2051 743 2116 ἐκ
763 2061 823 2137 τῆς
838 2049 956 2136 πέτρας
972 2051 1045 2116 ταύ·
1090 2049 1132 2112 do
1157 2050 1193 2113 in
1218 2051 1381 2129 ambiguo
1407 2055 1521 2116 animo
1544 2058 1579 2116 et
1604 2072 1683 2117 cum
1707 2055 1839 2136 duplici

287 2173 345 2237 της
361 2153 460 2233 ἐξάξω
476 2155 547 2239 ύμῖν
563 2155 668 2240 ύδοιρ;
688 2154 769 2220 Τθτε
783 2156 845 2240 γάρ
861 2155 970 2220 ἀκούει
981 2155 1044 2220 άπδ
1088 2159 1193 2234 tactu,
1209 2155 1308 2219 labiis
1323 2172 1458 2238 quoque
1474 2159 1545 2222 suis
1565 2159 1765 2240 haesitavit,
1788 2158 1843 2222 di-

285 2267 342 2322 τοῠ
359 2256 453 2324 Θεοῦ·
470 2256 601 2344 Ἐπειδὴ
622 2261 681 2323 ota
697 2258 855 2338 ἐδύξασάς
872 2281 910 2346 με
925 2259 976 2325 ἐπὶ
991 2270 1046 2326 τοῦ
1089 2279 1179 2325 cens,
1205 2262 1353 2326 «Audite
1369 2282 1433 2343 me,
1448 2279 1508 2328 vos
1531 2265 1699 2329 increduli
1721 2264 1839 2329 corde:

286 2359 377 2444 λαοῦ,
394 2361 445 2426 διά
459 2372 552 2426 τούτο
568 2364 627 2426 οὐκ
648 2363 835 2441 είσελεύσεις
850 2365 894 2442 είς
910 2366 968 2449 τὴν
982 2373 1045 2452 γην
1088 2367 1262 2447 Numquid
1282 2385 1323 2430 ex
1346 2373 1442 2450 petrs
1463 2369 1524 2432 illa
1546 2369 1722 2431 extraham
1738 2368 1837 2432 vobis

285 2463 326 2549 ἣν
341 2465 588 2551 ἐπηγγειλάμην
604 2475 668 2544 τοῖς
687 2466 843 2550 πατράσιν
858 2466 971 2533 actua
985 2465 1045 2531 oo
1088 2473 1265 2551 squama»
1290 2475 1385 2536 Tunc
1408 2474 1500 2536 anim
1523 2473 1638 2536 abore
1661 2473 1722 2536 Dei
1742 2472 1841 2536 audi-

287 2589 331 2633 τοι
345 2570 432 2634 κατά
446 2572 504 2655 την
520 2571 638 2656 ἔρημον
668 2569 913 2656 διηγησάμενος,
934 2573 994 2657 τὴν
1012 2571 1046 2636 ἐν
1087 2575 1153 2637 vit:
1187 2577 1304 2650 «Quia
1329 2594 1396 2640 non
1422 2575 1623 2656 glorificasti
1647 2594 1700 2640 mc
1723 2592 1840 2640 coram

283 2680 324 2758 τῇ
338 2681 381 2758 γῇ
404 2682 461 2760 της
484 2673 678 2760 ἐπαγγελίας
699 2673 924 2760 γεγενημένην
947 2675 1044 2741 αύτού
1087 2681 1223 2762 populu,
1246 2682 1371 2746 idcirco
1394 2701 1462 2745 non
1485 2682 1628 2746 intrabis
1652 2683 1688 2745 in
1711 2689 1841 2746 terram

283 2776 452 2865 διήλεγχεν
467 2779 685 2865 παρανομίαν.
1088 2801 1190 2864 quam
1201 2785 1341 2865 promisi
1353 2785 1505 2866 patribus
1518 2803 1666 2849 eorum.»
1684 2788 1736 2848 Ita
1747 2787 1841 2869 Moy·
1966 2865 1967 2868 γ

1087 2906 1141 2952 ses
1162 2891 1223 2970 qui
1239 2890 1304 2952 iter
1326 2889 1363 2952 in
1379 2889 1511 2954 deserto
1527 2889 1714 2971 descripsit,
1738 2908 1838 2954 suom

1086 2993 1196 3073 ipsius
1206 2992 1443 3058 infidelitatem
1451 2993 1491 3056 de
1502 2998 1593 3056 terra
1601 2994 1836 3075 promissionis

1087 3098 1249 3178 obortam,
1266 3101 1452 3163 accusavit.
1574 3110 1584 3125 ’

327 3212 359 3257 v.
383 3192 436 3257 41.
463 3190 529 3257 Καὶ
556 3193 743 3279 παρέδωκεν
770 3196 883 3274 αὐτούς
913 3197 956 3274 εἰς
984 3199 1041 3276 τάς
1130 3219 1162 3264 v.
1189 3203 1242 3266 41.
1266 3203 1312 3266 st
1336 3201 1475 3276 tradedit
1499 3219 1552 3267 οοε
1575 3202 1614 3266 ic
1635 3219 1750 3267 monos
1771 3202 1838 3267 ι’κύ

284 3304 394 3382 χεῖρας
410 3297 542 3383 ἐχθρῶν,
559 3301 614 3364 καί
631 3299 817 3384 ἐκυρίευσαν
832 3303 935 3368 αὐτῶν
951 3303 980 3367 οἱ
995 3324 1041 3388 μι-
1086 3307 1251 3386 κιίοοναπι,
1267 3310 1299 3370 ct
1311 3307 1470 3372 dominati
1483 3311 1561 3372 suot
1571 3324 1679 3372 eorum
1694 3308 1752 3390 qui
1768 3307 1838 3373 oda

287 3408 414 3477 σοῠντες
430 3401 554 3480 αύτούς.
1087 3414 1169 3475 νυοί
1182 3428 1243 3475 eos.
1423 3424 1426 3430 '

327 3503 475 3573 Ἐπειδὰν
506 3507 523 3571 δ
546 3505 663 3592 Κύριος
685 3510 817 3596 παραδῷ
839 3512 943 3592 τινάς,
967 3510 1038 3576 τύτε
1130 3516 1312 3596 Postquam
1328 3515 1419 3577 Deus
1432 3514 1566 3594 ¹aliquos
1582 3513 1732 3593 tradidit,
1750 3517 1835 3578 tuno
1966 3509 1967 3527 ¹

284 3609 314 3674 οἱ
339 3611 448 3698 ἐχθροί
474 3612 577 3680 αὐτῶν
599 3614 806 3697 κυριεύουσιν
832 3616 954 3680 αὐτῶν·
980 3616 1039 3695 ἐως
1085 3618 1228 3681 istorum
1246 3618 1377 3680 inimici
1392 3617 1612 3680 dominantur
1626 3617 1685 3680 eis.
1706 3618 1778 3692 Quo
1802 3633 1839 3679 e-
1966 3661 1967 3688 ,

282 3717 345 3800 γάρ
364 3716 382 3779 ὁ
404 3717 520 3802 Κύριος
544 3720 686 3803 ἄρχεται
708 3722 807 3801 τινών,
830 3720 868 3785 ού
889 3719 1038 3789 δύνανται
1084 3722 1156 3785 nim
1172 3737 1280 3802 usque
1302 3720 1383 3783 dum
1399 3722 1490 3785 Deus
1513 3721 1549 3785 in
1572 3723 1704 3803 aliquos
1728 3721 1834 3801 impe·
1966 3763 1967 3784 .

284 3829 346 3886 τών
370 3824 473 3887 αὐτῶν
496 3823 655 3908 κυριεύειν
678 3821 797 3909 ἕτεροι·
819 3833 919 3889 ταῦτα
940 3824 1037 3910 καῐη
1083 3830 1145 3906 rat,
1159 3826 1219 3889 hos
1236 3826 1831 3907 nemocaeterorumsuperarevalet.
1966 3835 1967 3876 ὲ

159 3955 161 3960 ·
283 3935 345 3994 τών
366 3926 491 4011 Κριτών
518 3929 642 4013 ἱστορία
669 3929 820 4012 διδάσκει,
849 3931 903 3994 καί
931 3930 1039 4017 μέντοι
1083 3929 1209 3993 Eadem
1232 3929 1329 3993 docet
1358 3928 1500 3992 historia
1522 3929 1705 4008 Judioum,
1729 3935 1833 4010 atque

286 4033 340 4095 καί
356 4028 377 4114 ἡ
392 4043 454 4098 τών
476 4031 652 4098 Βασιλειών
667 4033 855 4120 συγγραφή·
878 4037 957 4100 ποτέ
980 4039 1037 4122 μὲν
1083 4034 1241 4116 deinceps
1259 4034 1429 4116 scriptura
1451 4037 1599 4118 Regum5
1624 4052 1715 4099 nunc
1738 4035 1831 4098 enim

283 4135 399 4212 αυτούς
430 4134 622 4219 uastitas,
652 4139 730 4202 ποτέ
756 4139 791 4204 δέ
820 4138 1034 4226 Ἀμμονίταις,
1081 4139 1222 4202 tradidit
1237 4156 1292 4202 eos
1316 4139 1480 4219 Moabitis‚
1505 4157 1597 4204 nunc
1615 4143 1830 4223 Ammonius,

158 4329 163 4335 .
283 4236 400 4303 άλλοτε
427 4239 462 4304 δέ
485 4239 705 4327 Ἀμαλικίταις
740 4243 796 4306 καί
829 4241 1035 4323 Μαδιαναίοις
1081 4261 1170 4308 aunc
1184 4243 1380 4307 Amalecitis
1395 4247 1429 4306 et
1444 4245 1636 4308 Madianitis
1649 4247 1830 4328 extraneis,

281 4342 473 4429 ἀλλοφύλοις
488 4345 663 4431 παρέδωκε,
680 4357 719 4434 τῇ
735 4347 936 4436 παιδείᾳτην
952 4349 1033 4436 ώφέ-
1079 4347 1260 4428 providens
1289 4364 1350 4429 per
1372 4348 1634 4427 castigationem
1657 4365 1775 4413 eorum
1799 4368 1831 4415 e·
1966 4401 1967 4428 ,

283 4449 373 4514 λειαν
387 4451 697 4538 πραγματευόμενος,
1080 4453 1300 4516 molurnento

325 4574 357 4619 τ.
373 4557 426 4620 43.
442 4554 619 4634 Πλεονάκις
634 4556 788 4641 ἐρρύσατο
805 4560 928 4642 αύτούς,
941 4560 1030 4625 αὐτοὶ
1122 4576 1154 4622 τ.
1178 4560 1231 4622 43.
1255 4558 1356 4641 Saepo
1377 4555 1528 4624 locam
1549 4576 1611 4638 cos,
1632 4560 1701 4642 ipsi
1722 4564 1829 4625 aotam
1959 4583 1967 4644 ,γ

284 4657 321 4722 δέ
336 4658 572 4744 παρεπίκραναν
588 4662 683 4726 αύτδν
697 4663 731 4726 ἐν
746 4672 786 4747 τῇ
802 4661 901 4749 βουλῇ
917 4665 1030 4746 αύτών,
1077 4663 1346 4730 eones-tacerent
1358 4680 1430 4728 eum
1443 4664 1480 4728 io
1490 4663 1626 4729 omnus
1640 4681 1708 4744 soc,
1727 4665 1826 4730 etta-

279 4765 335 4828 καί
352 4764 609 4850 ἐταπεινώθησαν
624 4766 659 4832 ἐν
673 4777 742 4846 ταῖς
760 4766 903 4854 ἀνομίαις
918 4771 1030 4836 αύτών.
1076 4766 1201 4831 milesii
1215 4769 1294 4831 suot
1307 4765 1588 4849 resuscitatione
1601 4769 1683 4834 sco.

323 4867 454 4947 Τούτοις
462 4870 568 4956 δμοιάν
577 4869 661 4938 ἐστιν
670 4872 874 4958 τῲ·Ποσάκις
886 4872 1032 4960 ἠθέλησα
1121 4873 1221 4936 Hisce
1242 4871 1344 4935 affine
1368 4875 1419 4934 est
1441 4869 1545 4935 illud:
1571 4873 1743 4948 «Quoties
1768 4893 1825 4940 vo

311 5107 340 5146 v.
353 5091 397 5147 42.
410 5090 485 5146 ibid.
1075 5095 1177 5148 nostra
1188 5089 1235 5146 his
1244 5105 1310 5162 quc
1322 5089 1489 5161 vulgantur,
1502 5089 1546 5146 its
1555 5095 1586 5146 ot
1596 5090 1748 5162 sequentia
1758 5108 1825 5165 quc

311 5193 339 5235 v.
350 5177 394 5236 43.
406 5176 482 5233 Ibid.
496 5178 566 5235 Luc.
579 5195 644 5250 xur,
658 5181 700 5236 34.
713 5180 852 5236 Proxime
866 5178 1025 5238 succedunt
1075 5184 1171 5236 totum
1183 5176 1423 5234 commentarium
1436 5183 1505 5250 apta
1517 5176 1665 5234 claudunt.
