4008 6094
291 409 334 472 54
524 497 531 516 ⁸
959 415 1169 478 ORIGENES

292 546 425 635 χειλέων
441 549 554 616 αὐτῶν.
569 545 695 634 Καρδία
709 549 745 616 δὲ
761 557 866 635 σοφῶν
886 551 924 615 σὺ
940 550 1042 637 στόμα
1075 571 1210 617 sorum.
1226 558 1290 618 Cor
1304 560 1418 619 sutem
1430 557 1636 638 sapientium
1648 573 1715 620 non
1732 561 1782 620 est
1793 573 1830 620 os

176 713 180 724 ,
295 654 408 720 αὐτῶν.
424 653 515 719 Ἐπεί
536 651 638 720 τοίνυν
661 653 763 740 μωρός
785 655 851 722 ἐστι
873 656 929 721 καί
948 656 1039 732 οὖτος
1087 657 1235 720 illorum.
1262 659 1372 734 Quum
1397 661 1512 740 itaque
1535 662 1761 725 calumniator
1782 660 1829 724 iu·

296 755 452 840 διάόολος,
468 757 511 822 ὢν
531 758 595 823 είτε
608 756 705 844 Δοιὴκ
726 758 790 823 εἴτε
813 758 921 824 Σαοὺλ
943 759 1043 846 όιριαρ-
1087 764 1170 825 tuus
1186 766 1283 842 esset,
1300 763 1372 826 sive
1387 764 1432 826 sit
1446 764 1550 841 Doeg,
1566 764 1638 828 sive
1653 765 1735 828 Saul
1752 781 1830 845 pec-

297 861 408 948 τήσας,
422 858 701 948 διὰτοῦτόρησίν·
715 859 858 929 Ἀδικίαν
876 860 1041 949 ἐλογίσατο
1085 882 1177 943 cans,
1205 861 1330 929 idcir'co
1355 867 1417 929 sit:
1445 866 1651 947 Iteiustitt'em
1680 866 1832 950 οορίίαοίί

296 965 463 1054 ἡγλῶοσόι
478 989 546 1033 σου.
569 966 634 1032 Καί
653 965 799 1053 ἀλλαχοῦ
820 965 947 1052 λέγεται
969 969 1040 1052 περί
1085 967 1200 1051 lingua
1214 973 1280 1033 uu.
1293 971 1336 1033 Et
1351 970 1432 1033 slibi
1447 971 1572 1038 dicitur
1587 970 1627 1034 de
1643 972 1762 1052 iniqua
1780 973 1828 1035 lo-

296 1081 358 1138 τῶν
380 1072 476 1136 ἄδικα
498 1069 670 1157 λεγόντων·
694 1070 876 1156 Ἠκόνησαν
894 1070 1041 1158 γλῶσσαν
1085 1073 1285 1153 quentibus:
1304 1095 1321 1134 ιι
1333 1075 1553 1136 Exscuerunt
1567 1076 1724 1153 linguam
1743 1076 1830 1156 ipso-

300 1176 402 1241 αὐτῶν
418 1174 491 1240 ὡσεί
507 1176 617 1260 ὄφεως.
634 1172 725 1241 Ἀλλ’
740 1175 809 1240 ἐκεῖ
822 1177 889 1262 μὲν,
913 1177 965 1242 ίνα
982 1195 1042 1241 πα·
1085 1194 1162 1239 rum
1177 1177 1267 1239 sicut
1281 1175 1485 1257 serpentis.»
1502 1178 1542 1239 Iu
1554 1195 1593 1240 eo
1606 1176 1742 1258 quidem
1753 1178 1827 1240 loco

296 1277 440 1365 ραστήσῃ
457 1287 522 1356 πῶς
537 1277 623 1358 ὀξεῖα
637 1277 721 1345 ἐστιν
735 1276 757 1363 ί]
773 1277 915 1365 διαόολή.
1084 1279 1173 1344 fecte
1188 1284 1239 1345 est
1254 1281 1469 1360 comparatio,
1482 1282 1656 1344 exacuisse
1668 1282 1825 1359 linguam

1085 1383 1176 1447 sicut
1189 1387 1390 1465 serpentem.
1403 1386 1573 1447 Hactenus
1588 1384 1670 1464 haec,
1684 1389 1722 1447 ut
1735 1385 1830 1448 insti·

1086 1492 1205 1574 tuetur
1221 1503 1325 1567 quem
1340 1491 1440 1551 acute
1455 1489 1501 1551 sit
1514 1488 1695 1551 calumnis.
1800 1554 1802 1557 ,

342 1611 374 1657 v.
391 1594 421 1658 5.
438 1591 627 1679 Ἠγοίιτιγοας
646 1589 764 1659 κακίαν
783 1592 862 1679 ὑπὲρ
880 1591 1042 1680 desecat
1129 1591 1565 1658 cemmeticensium
1581 1607 1678 1673 stepen
1698 1589 1828 1676 equite

293 1714 362 1780 νην.
1085 1700 1158 1762 tem.

334 1797 382 1864 Οὐ
396 1809 490 1866 τοῦτο
504 1798 599 1885 λέγει,
615 1799 664 1865 ότι
678 1798 886 1887 ἀγαθωσύνην
902 1802 959 1888 μὲν
973 1801 1037 1886 ses·
1127 1804 1200 1865 Nun
1227 1800 1337 1864 dicere
1365 1804 1432 1864 est:
1456 1799 1557 1864 odisti
1579 1799 1775 1880 bonitatem,
1797 1804 1831 1864 et

289 1923 404 1988 σησας,
412 1900 528 1981 κακίαν
536 1902 571 1970 δὲ
579 1903 890 1989 ἠγάπησαςταύτας
898 1905 933 1969 δὲ
941 1907 1039 1984 οὕτως
1083 1903 1231 1970 ιίίίοαίείί
1245 1906 1421 1968 malitiam.
1438 1906 1564 1968 Verum
1579 1908 1759 1992 utramque
1778 1906 1826 1969 its

290 2007 472 2094 ἠγάπησας,
504 2005 546 2084 ὡς
576 2007 693 2074 κακίαν
720 2007 840 2094 μᾶλλον
866 2010 1039 2096 ἠγάπησας
1083 2008 1242 2089 dilexisti,
1270 2014 1310 2072 ut
1330 2010 1496 2074 maiitiam
1519 2010 1630 2088 magis
1657 2009 1824 2073 amaveris

290 2111 515 2196 ἀγαθωσύνης·
529 2109 670 2178 τοιοῦτόν
690 2111 759 2176 ἐστι
780 2114 836 2176 καί
857 2113 895 2176 τὸ
918 2113 952 2178 ἐν
972 2120 1037 2190 τοίς
1085 2131 1189 2195 quem
1203 2113 1400 2192 bonitatem3
1417 2113 1451 2176 id
1467 2115 1580 2195 ipsum
1595 2116 1656 2194 est,
1672 2111 1761 2195 quod
1774 2131 1829 2176 ex-

293 2212 486 2300 εὐαγγελίοις
501 2213 653 2300 κείμενον,
668 2213 705 2280 τό
716 2235 724 2252 ·
735 2213 926 2301 Ἠγόιιτιγσαν
940 2216 969 2283 οἱ
984 2217 1036 2283 ἄν·
1082 2218 1200 2282 stetin
1222 2218 1435 2295 evangeliis:
1461 2219 1700 2280 «Amsverunt
1721 2218 1827 2282 homi-

290 2317 407 2404 θρωττοι
420 2321 456 2383 τὸ
472 2317 585 2398 σκότος
601 2319 721 2406 μᾶλλον
735 2320 758 2405 ἢ
772 2322 809 2385 τὸ
824 2328 901 2405 φῶς.
1062 2337 1064 2342 ·
1081 2340 1142 2386 nes
1156 2321 1268 2400 magis
1282 2321 1438 2385 tenebras
1454 2338 1556 2403 quum
1572 2322 1693 2384 lucem.
1708 2342 1725 2380 r>

338 2530 412 2592 Hm.
426 2546 457 2590 v.
474 2523 710 2609 5.'Doli·hujus
721 2531 850 2594 crimen
858 2547 900 2593 ex
911 2547 1043 2612 comps·
1086 2545 1260 2610 propense
1275 2529 1372 2592 malit
1374 2529 1415 2590 iae
1430 2527 1528 2591 effect
1514 2532 1588 2592 tum
1603 2528 1767 2592 Dominus
1790 2530 1826 2593 in

240 2667 243 2690 .
293 2617 422 2681 ratione
438 2615 477 2680 fit
499 2618 651 2697 gravius,
675 2635 753 2681 curn
774 2621 881 2682 malit
857 2624 906 2682 trs
928 2620 1042 2698 diligi·
1087 2619 1275 2696 evangeliis
1290 2616 1490 2681 condemnet
1512 2616 1643 2681 dicens:
1669 2618 1825 2682 «Dilexe-

295 2705 520 2784 tur,h0n1tste
530 2708 697 2787 neglecte
706 2725 784 2770 cum
796 2709 959 2788 mrqurtss
968 2723 1041 2786 sgr
1085 2706 1335 2770 runthomines
1348 2705 1505 2770 tenebras
1519 2705 1631 2783 magis
1650 2722 1752 2786 quem
1776 2708 1825 2769 lu-

291 2799 349 2858 tur
350 2794 885 2876 ,pretermissosermonejustit
876 2815 926 2860 ιω.
940 2799 1040 2860 Hunc
1086 2812 1175 2858 men.
1190 2817 1207 2856 »

324 2969 566 3042 vmqsztiild

916 3184 1086 3262 Petimus
1111 3181 1209 3260 LII.

337 3508 368 3553 v.
392 3491 423 3555 5.
447 3486 486 3555 Οί
508 3487 662 3569 ἐσθίοντες
684 3489 738 3556 τόν
752 3489 830 3558 λαόν
853 3511 913 3577 ροο
929 3487 1043 3577 βρώσει
1131 3509 1162 3554 ν.
1179 3493 1209 3554 5.
1237 3491 1300 3568 Qui
1320 3490 1473 3557 ιίενοαοαό
1487 3489 1612 3573 piebem
1626 3508 1727 3558 meum
1748 3492 1833 3560 sieut

293 3591 400 3675 ἄρτου.
426 3597 492 3662 Vct.
509 3598 583 3676 655,
599 3597 631 3660 2.
1086 3611 1190 3660 eseam
1205 3597 1317 3676 punis.

339 3693 395 3761 Ἐν
409 3703 454 3782 τῷ
476 3695 611 3784 ἐγγίζειν
633 3696 683 3765 ἐπ’
698 3699 768 3785 ἐμοί
789 3708 963 3776 κακοῦντες
982 3697 1042 3776 τός
1131 3699 1271 3775 Quando
1296 3717 1350 3763 me
1373 3701 1646 3783 appropinquant
1668 3701 1728 3781 qui
1750 3699 1832 3763 sffli·
1862 3707 1867 3718 '

295 3798 417 3884 σάρκας
433 3822 502 3886 μου.
1083 3808 1174 3883 gunt
1188 3822 1307 3868 carnes
1323 3823 1427 3869 mess.

335 3923 368 3968 ν.
385 3907 414 3969 6.
430 3900 502 3970 Ὅτι
516 3905 534 3971 ὁ
550 3905 630 3985 Θεὸς
652 3905 867 3992 διεσκόρπισεν
881 3909 961 3974 όστᾶ
984 3908 1036 3974 ἀν-
1127 3924 1159 3970 ν.
1176 3911 1206 3971 6.
1226 3907 1381 3984 &mtrem
1395 3911 1483 3974 Deus
1496 3906 1671 3990 ιίίεειὶνααίί
1692 3921 1765 3972 ossa
1779 3923 1827 3972 eo·

294 4003 535 4092 θριοπαρέσκιον,
558 4011 835 4099 κατιροχύνθησαν,
856 4013 903 4078 ότι
924 4014 941 4079 ὁ
960 4012 1040 4092 Θεὸς
1082 4028 1157 4076 rum
1174 4013 1233 4094 qui
1252 4011 1432 4078 hominibus
1440 4011 1584 4094 plectet,
1598 4010 1730 4092 confusi
1740 4015 1827 4090 εανιί,

276 4131 279 4136 ·
295 4109 500 4190 ἐξουδένιοοεν
516 4115 639 4193 αὐτούς.
1085 4117 1236 4196 queniam
1251 4118 1340 4182 Deus
1353 4116 1478 4197 sprevit
1491 4116 1578 4180 illos.

337 4214 546 4304 Διχοτορήσει
561 4220 598 4282 τό
614 4218 706 4305 μέρος
722 4229 785 4286 τῶν
800 4219 984 4306 ὑποκριτῶν,
1006 4221 1041 4288 ἐν
1131 4221 1268 4284 Dividet
1281 4225 1412 4301 partem
1429 4218 1693 4302 hypocritarum,
1716 4218 1752 4281 in
1775 4217 1829 4280 die

292 4328 332 4404 τῇ
347 4318 453 4407 ἡμέρα
475 4331 531 4409 τῆς
553 4320 701 4407 κρίσεως·
725 4325 802 4392 ὅταν
816 4324 879 4390 ἀπὸ
898 4324 982 4393 Θεοῦ
997 4327 1039 4411 is·
1078 4321 1210 4404 judicii,
1227 4323 1361 4404 quaudo
1376 4322 1579 4402 dejicientur
1593 4340 1614 4385 s
1629 4325 1697 4385 Deo
1713 4339 1828 4402 peeca-

292 4424 391 4510 ψῶσιν
406 4425 436 4490 σί
454 4425 644 4512 ἁμαρτωλοί,
661 4427 732 4493 τότε
752 4426 963 4514 λαμὸόινοοσιν
978 4431 1037 4516 τὴν
1082 4431 1189 4506 tores;
1207 4433 1368 4491 sternam
1384 4427 1464 4490 hinc
1479 4432 1653 4490 assument
1667 4444 1830 4491 verecun-

292 4528 446 4615 αἰσχύνην
468 4532 527 4617 τὴν
549 4528 684 4614 αἰωνίαν,
708 4528 813 4618 ὥσπερ
836 4534 865 4597 οί
881 4533 1036 4602 Ἰουδαῖοι
1082 4531 1183 4611 diam,
1199 4533 1289 4595 sicut
1309 4532 1432 4595 Judsei.
1448 4531 1545 4594 Dicet
1559 4531 1650 4594 enirn
1667 4531 1709 4594 sd
1731 4533 1825 4597 illos:

295 4631 376 4699 Τότε
391 4634 458 4720 ἐρεῖ
469 4637 531 4721 γὰρ
545 4637 669 4713 αὐτοῖς·
684 4634 753 4702 Οὐκ
768 4638 838 4704 οίδα
853 4638 943 4724 ὑμᾶς.
1035 4689 1038 4695 .
1088 4637 1237 4700 «Nescio
1252 4653 1353 4700 vos.»
1400 4716 1401 4720 Ἰ

330 4829 380 4884 Ps.
394 4845 446 4898 nu,
456 4847 483 4886 ν.
497 4831 522 4884 5.
536 4830 603 4887 Vct.
616 4831 640 4887 5.
654 4830 722 4888 Vst.
730 4831 887 4900 Βίσθοντες
898 4831 1042 4904 είασιῃλεε
1084 4845 1167 4897 τεςτ
1178 4831 1206 4882 λ·
1218 4846 1245 4898 μ·
1258 4829 1400 4896 ‘viem

296 4919 398 4987 aperta
415 4915 581 4989 sphelmnts
596 4918 788 4990 negligimus,
806 4919 1041 4976 είίακκαεεοθίον-
1120 4933 1148 4974 ν.
1161 4917 1188 4970 6.
1200 4915 1268 4971 Vst.
1281 4915 1307 4970 6.
1319 4913 1365 4970 cf.
1376 4912 1481 4971 nauh.
1495 4928 1583 4986 xxiv,
1595 4914 1646 4983 51;
1660 4927 1733 4982 xxv,
1746 4911 1788 4967 18.
