<?xml version="1.0" encoding="UTF-8"?>
<!DOCTYPE html PUBLIC "-//W3C//DTD XHTML 1.0 Transitional//EN"
    "http://www.w3.org/TR/xhtml1/DTD/xhtml1-transitional.dtd">
<html xmlns="http://www.w3.org/1999/xhtml" xml:lang="en" lang="en">
 <head>
  <title>
</title>
<meta http-equiv="Content-Type" content="text/html;charset=utf-8" />
  <meta name='ocr-system' content='tesseract 3.04.00' />
  <meta name='ocr-capabilities' content='ocr_page ocr_carea ocr_par ocr_line ocrx_word'/>
</head>
<body>
  <div class='ocr_page' id='page_1' title='image "./analectasacrasp00pitrgoog_0307.png"; bbox 0 0 4006 6090; ppageno 0'>
   <div class='ocr_carea' id='block_1_1' title="bbox 302 417 1184 485">
    <p class='ocr_par' dir='ltr' id='par_1_1' title="bbox 302 417 1184 485">
     <span class='ocr_line' id='line_1_1' title="bbox 302 417 1184 485; baseline -0.002 0"><span class='ocrx_word' id='word_1_1' title='bbox 302 424 364 485; x_wconf 81' lang='lat'><strong>296</strong></span> <span class='ocrx_word' id='word_1_2' title='bbox 975 417 1184 482; x_wconf 71' lang='lat' dir='ltr'><strong>oriundas</strong></span> 
     </span>
    </p>
   </div>
   <div class='ocr_carea' id='block_1_2' title="bbox 246 553 1840 4492">
    <p class='ocr_par' dir='ltr' id='par_1_2' title="bbox 301 553 1836 649">
     <span class='ocr_line' id='line_1_2' title="bbox 301 553 1836 649; baseline 0.002 -22"><span class='ocrx_word' id='word_1_3' title='bbox 301 561 402 627; x_wconf 82' lang='grc' dir='ltr'><strong>Τοῦτο</strong></span> <span class='ocrx_word' id='word_1_4' title='bbox 417 563 479 646; x_wconf 79' lang='grc' dir='ltr'><strong>γαρ</strong></span> <span class='ocrx_word' id='word_1_5' title='bbox 503 556 660 644; x_wconf 81' lang='grc' dir='ltr'><strong>περιμένει</strong></span> <span class='ocrx_word' id='word_1_6' title='bbox 674 554 710 622; x_wconf 92' lang='grc' dir='ltr'><strong>τό</strong></span> <span class='ocrx_word' id='word_1_7' title='bbox 729 555 819 632; x_wconf 92' lang='grc' dir='ltr'><strong>τέλος</strong></span> <span class='ocrx_word' id='word_1_8' title='bbox 841 556 913 632; x_wconf 85' lang='grc' dir='ltr'><strong>τοὺς</strong></span> <span class='ocrx_word' id='word_1_9' title='bbox 926 554 980 620; x_wconf 90' lang='grc' dir='ltr'><strong>τόν</strong></span> <span class='ocrx_word' id='word_1_10' title='bbox 995 553 1045 620; x_wconf 88' lang='grc' dir='ltr'><strong>νό-</strong></span> <span class='ocrx_word' id='word_1_11' title='bbox 1088 559 1275 626; x_wconf 69' lang='lat' dir='ltr'><strong>testimonia</strong></span> <span class='ocrx_word' id='word_1_12' title='bbox 1297 567 1364 642; x_wconf 80' lang='lat' dir='ltr'><strong>aa,</strong></span> <span class='ocrx_word' id='word_1_13' title='bbox 1387 581 1463 644; x_wconf 81' lang='lat' dir='ltr'><strong>quae</strong></span> <span class='ocrx_word' id='word_1_14' title='bbox 1479 563 1564 628; x_wconf 93' lang='lat' dir='ltr'><strong>mihi</strong></span> <span class='ocrx_word' id='word_1_15' title='bbox 1587 583 1664 630; x_wconf 92' lang='lat' dir='ltr'><strong>cum</strong></span> <span class='ocrx_word' id='word_1_16' title='bbox 1681 566 1836 649; x_wconf 78' lang='lat' dir='ltr'><strong>martyri·</strong></span> 
     </span>
    </p>

    <p class='ocr_par' dir='ltr' id='par_1_3' title="bbox 300 656 1837 750">
     <span class='ocr_line' id='line_1_3' title="bbox 300 656 1837 750; baseline 0.002 -20"><span class='ocrx_word' id='word_1_17' title='bbox 300 685 358 750; x_wconf 90' lang='grc' dir='ltr'><strong>μον</strong></span> <span class='ocrx_word' id='word_1_18' title='bbox 373 675 429 730; x_wconf 82' lang='grc' dir='ltr'><strong>τοῦ</strong></span> <span class='ocrx_word' id='word_1_19' title='bbox 444 664 527 733; x_wconf 84' lang='grc' dir='ltr'><strong>Θεοῦ</strong></span> <span class='ocrx_word' id='word_1_20' title='bbox 550 662 746 742; x_wconf 80' lang='grc' dir='ltr'><strong>όιθετσῠντας,</strong></span> <span class='ocrx_word' id='word_1_21' title='bbox 763 662 799 724; x_wconf 87' lang='grc' dir='ltr'><strong>τό</strong></span> <span class='ocrx_word' id='word_1_22' title='bbox 816 656 1044 744; x_wconf 81' lang='grc' dir='ltr'><strong>βουλεύσασθαι</strong></span> <span class='ocrx_word' id='word_1_23' title='bbox 1091 659 1155 724; x_wconf 89' lang='lat' dir='ltr'><strong>bus</strong></span> <span class='ocrx_word' id='word_1_24' title='bbox 1167 663 1291 727; x_wconf 89' lang='lat' dir='ltr'><strong>tradita</strong></span> <span class='ocrx_word' id='word_1_25' title='bbox 1301 665 1405 730; x_wconf 84' lang='lat' dir='ltr'><strong>suere.</strong></span> <span class='ocrx_word' id='word_1_26' title='bbox 1415 701 1454 713; x_wconf 89' lang='lat'><strong>-·</strong></span> <span class='ocrx_word' id='word_1_27' title='bbox 1466 669 1618 748; x_wconf 90' lang='lat' dir='ltr'><strong>Namque</strong></span> <span class='ocrx_word' id='word_1_28' title='bbox 1631 667 1733 748; x_wconf 88' lang='lat' dir='ltr'><strong>hujus</strong></span> <span class='ocrx_word' id='word_1_29' title='bbox 1745 670 1837 733; x_wconf 91' lang='lat' dir='ltr'><strong>modi</strong></span> 
     </span>
    </p>

    <p class='ocr_par' dir='ltr' id='par_1_4' title="bbox 300 761 1836 860">
     <span class='ocr_line' id='line_1_4' title="bbox 300 761 1836 860; baseline 0.002 -27"><span class='ocrx_word' id='word_1_30' title='bbox 300 779 440 854; x_wconf 76' lang='grc' dir='ltr'>πατῆσαι</span> <span class='ocrx_word' id='word_1_31' title='bbox 454 770 508 833; x_wconf 88' lang='grc' dir='ltr'><strong>τόν</strong></span> <span class='ocrx_word' id='word_1_32' title='bbox 523 767 606 860; x_wconf 80' lang='grc' dir='ltr'><strong>Θεοῦ</strong></span> <span class='ocrx_word' id='word_1_33' title='bbox 620 763 725 849; x_wconf 89' lang='grc' dir='ltr'><strong>νόμον.</strong></span> <span class='ocrx_word' id='word_1_34' title='bbox 739 799 779 811; x_wconf 90' lang='grc'>-</span> <span class='ocrx_word' id='word_1_35' title='bbox 792 761 882 828; x_wconf 82' lang='grc' dir='ltr'><strong>Ἐπεί</strong></span> <span class='ocrx_word' id='word_1_36' title='bbox 898 763 951 828; x_wconf 80' lang='grc' dir='ltr'><strong>οὖν</strong></span> <span class='ocrx_word' id='word_1_37' title='bbox 973 762 1043 826; x_wconf 83' lang='grc' dir='ltr'><strong>τού·</strong></span> <span class='ocrx_word' id='word_1_38' title='bbox 1090 763 1169 830; x_wconf 85' lang='lat' dir='ltr'><strong>finis</strong></span> <span class='ocrx_word' id='word_1_39' title='bbox 1184 783 1240 830; x_wconf 88' lang='lat' dir='ltr'><strong>eos</strong></span> <span class='ocrx_word' id='word_1_40' title='bbox 1257 773 1438 850; x_wconf 77' lang='lat' dir='ltr'>exspectat,</span> <span class='ocrx_word' id='word_1_41' title='bbox 1461 772 1521 851; x_wconf 90' lang='lat' dir='ltr'><strong>qui</strong></span> <span class='ocrx_word' id='word_1_42' title='bbox 1540 771 1652 849; x_wconf 88' lang='lat' dir='ltr'><strong>legem</strong></span> <span class='ocrx_word' id='word_1_43' title='bbox 1668 772 1730 835; x_wconf 88' lang='lat' dir='ltr'><strong>Dei</strong></span> <span class='ocrx_word' id='word_1_44' title='bbox 1745 789 1836 853; x_wconf 87' lang='lat' dir='ltr'><strong>spre-</strong></span> 
     </span>
    </p>

    <p class='ocr_par' dir='ltr' id='par_1_5' title="bbox 297 865 1836 957">
     <span class='ocr_line' id='line_1_5' title="bbox 297 865 1836 957; baseline 0.001 -20"><span class='ocrx_word' id='word_1_45' title='bbox 297 892 370 949; x_wconf 91' lang='grc' dir='ltr'><strong>τσυς</strong></span> <span class='ocrx_word' id='word_1_46' title='bbox 384 870 634 957; x_wconf 85' lang='grc' dir='ltr'><strong>παραόαίνσντας</strong></span> <span class='ocrx_word' id='word_1_47' title='bbox 649 866 852 952; x_wconf 81' lang='grc' dir='ltr'>ἐλογισάμην,</span> <span class='ocrx_word' id='word_1_48' title='bbox 868 865 925 948; x_wconf 88' lang='grc' dir='ltr'><strong>διὸ,</strong></span> <span class='ocrx_word' id='word_1_49' title='bbox 938 867 1043 950; x_wconf 82' lang='grc' dir='ltr'><strong>φησίν,</strong></span> <span class='ocrx_word' id='word_1_50' title='bbox 1089 876 1223 949; x_wconf 87' lang='lat' dir='ltr'><strong>verunt,</strong></span> <span class='ocrx_word' id='word_1_51' title='bbox 1239 877 1278 935; x_wconf 91' lang='lat' dir='ltr'><strong>ut</strong></span> <span class='ocrx_word' id='word_1_52' title='bbox 1299 874 1444 936; x_wconf 88' lang='lat' dir='ltr'><strong>consilia</strong></span> <span class='ocrx_word' id='word_1_53' title='bbox 1457 874 1623 937; x_wconf 79' lang='lat' dir='ltr'><strong>misceant</strong></span> <span class='ocrx_word' id='word_1_54' title='bbox 1644 875 1680 938; x_wconf 92' lang='lat' dir='ltr'><strong>in</strong></span> <span class='ocrx_word' id='word_1_55' title='bbox 1702 877 1836 940; x_wconf 89' lang='lat' dir='ltr'><strong>conoul·</strong></span> 
     </span>
    </p>

    <p class='ocr_par' dir='ltr' id='par_1_6' title="bbox 300 968 1837 1062">
     <span class='ocr_line' id='line_1_6' title="bbox 300 968 1837 1062; baseline 0.001 -22"><span class='ocrx_word' id='word_1_56' title='bbox 300 976 455 1062; x_wconf 77' lang='grc' dir='ltr'><strong>ἠγάπησα</strong></span> <span class='ocrx_word' id='word_1_57' title='bbox 469 975 510 1040; x_wconf 89' lang='grc' dir='ltr'><strong>τόι</strong></span> <span class='ocrx_word' id='word_1_58' title='bbox 526 970 679 1059; x_wconf 80' lang='grc' dir='ltr'><strong>μαρτύριά</strong></span> <span class='ocrx_word' id='word_1_59' title='bbox 694 991 761 1052; x_wconf 89' lang='grc' dir='ltr'><strong>σου,</strong></span> <span class='ocrx_word' id='word_1_60' title='bbox 776 972 817 1034; x_wconf 79' lang='grc' dir='ltr'><strong>τὰ</strong></span> <span class='ocrx_word' id='word_1_61' title='bbox 833 970 913 1055; x_wconf 84' lang='grc' dir='ltr'><strong>μετὰ</strong></span> <span class='ocrx_word' id='word_1_62' title='bbox 929 968 1046 1054; x_wconf 80' lang='grc' dir='ltr'><strong>μαρτύ-</strong></span> <span class='ocrx_word' id='word_1_63' title='bbox 1091 972 1198 1035; x_wconf 90' lang='lat' dir='ltr'><strong>canda</strong></span> <span class='ocrx_word' id='word_1_64' title='bbox 1213 974 1274 1037; x_wconf 87' lang='lat' dir='ltr'><strong>Dei</strong></span> <span class='ocrx_word' id='word_1_65' title='bbox 1290 976 1377 1053; x_wconf 88' lang='lat' dir='ltr'><strong>lege.</strong></span> <span class='ocrx_word' id='word_1_66' title='bbox 1403 1009 1440 1020; x_wconf 85' lang='lat'><em>-</em></span> <span class='ocrx_word' id='word_1_67' title='bbox 1464 977 1628 1052; x_wconf 81' lang='lat' dir='ltr'><strong>Quoniam</strong></span> <span class='ocrx_word' id='word_1_68' title='bbox 1651 977 1761 1055; x_wconf 88' lang='lat' dir='ltr'><strong>igitur</strong></span> <span class='ocrx_word' id='word_1_69' title='bbox 1780 994 1837 1042; x_wconf 89' lang='lat' dir='ltr'><strong>eos</strong></span> 
     </span>
    </p>

    <p class='ocr_par' dir='ltr' id='par_1_7' title="bbox 301 1074 1838 1352">
     <span class='ocr_line' id='line_1_7' title="bbox 301 1074 1836 1165; baseline 0.001 -21"><span class='ocrx_word' id='word_1_70' title='bbox 301 1101 363 1164; x_wconf 89' lang='grc' dir='ltr'><strong>ρων</strong></span> <span class='ocrx_word' id='word_1_71' title='bbox 379 1100 430 1165; x_wconf 90' lang='grc' dir='ltr'><strong>μοι</strong></span> <span class='ocrx_word' id='word_1_72' title='bbox 445 1074 695 1163; x_wconf 74' lang='grc' dir='ltr'>παραδεδομένα.</span> <span class='ocrx_word' id='word_1_73' title='bbox 1090 1078 1246 1158; x_wconf 91' lang='lat' dir='ltr'><strong>reputavi</strong></span> <span class='ocrx_word' id='word_1_74' title='bbox 1257 1080 1517 1160; x_wconf 78' lang='grc' dir='ltr'><strong>ρνωοανίοααίοο,</strong></span> <span class='ocrx_word' id='word_1_75' title='bbox 1536 1080 1621 1160; x_wconf 88' lang='lat' dir='ltr'><strong>ideo,</strong></span> <span class='ocrx_word' id='word_1_76' title='bbox 1644 1082 1766 1162; x_wconf 86' lang='lat' dir='ltr'><strong>inquit,</strong></span> <span class='ocrx_word' id='word_1_77' title='bbox 1787 1081 1836 1146; x_wconf 75' lang='lat' dir='ltr'><strong>di·</strong></span> 
     </span>
     <span class='ocr_line' id='line_1_8' title="bbox 1090 1180 1838 1270; baseline 0.011 -26"><span class='ocrx_word' id='word_1_78' title='bbox 1090 1180 1156 1245; x_wconf 76' lang='lat' dir='ltr'><strong>lcai</strong></span> <span class='ocrx_word' id='word_1_79' title='bbox 1178 1183 1362 1248; x_wconf 78' lang='lat' dir='ltr'><strong>testimonia</strong></span> <span class='ocrx_word' id='word_1_80' title='bbox 1384 1187 1451 1263; x_wconf 76' lang='lat' dir='ltr'><strong>trra,</strong></span> <span class='ocrx_word' id='word_1_81' title='bbox 1477 1184 1562 1248; x_wconf 91' lang='lat' dir='ltr'><strong>mihi</strong></span> <span class='ocrx_word' id='word_1_82' title='bbox 1584 1203 1662 1250; x_wconf 90' lang='lat' dir='ltr'><strong>cum</strong></span> <span class='ocrx_word' id='word_1_83' title='bbox 1682 1188 1838 1270; x_wconf 82' lang='lat' dir='ltr'><strong>martyri·</strong></span> 
     </span>
     <span class='ocr_line' id='line_1_9' title="bbox 1089 1283 1377 1352; baseline 0.007 -4"><span class='ocrx_word' id='word_1_84' title='bbox 1089 1283 1154 1349; x_wconf 91' lang='lat' dir='ltr'><strong>bus</strong></span> <span class='ocrx_word' id='word_1_85' title='bbox 1169 1288 1377 1352; x_wconf 86' lang='lat' dir='ltr'><strong>transmissa.</strong></span> 
     </span>
    </p>

    <p class='ocr_par' dir='ltr' id='par_1_8' title="bbox 299 1386 1837 1688">
     <span class='ocr_line' id='line_1_10' title="bbox 343 1386 1837 1478; baseline 0.002 -21"><span class='ocrx_word' id='word_1_86' title='bbox 343 1392 407 1458; x_wconf 79' lang='grc' dir='ltr'><strong>Καὶ</strong></span> <span class='ocrx_word' id='word_1_87' title='bbox 423 1391 491 1478; x_wconf 88' lang='grc' dir='ltr'><strong>μετ’</strong></span> <span class='ocrx_word' id='word_1_88' title='bbox 501 1389 612 1477; x_wconf 89' lang='grc' dir='ltr'><strong>όλίγα·</strong></span> <span class='ocrx_word' id='word_1_89' title='bbox 627 1387 664 1454; x_wconf 90' lang='grc' dir='ltr'>Ὁ</span> <span class='ocrx_word' id='word_1_90' title='bbox 679 1386 822 1466; x_wconf 80' lang='grc' dir='ltr'>Ἀκύλας</span> <span class='ocrx_word' id='word_1_91' title='bbox 833 1386 901 1451; x_wconf 83' lang='grc' dir='ltr'><strong>ἀντί</strong></span> <span class='ocrx_word' id='word_1_92' title='bbox 914 1393 970 1450; x_wconf 84' lang='grc' dir='ltr'><strong>τοῦ</strong></span> <span class='ocrx_word' id='word_1_93' title='bbox 985 1405 1045 1449; x_wconf 88' lang='grc' dir='ltr'><strong>πα-</strong></span> <span class='ocrx_word' id='word_1_94' title='bbox 1131 1386 1177 1453; x_wconf 76' lang='lat' dir='ltr'><strong>nt</strong></span> <span class='ocrx_word' id='word_1_95' title='bbox 1191 1393 1268 1470; x_wconf 76' lang='lat' dir='ltr'><strong>port</strong></span> <span class='ocrx_word' id='word_1_96' title='bbox 1281 1407 1409 1471; x_wconf 74' lang='grc' dir='ltr'><strong>ρσκοατ</strong></span> <span class='ocrx_word' id='word_1_97' title='bbox 1431 1394 1495 1456; x_wconf 89' lang='lat' dir='ltr'><strong>Pro</strong></span> <span class='ocrx_word' id='word_1_98' title='bbox 1514 1395 1767 1474; x_wconf 68' lang='lat' dir='ltr'><strong>prevaricantes</strong></span> <span class='ocrx_word' id='word_1_99' title='bbox 1785 1411 1837 1460; x_wconf 79' lang='lat' dir='ltr'><strong>re·</strong></span> 
     </span>
     <span class='ocr_line' id='line_1_11' title="bbox 299 1485 1837 1583; baseline 0.002 -21"><span class='ocrx_word' id='word_1_100' title='bbox 299 1495 504 1583; x_wconf 83' lang='grc' dir='ltr'><strong>ραόαίνοντας</strong></span> <span class='ocrx_word' id='word_1_101' title='bbox 518 1493 721 1580; x_wconf 80' lang='grc' dir='ltr'><strong>ἐλογισάμην,</strong></span> <span class='ocrx_word' id='word_1_102' title='bbox 734 1491 897 1578; x_wconf 80' lang='grc' dir='ltr'>στέμφυλα</span> <span class='ocrx_word' id='word_1_103' title='bbox 914 1485 1044 1575; x_wconf 80' lang='grc' dir='ltr'><strong>διτλογί·</strong></span> <span class='ocrx_word' id='word_1_104' title='bbox 1083 1493 1209 1573; x_wconf 79' lang='lat' dir='ltr'><strong>putari.</strong></span> <span class='ocrx_word' id='word_1_105' title='bbox 1225 1496 1348 1575; x_wconf 83' lang='lat' dir='ltr'><strong>aquila</strong></span> <span class='ocrx_word' id='word_1_106' title='bbox 1363 1496 1481 1561; x_wconf 89' lang='lat' dir='ltr'><strong>edidit:</strong></span> <span class='ocrx_word' id='word_1_107' title='bbox 1514 1498 1650 1564; x_wconf 70' lang='lat' dir='ltr'><strong>Vinacea</strong></span> <span class='ocrx_word' id='word_1_108' title='bbox 1667 1501 1837 1582; x_wconf 72' lang='lat' dir='ltr'><strong>reputatus</strong></span> 
     </span>
     <span class='ocr_line' id='line_1_12' title="bbox 300 1596 1628 1688; baseline -0.004 -19"><span class='ocrx_word' id='word_1_109' title='bbox 300 1625 364 1669; x_wconf 88' lang='grc' dir='ltr'><strong>σω·</strong></span> <span class='ocrx_word' id='word_1_110' title='bbox 378 1603 396 1668; x_wconf 90' lang='grc' dir='ltr'><strong>ό</strong></span> <span class='ocrx_word' id='word_1_111' title='bbox 410 1605 445 1669; x_wconf 83' lang='grc' dir='ltr'><strong>δέ</strong></span> <span class='ocrx_word' id='word_1_112' title='bbox 461 1601 643 1688; x_wconf 81' lang='grc' dir='ltr'><strong>Σύμμαχος,</strong></span> <span class='ocrx_word' id='word_1_113' title='bbox 660 1597 796 1684; x_wconf 89' lang='grc' dir='ltr'><strong>σκωρίαν</strong></span> <span class='ocrx_word' id='word_1_114' title='bbox 812 1596 971 1676; x_wconf 79' lang='grc' dir='ltr'><strong>ἐξέδωκεν.</strong></span> <span class='ocrx_word' id='word_1_115' title='bbox 1088 1612 1132 1675; x_wconf 83' lang='grc' dir='ltr'><strong>ατ,</strong></span> <span class='ocrx_word' id='word_1_116' title='bbox 1147 1597 1372 1679; x_wconf 81' lang='lat' dir='ltr'><strong>Symmachus</strong></span> <span class='ocrx_word' id='word_1_117' title='bbox 1387 1617 1467 1664; x_wconf 85' lang='lat' dir='ltr'><strong>vero</strong></span> <span class='ocrx_word' id='word_1_118' title='bbox 1480 1602 1628 1667; x_wconf 75' lang='grc' dir='ltr'><strong>σσοπανι.</strong></span> 
     </span>
    </p>

    <p class='ocr_par' dir='ltr' id='par_1_9' title="bbox 300 1698 1835 1895">
     <span class='ocr_line' id='line_1_13' title="bbox 343 1698 1835 1789; baseline 0 -19"><span class='ocrx_word' id='word_1_119' title='bbox 343 1726 374 1770; x_wconf 84' lang='grc' dir='ltr'><strong>ν.</strong></span> <span class='ocrx_word' id='word_1_120' title='bbox 393 1707 465 1770; x_wconf 82' lang='lat'>120.</span> <span class='ocrx_word' id='word_1_121' title='bbox 481 1701 680 1789; x_wconf 81' lang='grc' dir='ltr'><strong>Καθήλωσον</strong></span> <span class='ocrx_word' id='word_1_122' title='bbox 692 1701 730 1767; x_wconf 93' lang='grc' dir='ltr'><strong>έκ</strong></span> <span class='ocrx_word' id='word_1_123' title='bbox 740 1709 795 1764; x_wconf 84' lang='grc' dir='ltr'><strong>τοῦ</strong></span> <span class='ocrx_word' id='word_1_124' title='bbox 811 1698 908 1786; x_wconf 82' lang='grc' dir='ltr'><strong>ιρόόου</strong></span> <span class='ocrx_word' id='word_1_125' title='bbox 920 1719 977 1764; x_wconf 92' lang='grc' dir='ltr'><strong>σου</strong></span> <span class='ocrx_word' id='word_1_126' title='bbox 988 1700 1044 1776; x_wconf 86' lang='grc' dir='ltr'><strong>τόις</strong></span> <span class='ocrx_word' id='word_1_127' title='bbox 1132 1717 1163 1764; x_wconf 85' lang='grc' dir='ltr'><strong>ν.</strong></span> <span class='ocrx_word' id='word_1_128' title='bbox 1183 1702 1254 1765; x_wconf 78' lang='lat'>120.</span> <span class='ocrx_word' id='word_1_129' title='bbox 1275 1703 1398 1788; x_wconf 67' lang='lat' dir='ltr'><strong>confige</strong></span> <span class='ocrx_word' id='word_1_130' title='bbox 1412 1705 1525 1771; x_wconf 74' lang='lat' dir='ltr'><strong>timm</strong></span> <span class='ocrx_word' id='word_1_131' title='bbox 1539 1709 1592 1772; x_wconf 78' lang='lat' dir='ltr'><strong>tuo</strong></span> <span class='ocrx_word' id='word_1_132' title='bbox 1605 1723 1718 1772; x_wconf 76' lang='lat' dir='ltr'><strong>cumr</strong></span> <span class='ocrx_word' id='word_1_133' title='bbox 1738 1723 1835 1772; x_wconf 72' lang='lat' dir='ltr'><strong>moa.</strong></span> 
     </span>
     <span class='ocr_line' id='line_1_14' title="bbox 300 1807 506 1895; baseline -0.005 -22"><span class='ocrx_word' id='word_1_134' title='bbox 300 1807 422 1895; x_wconf 78' lang='grc' dir='ltr'>σάρκας</span> <span class='ocrx_word' id='word_1_135' title='bbox 438 1829 506 1894; x_wconf 90' lang='grc' dir='ltr'><strong>μου.</strong></span> 
     </span>
    </p>

    <p class='ocr_par' dir='ltr' id='par_1_10' title="bbox 298 1905 1831 2106">
     <span class='ocr_line' id='line_1_15' title="bbox 342 1905 1831 1997; baseline 0.001 -19"><span class='ocrx_word' id='word_1_136' title='bbox 342 1911 388 1978; x_wconf 87' lang='grc' dir='ltr'><strong>Δι’</strong></span> <span class='ocrx_word' id='word_1_137' title='bbox 403 1914 456 1977; x_wconf 80' lang='grc' dir='ltr'><strong>οὔ·</strong></span> <span class='ocrx_word' id='word_1_138' title='bbox 472 1909 594 1997; x_wconf 87' lang='grc' dir='ltr'><strong>Ἐμσίό</strong></span> <span class='ocrx_word' id='word_1_139' title='bbox 612 1908 731 1996; x_wconf 89' lang='grc' dir='ltr'><strong>κόσμος</strong></span> <span class='ocrx_word' id='word_1_140' title='bbox 746 1905 940 1993; x_wconf 78' lang='grc' dir='ltr'>ἐσταυρώθη,</span> <span class='ocrx_word' id='word_1_141' title='bbox 955 1907 1045 1994; x_wconf 77' lang='grc' dir='ltr'><strong>κάγὼ</strong></span> <span class='ocrx_word' id='word_1_142' title='bbox 1131 1909 1184 1972; x_wconf 83' lang='lat' dir='ltr'><strong>Ex</strong></span> <span class='ocrx_word' id='word_1_143' title='bbox 1208 1909 1288 1974; x_wconf 87' lang='lat' dir='ltr'><strong>hoo:</strong></span> <span class='ocrx_word' id='word_1_144' title='bbox 1316 1933 1334 1974; x_wconf 79' lang='grc' dir='ltr'><strong>ι</strong></span> <span class='ocrx_word' id='word_1_145' title='bbox 1360 1913 1443 1978; x_wconf 85' lang='lat' dir='ltr'>Mihi</span> <span class='ocrx_word' id='word_1_146' title='bbox 1476 1913 1623 1980; x_wconf 89' lang='lat' dir='ltr'><strong>mundus</strong></span> <span class='ocrx_word' id='word_1_147' title='bbox 1649 1914 1831 1980; x_wconf 82' lang='lat' dir='ltr'><strong>crucifixus</strong></span> 
     </span>
     <span class='ocr_line' id='line_1_16' title="bbox 298 2016 1466 2106; baseline -0.005 -22"><span class='ocrx_word' id='word_1_148' title='bbox 298 2027 343 2106; x_wconf 78' lang='grc' dir='ltr'><strong>τῷ</strong></span> <span class='ocrx_word' id='word_1_149' title='bbox 358 2017 479 2104; x_wconf 86' lang='grc' dir='ltr'><strong>κόσμῳ.</strong></span> <span class='ocrx_word' id='word_1_150' title='bbox 1089 2016 1151 2093; x_wconf 91' lang='lat' dir='ltr'><strong>est,</strong></span> <span class='ocrx_word' id='word_1_151' title='bbox 1166 2017 1202 2078; x_wconf 91' lang='lat' dir='ltr'><strong>et</strong></span> <span class='ocrx_word' id='word_1_152' title='bbox 1216 2032 1281 2094; x_wconf 89' lang='lat' dir='ltr'><strong>ego</strong></span> <span class='ocrx_word' id='word_1_153' title='bbox 1296 2017 1466 2080; x_wconf 82' lang='lat' dir='ltr'><strong>mundo.»</strong></span> 
     </span>
    </p>

    <p class='ocr_par' dir='ltr' id='par_1_11' title="bbox 301 2115 1836 2314">
     <span class='ocr_line' id='line_1_17' title="bbox 341 2115 1836 2204; baseline 0.003 -19"><span class='ocrx_word' id='word_1_154' title='bbox 341 2143 375 2188; x_wconf 86' lang='lat' dir='ltr'><strong>v.</strong></span> <span class='ocrx_word' id='word_1_155' title='bbox 393 2125 466 2188; x_wconf 84' lang='lat'>121.</span> <span class='ocrx_word' id='word_1_156' title='bbox 482 2117 640 2204; x_wconf 83' lang='grc' dir='ltr'><strong>Ἐποίησα</strong></span> <span class='ocrx_word' id='word_1_157' title='bbox 650 2117 747 2204; x_wconf 91' lang='grc' dir='ltr'><strong>κρίμα</strong></span> <span class='ocrx_word' id='word_1_158' title='bbox 760 2120 816 2183; x_wconf 88' lang='grc' dir='ltr'><strong>καί</strong></span> <span class='ocrx_word' id='word_1_159' title='bbox 830 2115 1040 2201; x_wconf 76' lang='grc' dir='ltr'><strong>δικαιοσύνην,</strong></span> <span class='ocrx_word' id='word_1_160' title='bbox 1132 2135 1165 2180; x_wconf 87' lang='lat' dir='ltr'><strong>v.</strong></span> <span class='ocrx_word' id='word_1_161' title='bbox 1183 2120 1256 2182; x_wconf 78' lang='lat'>121.</span> <span class='ocrx_word' id='word_1_162' title='bbox 1266 2121 1341 2184; x_wconf 81' lang='lat' dir='ltr'><strong>Feci</strong></span> <span class='ocrx_word' id='word_1_163' title='bbox 1355 2120 1520 2200; x_wconf 67' lang='lat' dir='ltr'><strong>judiam</strong></span> <span class='ocrx_word' id='word_1_164' title='bbox 1530 2125 1563 2186; x_wconf 82' lang='lat' dir='ltr'><strong>et</strong></span> <span class='ocrx_word' id='word_1_165' title='bbox 1575 2122 1755 2204; x_wconf 69' lang='lat' dir='ltr'><strong>justitian,</strong></span> <span class='ocrx_word' id='word_1_166' title='bbox 1771 2139 1836 2188; x_wconf 75' lang='lat' dir='ltr'><strong>two</strong></span> 
     </span>
     <span class='ocr_line' id='line_1_18' title="bbox 301 2219 1586 2314; baseline -0.002 -24"><span class='ocrx_word' id='word_1_167' title='bbox 301 2229 345 2314; x_wconf 79' lang='grc' dir='ltr'><strong>μὴ</strong></span> <span class='ocrx_word' id='word_1_168' title='bbox 361 2225 509 2311; x_wconf 79' lang='grc' dir='ltr'><strong>παραδῷς</strong></span> <span class='ocrx_word' id='word_1_169' title='bbox 525 2243 563 2309; x_wconf 88' lang='grc' dir='ltr'><strong>με</strong></span> <span class='ocrx_word' id='word_1_170' title='bbox 578 2232 642 2301; x_wconf 81' lang='grc' dir='ltr'><strong>τοῖς</strong></span> <span class='ocrx_word' id='word_1_171' title='bbox 657 2219 800 2288; x_wconf 84' lang='grc' dir='ltr'><strong>όιδικοόσί</strong></span> <span class='ocrx_word' id='word_1_172' title='bbox 814 2243 862 2308; x_wconf 89' lang='grc' dir='ltr'><strong>με.</strong></span> <span class='ocrx_word' id='word_1_173' title='bbox 1090 2221 1203 2287; x_wconf 77' lang='lat' dir='ltr'><strong>tradas</strong></span> <span class='ocrx_word' id='word_1_174' title='bbox 1217 2239 1266 2286; x_wconf 78' lang='lat' dir='ltr'><strong>me</strong></span> <span class='ocrx_word' id='word_1_175' title='bbox 1279 2224 1515 2305; x_wconf 70' lang='grc' dir='ltr'><strong>ιἰιρτννιααίίόκσ</strong></span> <span class='ocrx_word' id='word_1_176' title='bbox 1528 2242 1586 2290; x_wconf 77' lang='grc' dir='ltr'><strong>πο.</strong></span> 
     </span>
    </p>

    <p class='ocr_par' dir='ltr' id='par_1_12' title="bbox 246 2323 1840 4492">
     <span class='ocr_line' id='line_1_19' title="bbox 342 2323 1837 2413; baseline -0.002 -18"><span class='ocrx_word' id='word_1_177' title='bbox 342 2328 470 2413; x_wconf 78' lang='grc' dir='ltr'>Ἐπειδὴ</span> <span class='ocrx_word' id='word_1_178' title='bbox 488 2327 567 2412; x_wconf 87' lang='grc' dir='ltr'><strong>μετόι</strong></span> <span class='ocrx_word' id='word_1_179' title='bbox 576 2329 613 2391; x_wconf 92' lang='grc' dir='ltr'><strong>τό</strong></span> <span class='ocrx_word' id='word_1_180' title='bbox 627 2324 848 2413; x_wconf 79' lang='grc' dir='ltr'><strong>ἡμαρτηκέναι</strong></span> <span class='ocrx_word' id='word_1_181' title='bbox 859 2323 1044 2412; x_wconf 82' lang='grc' dir='ltr'><strong>μεταόαλόιν</strong></span> <span class='ocrx_word' id='word_1_182' title='bbox 1135 2327 1256 2405; x_wconf 86' lang='lat' dir='ltr'><strong>Quum,</strong></span> <span class='ocrx_word' id='word_1_183' title='bbox 1279 2333 1459 2408; x_wconf 85' lang='lat' dir='ltr'><strong>postquam</strong></span> <span class='ocrx_word' id='word_1_184' title='bbox 1486 2329 1705 2410; x_wconf 87' lang='lat' dir='ltr'><strong>peccaverim,</strong></span> <span class='ocrx_word' id='word_1_185' title='bbox 1728 2333 1837 2392; x_wconf 89' lang='lat' dir='ltr'><strong>muta·</strong></span> 
     </span>
     <span class='ocr_line' id='line_1_20' title="bbox 300 2427 1834 2518; baseline -0.003 -18"><span class='ocrx_word' id='word_1_186' title='bbox 300 2430 437 2518; x_wconf 80' lang='grc' dir='ltr'><strong>έπσίησα</strong></span> <span class='ocrx_word' id='word_1_187' title='bbox 450 2429 558 2516; x_wconf 85' lang='grc' dir='ltr'><strong>κρίμα,</strong></span> <span class='ocrx_word' id='word_1_188' title='bbox 580 2431 635 2494; x_wconf 85' lang='grc' dir='ltr'><strong>καί</strong></span> <span class='ocrx_word' id='word_1_189' title='bbox 648 2427 758 2508; x_wconf 78' lang='grc' dir='ltr'>κλίνας</span> <span class='ocrx_word' id='word_1_190' title='bbox 777 2431 813 2493; x_wconf 89' lang='grc' dir='ltr'><strong>τό</strong></span> <span class='ocrx_word' id='word_1_191' title='bbox 829 2430 947 2510; x_wconf 80' lang='grc' dir='ltr'><strong>όδικον,</strong></span> <span class='ocrx_word' id='word_1_192' title='bbox 972 2427 1045 2512; x_wconf 90' lang='grc' dir='ltr'><strong>δρόι-</strong></span> <span class='ocrx_word' id='word_1_193' title='bbox 1090 2434 1155 2510; x_wconf 91' lang='lat' dir='ltr'><strong>tus,</strong></span> <span class='ocrx_word' id='word_1_194' title='bbox 1170 2429 1421 2512; x_wconf 82' lang='lat' dir='ltr'><strong>feciJ&#39;udicium,</strong></span> <span class='ocrx_word' id='word_1_195' title='bbox 1437 2437 1471 2496; x_wconf 90' lang='lat' dir='ltr'><strong>et</strong></span> <span class='ocrx_word' id='word_1_196' title='bbox 1492 2433 1665 2497; x_wconf 88' lang='lat' dir='ltr'><strong>declinans</strong></span> <span class='ocrx_word' id='word_1_197' title='bbox 1680 2432 1722 2496; x_wconf 91' lang='lat' dir='ltr'><strong>ab</strong></span> <span class='ocrx_word' id='word_1_198' title='bbox 1745 2431 1834 2514; x_wconf 90' lang='lat' dir='ltr'><strong>inju-</strong></span> 
     </span>
     <span class='ocr_line' id='line_1_21' title="bbox 297 2531 1832 2622; baseline 0 -21"><span class='ocrx_word' id='word_1_199' title='bbox 297 2559 356 2616; x_wconf 91' lang='grc' dir='ltr'><strong>σας</strong></span> <span class='ocrx_word' id='word_1_200' title='bbox 370 2539 427 2622; x_wconf 75' lang='grc' dir='ltr'><strong>τὴν</strong></span> <span class='ocrx_word' id='word_1_201' title='bbox 442 2534 651 2618; x_wconf 80' lang='grc' dir='ltr'><strong>δικαιοσύνην,</strong></span> <span class='ocrx_word' id='word_1_202' title='bbox 668 2532 743 2612; x_wconf 77' lang='grc' dir='ltr'><strong>ἀξιῶ</strong></span> <span class='ocrx_word' id='word_1_203' title='bbox 766 2531 975 2618; x_wconf 74' lang='grc' dir='ltr'><strong>βοηθηθῆναι,</strong></span> <span class='ocrx_word' id='word_1_204' title='bbox 991 2533 1046 2596; x_wconf 86' lang='grc' dir='ltr'><strong>καί</strong></span> <span class='ocrx_word' id='word_1_205' title='bbox 1089 2537 1151 2612; x_wconf 90' lang='lat' dir='ltr'><strong>sto,</strong></span> <span class='ocrx_word' id='word_1_206' title='bbox 1181 2531 1352 2612; x_wconf 89' lang='lat' dir='ltr'><strong>justitiam</strong></span> <span class='ocrx_word' id='word_1_207' title='bbox 1385 2552 1502 2618; x_wconf 89' lang='lat' dir='ltr'><strong>agens,</strong></span> <span class='ocrx_word' id='word_1_208' title='bbox 1534 2554 1634 2601; x_wconf 83' lang='lat' dir='ltr'><strong>exoro</strong></span> <span class='ocrx_word' id='word_1_209' title='bbox 1667 2535 1832 2617; x_wconf 83' lang='lat' dir='ltr'><strong>adjuvari,</strong></span> 
     </span>
     <span class='ocr_line' id='line_1_22' title="bbox 299 2635 1835 2730; baseline -0.001 -25"><span class='ocrx_word' id='word_1_210' title='bbox 299 2645 342 2730; x_wconf 75' lang='grc' dir='ltr'><strong>μὴ</strong></span> <span class='ocrx_word' id='word_1_211' title='bbox 358 2636 663 2724; x_wconf 77' lang='grc' dir='ltr'><strong>καταπεπραγμένα</strong></span> <span class='ocrx_word' id='word_1_212' title='bbox 678 2635 893 2722; x_wconf 72' lang='grc' dir='ltr'><strong>ἁμαρτήματα</strong></span> <span class='ocrx_word' id='word_1_213' title='bbox 908 2635 1046 2720; x_wconf 93' lang='grc' dir='ltr'><strong>παραδο-</strong></span> <span class='ocrx_word' id='word_1_214' title='bbox 1089 2655 1151 2700; x_wconf 87' lang='lat' dir='ltr'><strong>neo</strong></span> <span class='ocrx_word' id='word_1_215' title='bbox 1184 2637 1282 2717; x_wconf 89' lang='lat' dir='ltr'><strong>tradi,</strong></span> <span class='ocrx_word' id='word_1_216' title='bbox 1304 2643 1439 2719; x_wconf 87' lang='lat' dir='ltr'><strong>propter</strong></span> <span class='ocrx_word' id='word_1_217' title='bbox 1469 2644 1545 2704; x_wconf 87' lang='lat' dir='ltr'><strong>acta</strong></span> <span class='ocrx_word' id='word_1_218' title='bbox 1573 2645 1719 2722; x_wconf 85' lang='lat' dir='ltr'><strong>peccata,</strong></span> <span class='ocrx_word' id='word_1_219' title='bbox 1746 2639 1835 2720; x_wconf 87' lang='lat' dir='ltr'><strong>inju-</strong></span> 
     </span>
     <span class='ocr_line' id='line_1_23' title="bbox 298 2736 1834 2832; baseline -0.003 -21"><span class='ocrx_word' id='word_1_220' title='bbox 298 2745 391 2832; x_wconf 75' lang='grc' dir='ltr'><strong>θήναι</strong></span> <span class='ocrx_word' id='word_1_221' title='bbox 411 2752 475 2820; x_wconf 80' lang='grc' dir='ltr'><strong>τοῖς</strong></span> <span class='ocrx_word' id='word_1_222' title='bbox 498 2741 640 2807; x_wconf 79' lang='grc' dir='ltr'><strong>ἀδικοῦσί</strong></span> <span class='ocrx_word' id='word_1_223' title='bbox 655 2762 694 2826; x_wconf 90' lang='grc' dir='ltr'><strong>με</strong></span> <span class='ocrx_word' id='word_1_224' title='bbox 709 2741 753 2818; x_wconf 88' lang='grc' dir='ltr'><strong>είς</strong></span> <span class='ocrx_word' id='word_1_225' title='bbox 767 2736 926 2826; x_wconf 82' lang='grc' dir='ltr'><strong>τιμωρίαν,</strong></span> <span class='ocrx_word' id='word_1_226' title='bbox 942 2738 983 2815; x_wconf 83' lang='grc' dir='ltr'><strong>ὡς</strong></span> <span class='ocrx_word' id='word_1_227' title='bbox 1001 2740 1044 2824; x_wconf 82' lang='grc' dir='ltr'><strong>μὴ</strong></span> <span class='ocrx_word' id='word_1_228' title='bbox 1090 2741 1256 2805; x_wconf 88' lang='lat' dir='ltr'><strong>riantibus</strong></span> <span class='ocrx_word' id='word_1_229' title='bbox 1268 2760 1321 2805; x_wconf 91' lang='lat' dir='ltr'><strong>me</strong></span> <span class='ocrx_word' id='word_1_230' title='bbox 1331 2743 1367 2805; x_wconf 90' lang='lat' dir='ltr'><strong>in</strong></span> <span class='ocrx_word' id='word_1_231' title='bbox 1378 2744 1648 2824; x_wconf 74' lang='lat' dir='ltr'><strong>castigationem,</strong></span> <span class='ocrx_word' id='word_1_232' title='bbox 1659 2748 1834 2825; x_wconf 85' lang='lat' dir='ltr'><strong>tamquam</strong></span> 
     </span>
     <span class='ocr_line' id='line_1_24' title="bbox 246 2840 1836 2933; baseline -0.003 -18"><span class='ocrx_word' id='word_1_233' title='bbox 246 2875 252 2886; x_wconf 94' lang='lat'><strong>·</strong></span> <span class='ocrx_word' id='word_1_234' title='bbox 298 2847 529 2933; x_wconf 81' lang='grc' dir='ltr'><strong>ἐπιστρέψαντα</strong></span> <span class='ocrx_word' id='word_1_235' title='bbox 541 2846 617 2929; x_wconf 90' lang='grc' dir='ltr'><strong>πρός</strong></span> <span class='ocrx_word' id='word_1_236' title='bbox 630 2843 676 2909; x_wconf 93' lang='grc' dir='ltr'><strong>σέ.</strong></span> <span class='ocrx_word' id='word_1_237' title='bbox 685 2842 818 2909; x_wconf 80' lang='grc' dir='ltr'><strong>Τίδίτό</strong></span> <span class='ocrx_word' id='word_1_238' title='bbox 829 2840 1046 2927; x_wconf 70' lang='grc' dir='ltr'><strong>παραδοθῆναι</strong></span> <span class='ocrx_word' id='word_1_239' title='bbox 1090 2845 1132 2909; x_wconf 92' lang='lat' dir='ltr'><strong>ad</strong></span> <span class='ocrx_word' id='word_1_240' title='bbox 1158 2850 1192 2910; x_wconf 91' lang='lat' dir='ltr'><strong>te</strong></span> <span class='ocrx_word' id='word_1_241' title='bbox 1219 2863 1287 2909; x_wconf 88' lang='lat' dir='ltr'><strong>non</strong></span> <span class='ocrx_word' id='word_1_242' title='bbox 1313 2848 1549 2911; x_wconf 86' lang='lat' dir='ltr'><strong>converterim.</strong></span> <span class='ocrx_word' id='word_1_243' title='bbox 1577 2847 1663 2923; x_wconf 88' lang='lat' dir='ltr'><strong>Quid</strong></span> <span class='ocrx_word' id='word_1_244' title='bbox 1689 2865 1768 2912; x_wconf 86' lang='lat' dir='ltr'><strong>vero</strong></span> <span class='ocrx_word' id='word_1_245' title='bbox 1790 2848 1836 2911; x_wconf 87' lang='lat' dir='ltr'><strong>sit</strong></span> 
     </span>
     <span class='ocr_line' id='line_1_25' title="bbox 297 2945 1836 3034; baseline -0.004 -14"><span class='ocrx_word' id='word_1_246' title='bbox 297 2953 427 3034; x_wconf 82' lang='grc' dir='ltr'><strong>τούτοις,</strong></span> <span class='ocrx_word' id='word_1_247' title='bbox 454 2947 646 3029; x_wconf 78' lang='grc' dir='ltr'><strong>ἐξεταστέον.</strong></span> <span class='ocrx_word' id='word_1_248' title='bbox 674 2945 743 3014; x_wconf 82' lang='grc' dir='ltr'><strong>Πᾶν</strong></span> <span class='ocrx_word' id='word_1_249' title='bbox 769 2945 942 3032; x_wconf 75' lang='grc' dir='ltr'><strong>ἁμάρτημα</strong></span> <span class='ocrx_word' id='word_1_250' title='bbox 969 2946 1044 3010; x_wconf 91' lang='grc' dir='ltr'><strong>όταν</strong></span> <span class='ocrx_word' id='word_1_251' title='bbox 1091 2951 1178 3014; x_wconf 88' lang='lat' dir='ltr'><strong>tradi</strong></span> <span class='ocrx_word' id='word_1_252' title='bbox 1195 2951 1279 3030; x_wconf 90' lang='lat' dir='ltr'><strong>istis,</strong></span> <span class='ocrx_word' id='word_1_253' title='bbox 1292 2951 1565 3015; x_wconf 84' lang='lat' dir='ltr'><strong>examinandum.</strong></span> <span class='ocrx_word' id='word_1_254' title='bbox 1582 2951 1721 3027; x_wconf 89' lang='lat' dir='ltr'><strong>Quando</strong></span> <span class='ocrx_word' id='word_1_255' title='bbox 1733 2951 1836 3033; x_wconf 92' lang='lat' dir='ltr'><strong>quod·</strong></span> 
     </span>
     <span class='ocr_line' id='line_1_26' title="bbox 297 3049 1835 3142; baseline -0.003 -19"><span class='ocrx_word' id='word_1_256' title='bbox 297 3067 446 3142; x_wconf 78' lang='grc' dir='ltr'><strong>ποιῶμεν,</strong></span> <span class='ocrx_word' id='word_1_257' title='bbox 461 3053 557 3119; x_wconf 86' lang='grc' dir='ltr'><strong>τόπον</strong></span> <span class='ocrx_word' id='word_1_258' title='bbox 579 3050 749 3130; x_wconf 75' lang='grc' dir='ltr'><strong>δεδωκότες</strong></span> <span class='ocrx_word' id='word_1_259' title='bbox 767 3060 811 3137; x_wconf 81' lang='grc' dir='ltr'><strong>τῷ</strong></span> <span class='ocrx_word' id='word_1_260' title='bbox 826 3049 960 3134; x_wconf 86' lang='grc' dir='ltr'><strong>διαόόλιρ</strong></span> <span class='ocrx_word' id='word_1_261' title='bbox 980 3071 1061 3137; x_wconf 48' lang='grc' dir='ltr'><strong>ποις</strong></span> <span class='ocrx_word' id='word_1_262' title='bbox 1090 3071 1236 3134; x_wconf 89' lang='lat' dir='ltr'><strong>cumque</strong></span> <span class='ocrx_word' id='word_1_263' title='bbox 1262 3058 1437 3134; x_wconf 88' lang='lat' dir='ltr'><strong>peccatum</strong></span> <span class='ocrx_word' id='word_1_264' title='bbox 1460 3056 1713 3136; x_wconf 89' lang='lat' dir='ltr'><strong>committimus,</strong></span> <span class='ocrx_word' id='word_1_265' title='bbox 1732 3054 1767 3118; x_wconf 93' lang='lat' dir='ltr'><strong>id</strong></span> <span class='ocrx_word' id='word_1_266' title='bbox 1788 3054 1835 3118; x_wconf 86' lang='lat' dir='ltr'><strong>fa-</strong></span> 
     </span>
     <span class='ocr_line' id='line_1_27' title="bbox 300 3153 1836 3246; baseline -0.003 -20"><span class='ocrx_word' id='word_1_267' title='bbox 300 3171 416 3246; x_wconf 85' lang='grc' dir='ltr'><strong>σῦμεν,</strong></span> <span class='ocrx_word' id='word_1_268' title='bbox 443 3157 639 3244; x_wconf 81' lang='grc' dir='ltr'><strong>έρεδρεόοντι</strong></span> <span class='ocrx_word' id='word_1_269' title='bbox 665 3158 720 3221; x_wconf 85' lang='grc' dir='ltr'><strong>καί</strong></span> <span class='ocrx_word' id='word_1_270' title='bbox 746 3153 942 3240; x_wconf 86' lang='grc' dir='ltr'><strong>έπιτηροῠντί</strong></span> <span class='ocrx_word' id='word_1_271' title='bbox 969 3175 1047 3219; x_wconf 81' lang='grc' dir='ltr'><strong>ποτε</strong></span> <span class='ocrx_word' id='word_1_272' title='bbox 1090 3159 1209 3237; x_wconf 88' lang='lat' dir='ltr'><strong>cimus,</strong></span> <span class='ocrx_word' id='word_1_273' title='bbox 1237 3157 1369 3221; x_wconf 91' lang='lat' dir='ltr'><strong>diabolo</strong></span> <span class='ocrx_word' id='word_1_274' title='bbox 1399 3175 1461 3222; x_wconf 88' lang='lat' dir='ltr'><strong>nos</strong></span> <span class='ocrx_word' id='word_1_275' title='bbox 1486 3159 1660 3223; x_wconf 85' lang='lat' dir='ltr'><strong>invadenti</strong></span> <span class='ocrx_word' id='word_1_276' title='bbox 1690 3163 1724 3222; x_wconf 92' lang='lat' dir='ltr'><strong>et</strong></span> <span class='ocrx_word' id='word_1_277' title='bbox 1755 3158 1836 3222; x_wconf 89' lang='lat' dir='ltr'><strong>insi-</strong></span> 
     </span>
     <span class='ocr_line' id='line_1_28' title="bbox 302 3258 1836 3347; baseline -0.003 -17"><span class='ocrx_word' id='word_1_278' title='bbox 302 3262 452 3330; x_wconf 81' lang='grc' dir='ltr'><strong>είσελθεῖν</strong></span> <span class='ocrx_word' id='word_1_279' title='bbox 466 3259 555 3347; x_wconf 78' lang='grc' dir='ltr'><strong>ἡμῶν</strong></span> <span class='ocrx_word' id='word_1_280' title='bbox 577 3261 622 3337; x_wconf 86' lang='grc' dir='ltr'><strong>είς</strong></span> <span class='ocrx_word' id='word_1_281' title='bbox 644 3262 679 3324; x_wconf 93' lang='grc' dir='ltr'><strong>τό</strong></span> <span class='ocrx_word' id='word_1_282' title='bbox 701 3259 900 3345; x_wconf 80' lang='grc' dir='ltr'><strong>ἡγεμονικόν,</strong></span> <span class='ocrx_word' id='word_1_283' title='bbox 916 3261 967 3326; x_wconf 87' lang='grc' dir='ltr'><strong>ίνα</strong></span> <span class='ocrx_word' id='word_1_284' title='bbox 990 3258 1044 3344; x_wconf 88' lang='grc' dir='ltr'><strong>βα·</strong></span> <span class='ocrx_word' id='word_1_285' title='bbox 1089 3262 1198 3325; x_wconf 90' lang='lat' dir='ltr'><strong>dianti</strong></span> <span class='ocrx_word' id='word_1_286' title='bbox 1220 3262 1331 3324; x_wconf 92' lang='lat' dir='ltr'><strong>locum</strong></span> <span class='ocrx_word' id='word_1_287' title='bbox 1354 3261 1483 3343; x_wconf 89' lang='lat' dir='ltr'><strong>dantes,</strong></span> <span class='ocrx_word' id='word_1_288' title='bbox 1506 3266 1545 3325; x_wconf 90' lang='lat' dir='ltr'><strong>ut</strong></span> <span class='ocrx_word' id='word_1_289' title='bbox 1566 3261 1702 3326; x_wconf 86' lang='lat' dir='ltr'><strong>tandem</strong></span> <span class='ocrx_word' id='word_1_290' title='bbox 1724 3263 1761 3326; x_wconf 91' lang='lat' dir='ltr'><strong>in</strong></span> <span class='ocrx_word' id='word_1_291' title='bbox 1783 3279 1836 3326; x_wconf 89' lang='lat' dir='ltr'><strong>ar·</strong></span> 
     </span>
     <span class='ocr_line' id='line_1_29' title="bbox 301 3362 1837 3450; baseline -0.003 -18"><span class='ocrx_word' id='word_1_292' title='bbox 301 3367 365 3434; x_wconf 86' lang='grc' dir='ltr'><strong>λὼν</strong></span> <span class='ocrx_word' id='word_1_293' title='bbox 379 3366 492 3432; x_wconf 79' lang='grc' dir='ltr'><strong>ἑαυτοῦ</strong></span> <span class='ocrx_word' id='word_1_294' title='bbox 507 3366 547 3430; x_wconf 89' lang='grc' dir='ltr'><strong>τόι</strong></span> <span class='ocrx_word' id='word_1_295' title='bbox 563 3362 651 3450; x_wconf 80' lang='grc' dir='ltr'>βέλη,</span> <span class='ocrx_word' id='word_1_296' title='bbox 670 3364 749 3449; x_wconf 87' lang='grc' dir='ltr'><strong>μετόι</strong></span> <span class='ocrx_word' id='word_1_297' title='bbox 765 3373 868 3428; x_wconf 82' lang='grc' dir='ltr'><strong>ταῦτα</strong></span> <span class='ocrx_word' id='word_1_298' title='bbox 882 3365 938 3427; x_wconf 83' lang='grc' dir='ltr'><strong>καί</strong></span> <span class='ocrx_word' id='word_1_299' title='bbox 952 3362 1045 3438; x_wconf 85' lang='grc' dir='ltr'><strong>αὐτός</strong></span> <span class='ocrx_word' id='word_1_300' title='bbox 1090 3381 1162 3428; x_wconf 92' lang='lat' dir='ltr'><strong>cem</strong></span> <span class='ocrx_word' id='word_1_301' title='bbox 1185 3365 1306 3429; x_wconf 78' lang='lat' dir='ltr'><strong>anima</strong></span> <span class='ocrx_word' id='word_1_302' title='bbox 1332 3364 1554 3444; x_wconf 89' lang='lat' dir='ltr'><strong>ingrediatur,</strong></span> <span class='ocrx_word' id='word_1_303' title='bbox 1579 3365 1669 3429; x_wconf 88' lang='lat' dir='ltr'><strong>unde</strong></span> <span class='ocrx_word' id='word_1_304' title='bbox 1683 3381 1747 3428; x_wconf 90' lang='lat' dir='ltr'><strong>sua</strong></span> <span class='ocrx_word' id='word_1_305' title='bbox 1767 3365 1837 3428; x_wconf 81' lang='lat' dir='ltr'><strong>tela</strong></span> 
     </span>
     <span class='ocr_line' id='line_1_30' title="bbox 300 3464 1837 3557; baseline -0.004 -19"><span class='ocrx_word' id='word_1_306' title='bbox 300 3470 449 3556; x_wconf 76' lang='grc' dir='ltr'><strong>ένοικήσῃ</strong></span> <span class='ocrx_word' id='word_1_307' title='bbox 471 3472 527 3536; x_wconf 85' lang='grc' dir='ltr'><strong>καί</strong></span> <span class='ocrx_word' id='word_1_308' title='bbox 548 3465 701 3557; x_wconf 78' lang='grc' dir='ltr'><strong>ένεργήσῃ</strong></span> <span class='ocrx_word' id='word_1_309' title='bbox 725 3468 769 3544; x_wconf 88' lang='grc' dir='ltr'><strong>είς</strong></span> <span class='ocrx_word' id='word_1_310' title='bbox 790 3465 885 3552; x_wconf 78' lang='grc' dir='ltr'><strong>ἡμᾶς.</strong></span> <span class='ocrx_word' id='word_1_311' title='bbox 921 3464 1045 3531; x_wconf 80' lang='grc' dir='ltr'><strong>Οὐκοῦν</strong></span> <span class='ocrx_word' id='word_1_312' title='bbox 1090 3467 1279 3549; x_wconf 87' lang='lat' dir='ltr'><strong>projiciens,</strong></span> <span class='ocrx_word' id='word_1_313' title='bbox 1290 3473 1407 3548; x_wconf 89' lang='lat' dir='ltr'><strong>postea</strong></span> <span class='ocrx_word' id='word_1_314' title='bbox 1429 3469 1499 3550; x_wconf 89' lang='lat' dir='ltr'><strong>ipse</strong></span> <span class='ocrx_word' id='word_1_315' title='bbox 1515 3470 1551 3532; x_wconf 90' lang='lat' dir='ltr'><strong>in</strong></span> <span class='ocrx_word' id='word_1_316' title='bbox 1574 3484 1635 3532; x_wconf 90' lang='lat' dir='ltr'><strong>nos</strong></span> <span class='ocrx_word' id='word_1_317' title='bbox 1650 3468 1780 3532; x_wconf 89' lang='lat' dir='ltr'><strong>habitet</strong></span> <span class='ocrx_word' id='word_1_318' title='bbox 1802 3473 1837 3532; x_wconf 87' lang='lat' dir='ltr'><strong>at</strong></span> 
     </span>
     <span class='ocr_line' id='line_1_31' title="bbox 300 3571 1837 3662; baseline -0.005 -20"><span class='ocrx_word' id='word_1_319' title='bbox 300 3577 353 3642; x_wconf 82' lang='grc' dir='ltr'><strong>ὅτε</strong></span> <span class='ocrx_word' id='word_1_320' title='bbox 368 3575 598 3662; x_wconf 85' lang='grc' dir='ltr'><strong>ίιμαρτόινομεν,</strong></span> <span class='ocrx_word' id='word_1_321' title='bbox 614 3572 968 3657; x_wconf 76' lang='grc' dir='ltr'><strong>ένερροόμενοιόπότσῠ</strong></span> <span class='ocrx_word' id='word_1_322' title='bbox 980 3571 1045 3634; x_wconf 87' lang='grc' dir='ltr'><strong>δια-</strong></span> <span class='ocrx_word' id='word_1_323' title='bbox 1092 3577 1258 3653; x_wconf 83' lang='lat' dir='ltr'><strong>operetur.</strong></span> <span class='ocrx_word' id='word_1_324' title='bbox 1285 3573 1407 3653; x_wconf 91' lang='lat' dir='ltr'><strong>Igitur,</strong></span> <span class='ocrx_word' id='word_1_325' title='bbox 1431 3572 1564 3654; x_wconf 88' lang='lat' dir='ltr'><strong>quando</strong></span> <span class='ocrx_word' id='word_1_326' title='bbox 1584 3589 1772 3654; x_wconf 85' lang='lat' dir='ltr'><strong>peccamus,</strong></span> <span class='ocrx_word' id='word_1_327' title='bbox 1788 3573 1837 3635; x_wconf 84' lang='lat' dir='ltr'><strong>ri·</strong></span> 
     </span>
     <span class='ocr_line' id='line_1_32' title="bbox 300 3673 1836 3763; baseline -0.003 -19"><span class='ocrx_word' id='word_1_328' title='bbox 300 3677 395 3744; x_wconf 80' lang='grc' dir='ltr'><strong>δόλου</strong></span> <span class='ocrx_word' id='word_1_329' title='bbox 410 3677 640 3763; x_wconf 78' lang='grc' dir='ltr'><strong>ἁμαρτάνομεν,</strong></span> <span class='ocrx_word' id='word_1_330' title='bbox 656 3676 711 3740; x_wconf 85' lang='grc' dir='ltr'><strong>καί</strong></span> <span class='ocrx_word' id='word_1_331' title='bbox 727 3673 917 3760; x_wconf 83' lang='grc' dir='ltr'><strong>ἀδικούμεθα</strong></span> <span class='ocrx_word' id='word_1_332' title='bbox 932 3673 1046 3738; x_wconf 68' lang='grc' dir='ltr'><strong>ὑπἀό</strong></span> <span class='ocrx_word' id='word_1_333' title='bbox 1091 3677 1185 3740; x_wconf 90' lang='lat' dir='ltr'><strong>ribus</strong></span> <span class='ocrx_word' id='word_1_334' title='bbox 1201 3677 1333 3740; x_wconf 88' lang='lat' dir='ltr'><strong>Diaboli</strong></span> <span class='ocrx_word' id='word_1_335' title='bbox 1348 3677 1475 3740; x_wconf 88' lang='lat' dir='ltr'><strong>obsessi</strong></span> <span class='ocrx_word' id='word_1_336' title='bbox 1490 3693 1678 3757; x_wconf 87' lang='lat' dir='ltr'><strong>peccamus,</strong></span> <span class='ocrx_word' id='word_1_337' title='bbox 1691 3682 1726 3740; x_wconf 89' lang='lat' dir='ltr'><strong>et</strong></span> <span class='ocrx_word' id='word_1_338' title='bbox 1739 3676 1782 3740; x_wconf 91' lang='lat' dir='ltr'><strong>ab</strong></span> <span class='ocrx_word' id='word_1_339' title='bbox 1797 3692 1836 3740; x_wconf 88' lang='lat' dir='ltr'><strong>eo</strong></span> 
     </span>
     <span class='ocr_line' id='line_1_33' title="bbox 301 3777 1836 3866; baseline -0.003 -18"><span class='ocrx_word' id='word_1_340' title='bbox 301 3793 367 3848; x_wconf 82' lang='lat' dir='ltr'><strong>roo.</strong></span> <span class='ocrx_word' id='word_1_341' title='bbox 389 3782 512 3850; x_wconf 79' lang='grc' dir='ltr'><strong>Ἀδικεῖ</strong></span> <span class='ocrx_word' id='word_1_342' title='bbox 531 3782 593 3866; x_wconf 79' lang='grc' dir='ltr'><strong>γὰρ</strong></span> <span class='ocrx_word' id='word_1_343' title='bbox 607 3777 692 3865; x_wconf 78' lang='grc' dir='ltr'><strong>ἡμᾶς</strong></span> <span class='ocrx_word' id='word_1_344' title='bbox 715 3777 897 3863; x_wconf 80' lang='grc' dir='ltr'><strong>προτρέπον</strong></span> <span class='ocrx_word' id='word_1_345' title='bbox 912 3779 964 3844; x_wconf 79' lang='grc' dir='ltr'><strong>ἐπί</strong></span> <span class='ocrx_word' id='word_1_346' title='bbox 986 3780 1044 3864; x_wconf 78' lang='grc' dir='ltr'><strong>τὴν</strong></span> <span class='ocrx_word' id='word_1_347' title='bbox 1090 3781 1205 3844; x_wconf 83' lang='lat' dir='ltr'><strong>sannis</strong></span> <span class='ocrx_word' id='word_1_348' title='bbox 1228 3781 1424 3844; x_wconf 81' lang='lat' dir='ltr'><strong>scindimur.</strong></span> <span class='ocrx_word' id='word_1_349' title='bbox 1447 3782 1532 3846; x_wconf 88' lang='lat' dir='ltr'><strong>Nam</strong></span> <span class='ocrx_word' id='word_1_350' title='bbox 1554 3780 1651 3844; x_wconf 92' lang='lat' dir='ltr'><strong>nobis</strong></span> <span class='ocrx_word' id='word_1_351' title='bbox 1673 3780 1836 3862; x_wconf 89' lang='lat' dir='ltr'><strong>injuriam</strong></span> 
     </span>
     <span class='ocr_line' id='line_1_34' title="bbox 300 3881 1838 3974; baseline -0.004 -20"><span class='ocrx_word' id='word_1_352' title='bbox 300 3885 465 3974; x_wconf 73' lang='grc' dir='ltr'><strong>ἁμαρτίαν,</strong></span> <span class='ocrx_word' id='word_1_353' title='bbox 480 3887 549 3951; x_wconf 77' lang='grc' dir='ltr'><strong>εἶτα</strong></span> <span class='ocrx_word' id='word_1_354' title='bbox 563 3886 641 3968; x_wconf 89' lang='grc' dir='ltr'><strong>πρός</strong></span> <span class='ocrx_word' id='word_1_355' title='bbox 655 3885 695 3949; x_wconf 88' lang='grc' dir='ltr'><strong>τόι</strong></span> <span class='ocrx_word' id='word_1_356' title='bbox 711 3881 816 3948; x_wconf 72' lang='lat' dir='ltr'><strong>auca</strong></span> <span class='ocrx_word' id='word_1_357' title='bbox 832 3881 968 3968; x_wconf 87' lang='grc' dir='ltr'><strong>κρίματα</strong></span> <span class='ocrx_word' id='word_1_358' title='bbox 990 3891 1046 3946; x_wconf 80' lang='grc' dir='ltr'><strong>τοῦ</strong></span> <span class='ocrx_word' id='word_1_359' title='bbox 1091 3885 1236 3964; x_wconf 78' lang='lat' dir='ltr'><strong>irrogat,</strong></span> <span class='ocrx_word' id='word_1_360' title='bbox 1266 3885 1302 3948; x_wconf 92' lang='lat' dir='ltr'><strong>in</strong></span> <span class='ocrx_word' id='word_1_361' title='bbox 1332 3888 1507 3966; x_wconf 89' lang='lat' dir='ltr'><strong>peccatum</strong></span> <span class='ocrx_word' id='word_1_362' title='bbox 1536 3884 1695 3966; x_wconf 76' lang='lat' dir='ltr'><strong>adigens,</strong></span> <span class='ocrx_word' id='word_1_363' title='bbox 1721 3889 1838 3966; x_wconf 88' lang='lat' dir='ltr'><strong>postca</strong></span> 
     </span>
     <span class='ocr_line' id='line_1_35' title="bbox 302 3984 1833 4073; baseline -0.004 -16"><span class='ocrx_word' id='word_1_364' title='bbox 302 3990 401 4059; x_wconf 82' lang='grc' dir='ltr'><strong>Θεοῦ·</strong></span> <span class='ocrx_word' id='word_1_365' title='bbox 415 3990 474 4073; x_wconf 90' lang='grc' dir='ltr'><strong>όρα</strong></span> <span class='ocrx_word' id='word_1_366' title='bbox 489 4010 518 4053; x_wconf 94' lang='grc' dir='ltr'><strong>τι</strong></span> <span class='ocrx_word' id='word_1_367' title='bbox 532 3996 632 4052; x_wconf 81' lang='grc' dir='ltr'><strong>ποιεῖ·</strong></span> <span class='ocrx_word' id='word_1_368' title='bbox 647 3987 755 4070; x_wconf 68' lang='grc' dir='ltr'><strong>ἐπειδὴ</strong></span> <span class='ocrx_word' id='word_1_369' title='bbox 773 3985 841 4050; x_wconf 81' lang='grc' dir='ltr'><strong>ἀντί</strong></span> <span class='ocrx_word' id='word_1_370' title='bbox 856 3997 911 4051; x_wconf 86' lang='grc' dir='ltr'><strong>τοῦ</strong></span> <span class='ocrx_word' id='word_1_371' title='bbox 922 3984 993 4072; x_wconf 85' lang='grc' dir='ltr'><strong>Θεῷ</strong></span> <span class='ocrx_word' id='word_1_372' title='bbox 1009 3985 1044 4050; x_wconf 83' lang='grc' dir='ltr'><strong>ό·</strong></span> <span class='ocrx_word' id='word_1_373' title='bbox 1091 3990 1126 4053; x_wconf 92' lang='lat' dir='ltr'><strong>in</strong></span> <span class='ocrx_word' id='word_1_374' title='bbox 1150 3989 1256 4069; x_wconf 89' lang='lat' dir='ltr'><strong>ipsius</strong></span> <span class='ocrx_word' id='word_1_375' title='bbox 1271 3988 1401 4069; x_wconf 84' lang='lat' dir='ltr'><strong>J&#39;udicia</strong></span> <span class='ocrx_word' id='word_1_376' title='bbox 1422 3990 1494 4052; x_wconf 91' lang='lat' dir='ltr'><strong>Dei.</strong></span> <span class='ocrx_word' id='word_1_377' title='bbox 1509 3989 1593 4054; x_wconf 85' lang='lat' dir='ltr'><strong>Vide</strong></span> <span class='ocrx_word' id='word_1_378' title='bbox 1609 3989 1691 4070; x_wconf 93' lang='lat' dir='ltr'><strong>quid</strong></span> <span class='ocrx_word' id='word_1_379' title='bbox 1714 3988 1833 4052; x_wconf 81' lang='lat' dir='ltr'><strong>faciat:</strong></span> 
     </span>
     <span class='ocr_line' id='line_1_36' title="bbox 299 4089 1837 4177; baseline -0.001 -17"><span class='ocrx_word' id='word_1_380' title='bbox 299 4093 399 4172; x_wconf 78' lang='grc' dir='ltr'><strong>νστξαι</strong></span> <span class='ocrx_word' id='word_1_381' title='bbox 413 4101 472 4177; x_wconf 80' lang='grc' dir='ltr'><strong>τῆν</strong></span> <span class='ocrx_word' id='word_1_382' title='bbox 488 4091 590 4176; x_wconf 76' lang='grc' dir='ltr'><strong>θύραν</strong></span> <span class='ocrx_word' id='word_1_383' title='bbox 605 4098 662 4174; x_wconf 78' lang='grc' dir='ltr'><strong>τῆς</strong></span> <span class='ocrx_word' id='word_1_384' title='bbox 676 4090 782 4176; x_wconf 68' lang='grc' dir='ltr'>ψυχῆς</span> <span class='ocrx_word' id='word_1_385' title='bbox 804 4089 860 4154; x_wconf 85' lang='grc' dir='ltr'><strong>καί</strong></span> <span class='ocrx_word' id='word_1_386' title='bbox 874 4090 927 4155; x_wconf 87' lang='grc' dir='ltr'><strong>τόν</strong></span> <span class='ocrx_word' id='word_1_387' title='bbox 949 4089 1045 4174; x_wconf 84' lang='grc' dir='ltr'><strong>Χρισ-</strong></span> <span class='ocrx_word' id='word_1_388' title='bbox 1092 4093 1239 4173; x_wconf 87' lang='lat' dir='ltr'><strong>Quando,</strong></span> <span class='ocrx_word' id='word_1_389' title='bbox 1256 4093 1383 4157; x_wconf 87' lang='lat' dir='ltr'><strong>nedum</strong></span> <span class='ocrx_word' id='word_1_390' title='bbox 1406 4094 1475 4156; x_wconf 88' lang='lat' dir='ltr'><strong>Deo</strong></span> <span class='ocrx_word' id='word_1_391' title='bbox 1497 4095 1689 4175; x_wconf 85' lang='lat' dir='ltr'><strong>aperiamus</strong></span> <span class='ocrx_word' id='word_1_392' title='bbox 1711 4093 1837 4158; x_wconf 90' lang='lat' dir='ltr'><strong>ostium</strong></span> 
     </span>
     <span class='ocr_line' id='line_1_37' title="bbox 300 4191 1840 4283; baseline -0.001 -19"><span class='ocrx_word' id='word_1_393' title='bbox 300 4200 354 4264; x_wconf 90' lang='grc' dir='ltr'><strong>τόν</strong></span> <span class='ocrx_word' id='word_1_394' title='bbox 368 4195 612 4283; x_wconf 81' lang='grc' dir='ltr'><strong>παραδέξασθαι,</strong></span> <span class='ocrx_word' id='word_1_395' title='bbox 635 4195 693 4279; x_wconf 74' lang='grc' dir='ltr'><strong>τὴν</strong></span> <span class='ocrx_word' id='word_1_396' title='bbox 709 4191 863 4279; x_wconf 80' lang='grc' dir='ltr'><strong>ἁμαρτίαν</strong></span> <span class='ocrx_word' id='word_1_397' title='bbox 884 4193 1046 4277; x_wconf 77' lang='grc' dir='ltr'><strong>προσηκόι-</strong></span> <span class='ocrx_word' id='word_1_398' title='bbox 1090 4198 1221 4276; x_wconf 77' lang='lat' dir='ltr'><strong>anima,</strong></span> <span class='ocrx_word' id='word_1_399' title='bbox 1238 4196 1362 4262; x_wconf 89' lang='lat' dir='ltr'><strong>nedum</strong></span> <span class='ocrx_word' id='word_1_400' title='bbox 1378 4197 1550 4278; x_wconf 89' lang='lat' dir='ltr'><strong>hospitem</strong></span> <span class='ocrx_word' id='word_1_401' title='bbox 1565 4197 1735 4262; x_wconf 81' lang='lat' dir='ltr'><strong>Christum</strong></span> <span class='ocrx_word' id='word_1_402' title='bbox 1751 4196 1840 4262; x_wconf 86' lang='lat' dir='ltr'><strong>axci-</strong></span> 
     </span>
     <span class='ocr_line' id='line_1_38' title="bbox 301 4295 1840 4388; baseline -0.003 -19"><span class='ocrx_word' id='word_1_403' title='bbox 301 4302 392 4388; x_wconf 84' lang='grc' dir='ltr'><strong>μεθα,</strong></span> <span class='ocrx_word' id='word_1_404' title='bbox 406 4297 641 4386; x_wconf 81' lang='grc' dir='ltr'><strong>παραδιδόμεθα</strong></span> <span class='ocrx_word' id='word_1_405' title='bbox 656 4296 766 4381; x_wconf 79' lang='grc' dir='ltr'><strong>ἐκείνῳ</strong></span> <span class='ocrx_word' id='word_1_406' title='bbox 781 4298 816 4363; x_wconf 87' lang='grc' dir='ltr'><strong>δν</strong></span> <span class='ocrx_word' id='word_1_407' title='bbox 835 4295 1045 4382; x_wconf 85' lang='grc' dir='ltr'><strong>παρεδεξόιμε-</strong></span> <span class='ocrx_word' id='word_1_408' title='bbox 1090 4302 1233 4383; x_wconf 90' lang='lat' dir='ltr'><strong>piamus,</strong></span> <span class='ocrx_word' id='word_1_409' title='bbox 1249 4304 1428 4383; x_wconf 87' lang='lat' dir='ltr'><strong>peccatum</strong></span> <span class='ocrx_word' id='word_1_410' title='bbox 1441 4300 1663 4380; x_wconf 89' lang='lat' dir='ltr'><strong>admittimus,</strong></span> <span class='ocrx_word' id='word_1_411' title='bbox 1675 4300 1726 4364; x_wconf 89' lang='lat' dir='ltr'><strong>ilii</strong></span> <span class='ocrx_word' id='word_1_412' title='bbox 1738 4299 1840 4364; x_wconf 84' lang='lat' dir='ltr'><strong>tradi-</strong></span> 
     </span>
     <span class='ocr_line' id='line_1_39' title="bbox 300 4399 1840 4492; baseline -0.005 -18"><span class='ocrx_word' id='word_1_413' title='bbox 300 4407 342 4474; x_wconf 86' lang='grc' dir='ltr'><strong>θα</strong></span> <span class='ocrx_word' id='word_1_414' title='bbox 356 4407 407 4473; x_wconf 83' lang='grc' dir='ltr'><strong>ἐπὶ</strong></span> <span class='ocrx_word' id='word_1_415' title='bbox 421 4415 465 4492; x_wconf 81' lang='grc' dir='ltr'><strong>τῷ</strong></span> <span class='ocrx_word' id='word_1_416' title='bbox 479 4401 675 4488; x_wconf 74' lang='grc' dir='ltr'><strong>κολασθῆναι</strong></span> <span class='ocrx_word' id='word_1_417' title='bbox 694 4400 747 4467; x_wconf 86' lang='grc' dir='ltr'><strong>ὑπ’</strong></span> <span class='ocrx_word' id='word_1_418' title='bbox 757 4401 864 4466; x_wconf 81' lang='grc' dir='ltr'><strong>αὐτοῦ.</strong></span> <span class='ocrx_word' id='word_1_419' title='bbox 880 4399 971 4465; x_wconf 81' lang='grc' dir='ltr'><strong>Οὕτω</strong></span> <span class='ocrx_word' id='word_1_420' title='bbox 986 4420 1045 4464; x_wconf 88' lang='grc' dir='ltr'><strong>πα·</strong></span> <span class='ocrx_word' id='word_1_421' title='bbox 1090 4422 1167 4468; x_wconf 92' lang='lat' dir='ltr'><strong>mur</strong></span> <span class='ocrx_word' id='word_1_422' title='bbox 1181 4423 1282 4487; x_wconf 88' lang='lat' dir='ltr'><strong>quem</strong></span> <span class='ocrx_word' id='word_1_423' title='bbox 1302 4406 1452 4488; x_wconf 86' lang='lat' dir='ltr'><strong>hospitio</strong></span> <span class='ocrx_word' id='word_1_424' title='bbox 1467 4405 1666 4486; x_wconf 87' lang='lat' dir='ltr'><strong>recepimus,</strong></span> <span class='ocrx_word' id='word_1_425' title='bbox 1681 4407 1721 4467; x_wconf 91' lang='lat' dir='ltr'><strong>ut</strong></span> <span class='ocrx_word' id='word_1_426' title='bbox 1742 4402 1840 4467; x_wconf 88' lang='lat' dir='ltr'><strong>abeo</strong></span> 
     </span>
    </p>
   </div>
   <div class='ocr_carea' id='block_1_3' title="bbox 298 4597 1837 5041">
    <p class='ocr_par' dir='ltr' id='par_1_13' title="bbox 298 4597 1837 5041">
     <span class='ocr_line' id='line_1_40' title="bbox 343 4597 1837 4680; baseline -0.007 -10"><span class='ocrx_word' id='word_1_427' title='bbox 343 4602 1046 4670; x_wconf 75' lang='lat' dir='ltr'><strong>Hrnaarosiac.l2l.Postulatvereneno·</strong></span> <span class='ocrx_word' id='word_1_428' title='bbox 1090 4598 1173 4662; x_wconf 90' lang='lat' dir='ltr'><strong>uudi</strong></span> <span class='ocrx_word' id='word_1_429' title='bbox 1221 4600 1510 4680; x_wconf 87' lang='lat' dir='ltr'><strong>opportunitatem</strong></span> <span class='ocrx_word' id='word_1_430' title='bbox 1544 4597 1712 4678; x_wconf 85' lang='lat' dir='ltr'><strong>habuerit,</strong></span> <span class='ocrx_word' id='word_1_431' title='bbox 1752 4599 1837 4661; x_wconf 86' lang='lat' dir='ltr'><strong>tam-</strong></span> 
     </span>
     <span class='ocr_line' id='line_1_41' title="bbox 303 4686 1834 4770; baseline -0.005 -12"><span class='ocrx_word' id='word_1_432' title='bbox 303 4695 457 4758; x_wconf 92' lang='lat' dir='ltr'><strong>centibus</strong></span> <span class='ocrx_word' id='word_1_433' title='bbox 469 4710 505 4757; x_wconf 88' lang='lat' dir='ltr'><strong>se</strong></span> <span class='ocrx_word' id='word_1_434' title='bbox 516 4691 679 4755; x_wconf 90' lang='lat' dir='ltr'><strong>tradatur.</strong></span> <span class='ocrx_word' id='word_1_435' title='bbox 696 4691 811 4753; x_wconf 91' lang='lat' dir='ltr'><strong>Omnis</strong></span> <span class='ocrx_word' id='word_1_436' title='bbox 824 4690 914 4752; x_wconf 90' lang='lat' dir='ltr'><strong>enim</strong></span> <span class='ocrx_word' id='word_1_437' title='bbox 930 4690 965 4751; x_wconf 92' lang='lat' dir='ltr'><strong>in</strong></span> <span class='ocrx_word' id='word_1_438' title='bbox 978 4707 1044 4770; x_wconf 91' lang='lat' dir='ltr'><strong>qno</strong></span> <span class='ocrx_word' id='word_1_439' title='bbox 1090 4705 1192 4768; x_wconf 86' lang='lat' dir='ltr'><strong>quam</strong></span> <span class='ocrx_word' id='word_1_440' title='bbox 1207 4705 1349 4751; x_wconf 89' lang='lat' dir='ltr'><strong>vacuam</strong></span> <span class='ocrx_word' id='word_1_441' title='bbox 1365 4687 1502 4751; x_wconf 91' lang='lat' dir='ltr'><strong>domum</strong></span> <span class='ocrx_word' id='word_1_442' title='bbox 1520 4691 1669 4768; x_wconf 88' lang='lat' dir='ltr'><strong>occupet,</strong></span> <span class='ocrx_word' id='word_1_443' title='bbox 1700 4703 1775 4768; x_wconf 80' lang='lat' dir='ltr'><strong>quar</strong></span> <span class='ocrx_word' id='word_1_444' title='bbox 1801 4686 1834 4751; x_wconf 86' lang='lat' dir='ltr'><strong>ei</strong></span> 
     </span>
     <span class='ocr_line' id='line_1_42' title="bbox 301 4775 1832 4864; baseline -0.005 -18"><span class='ocrx_word' id='word_1_445' title='bbox 301 4784 430 4864; x_wconf 90' lang='lat' dir='ltr'><strong>peccati</strong></span> <span class='ocrx_word' id='word_1_446' title='bbox 445 4783 603 4845; x_wconf 85' lang='lat' dir='ltr'><strong>voluntas</strong></span> <span class='ocrx_word' id='word_1_447' title='bbox 622 4783 682 4858; x_wconf 87' lang='lat' dir='ltr'><strong>est,</strong></span> <span class='ocrx_word' id='word_1_448' title='bbox 699 4780 767 4842; x_wconf 88' lang='lat' dir='ltr'><strong>Deo</strong></span> <span class='ocrx_word' id='word_1_449' title='bbox 785 4795 914 4841; x_wconf 88' lang='lat' dir='ltr'><strong>vacuus</strong></span> <span class='ocrx_word' id='word_1_450' title='bbox 926 4781 993 4857; x_wconf 82' lang='lat' dir='ltr'><strong>est3</strong></span> <span class='ocrx_word' id='word_1_451' title='bbox 1011 4782 1045 4842; x_wconf 92' lang='lat' dir='ltr'><strong>et</strong></span> <span class='ocrx_word' id='word_1_452' title='bbox 1089 4777 1157 4839; x_wconf 89' lang='lat' dir='ltr'><strong>Deo</strong></span> <span class='ocrx_word' id='word_1_453' title='bbox 1173 4792 1247 4839; x_wconf 89' lang='lat' dir='ltr'><strong>eam</strong></span> <span class='ocrx_word' id='word_1_454' title='bbox 1264 4776 1447 4858; x_wconf 89' lang='lat' dir='ltr'><strong>deserente,</strong></span> <span class='ocrx_word' id='word_1_455' title='bbox 1470 4777 1516 4839; x_wconf 90' lang='lat' dir='ltr'><strong>sit</strong></span> <span class='ocrx_word' id='word_1_456' title='bbox 1531 4775 1664 4839; x_wconf 86' lang='lat' dir='ltr'><strong>tradita.</strong></span> <span class='ocrx_word' id='word_1_457' title='bbox 1683 4809 1722 4820; x_wconf 89' lang='lat'>-</span> <span class='ocrx_word' id='word_1_458' title='bbox 1740 4775 1832 4854; x_wconf 79' lang='lat' dir='ltr'><strong>(Per-</strong></span> 
     </span>
     <span class='ocr_line' id='line_1_43' title="bbox 302 4863 1834 4947; baseline -0.004 -13"><span class='ocrx_word' id='word_1_459' title='bbox 302 4872 360 4935; x_wconf 91' lang='lat' dir='ltr'><strong>ubi</strong></span> <span class='ocrx_word' id='word_1_460' title='bbox 376 4872 466 4936; x_wconf 91' lang='lat' dir='ltr'><strong>Deus</strong></span> <span class='ocrx_word' id='word_1_461' title='bbox 482 4887 549 4934; x_wconf 93' lang='lat' dir='ltr'><strong>non</strong></span> <span class='ocrx_word' id='word_1_462' title='bbox 564 4869 637 4947; x_wconf 89' lang='lat' dir='ltr'><strong>erit,</strong></span> <span class='ocrx_word' id='word_1_463' title='bbox 650 4869 720 4932; x_wconf 93' lang='lat' dir='ltr'><strong>illic</strong></span> <span class='ocrx_word' id='word_1_464' title='bbox 732 4866 865 4931; x_wconf 91' lang='lat' dir='ltr'><strong>Diaboli</strong></span> <span class='ocrx_word' id='word_1_465' title='bbox 876 4867 972 4930; x_wconf 87' lang='lat' dir='ltr'><strong>locus</strong></span> <span class='ocrx_word' id='word_1_466' title='bbox 982 4871 1042 4947; x_wconf 85' lang='lat' dir='ltr'><strong>est,</strong></span> <span class='ocrx_word' id='word_1_467' title='bbox 1085 4865 1137 4947; x_wconf 74' lang='lat' dir='ltr'><strong>pit</strong></span> <span class='ocrx_word' id='word_1_468' title='bbox 1150 4880 1222 4929; x_wconf 78' lang='grc' dir='ltr'><strong>τινα</strong></span> <span class='ocrx_word' id='word_1_469' title='bbox 1242 4865 1396 4945; x_wconf 73' lang='lat' dir='ltr'><strong>coemptis</strong></span> <span class='ocrx_word' id='word_1_470' title='bbox 1413 4864 1598 4946; x_wconf 63' lang='lat' dir='ltr'><strong>sonnacii</strong></span> <span class='ocrx_word' id='word_1_471' title='bbox 1618 4865 1706 4930; x_wconf 73' lang='lat' dir='ltr'><strong>aaa</strong></span> <span class='ocrx_word' id='word_1_472' title='bbox 1724 4863 1834 4930; x_wconf 67' lang='lat' dir='ltr'><strong>aaa</strong></span> 
     </span>
     <span class='ocr_line' id='line_1_44' title="bbox 298 4951 1654 5041; baseline -0.004 -17"><span class='ocrx_word' id='word_1_473' title='bbox 298 4962 357 5041; x_wconf 90' lang='lat' dir='ltr'><strong>qui</strong></span> <span class='ocrx_word' id='word_1_474' title='bbox 386 4959 550 5024; x_wconf 88' lang='lat' dir='ltr'><strong>insidians</strong></span> <span class='ocrx_word' id='word_1_475' title='bbox 572 4961 674 5038; x_wconf 86' lang='lat' dir='ltr'><strong>atque</strong></span> <span class='ocrx_word' id='word_1_476' title='bbox 696 4955 862 5036; x_wconf 84' lang='lat' dir='ltr'><strong>obsidens,</strong></span> <span class='ocrx_word' id='word_1_477' title='bbox 885 4955 945 5019; x_wconf 90' lang='lat' dir='ltr'><strong>ubi</strong></span> <span class='ocrx_word' id='word_1_478' title='bbox 967 4955 1043 5020; x_wconf 88' lang='lat' dir='ltr'><strong>ade·</strong></span> <span class='ocrx_word' id='word_1_479' title='bbox 1087 4953 1182 5030; x_wconf 76' lang='lat' dir='ltr'><strong>idios,</strong></span> <span class='ocrx_word' id='word_1_480' title='bbox 1200 4951 1351 5034; x_wconf 75' lang='grc' dir='ltr'><strong>Ρίμριίίτ·</strong></span> <span class='ocrx_word' id='word_1_481' title='bbox 1364 4953 1654 5035; x_wconf 76' lang='grc' dir='ltr'><strong>είΗσιναορσιιίυ.)</strong></span> 
     </span>
    </p>
   </div>
   <div class='ocr_carea' id='block_1_4' title="bbox 333 5119 1824 5220">
    <p class='ocr_par' dir='ltr' id='par_1_14' title="bbox 333 5119 1824 5220">
     <span class='ocr_line' id='line_1_45' title="bbox 333 5119 1824 5220; baseline -0.009 -9"><span class='ocrx_word' id='word_1_482' title='bbox 333 5170 361 5211; x_wconf 74' lang='grc' dir='ltr'><strong>ι.</strong></span> <span class='ocrx_word' id='word_1_483' title='bbox 375 5119 554 5210; x_wconf 60' lang='lat' dir='ltr'><strong>norma</strong></span> <span class='ocrx_word' id='word_1_484' title='bbox 567 5149 631 5208; x_wconf 77' lang='lat' dir='ltr'><strong>on</strong></span> <span class='ocrx_word' id='word_1_485' title='bbox 645 5148 742 5220; x_wconf 64' lang='lat' dir='ltr'><strong>vera</strong></span> <span class='ocrx_word' id='word_1_486' title='bbox 1120 5141 1824 5216; x_wconf 71' lang='lat' dir='ltr'><strong>v.arrasa,11.1.oor.v.a.1.nm.1,ao.</strong></span> 
     </span>
    </p>
   </div>
   <div class='ocr_carea' id='block_1_5' title="bbox 0 0 2008 6084">
    <p class='ocr_par' dir='ltr' id='par_1_15' title="bbox 0 0 2008 6084">
     <span class='ocr_line' id='line_1_46' title="bbox 0 0 2008 6084; baseline 0 0"><span class='ocrx_word' id='word_1_487' title='bbox 0 0 2008 6084; x_wconf 95' lang='lat' dir='ltr'><strong> </strong></span> 
     </span>
    </p>
   </div>
  </div>
 </body>
</html>
