3966 6108
963 447 1173 510 (JRIGENES

882 689 1052 767 Ροοίικυυ
1077 685 1235 766 CVIII.

321 914 352 959 v.
369 895 435 958 2-4.
451 892 490 959 Ὁ
505 894 595 976 Θεὸς,
612 894 671 977 την
687 891 805 959 αίνεσίν
828 913 888 978 μου
908 895 951 980 μὴ
969 917 1029 960 πα-
1119 913 1151 957 ν.
1168 895 1198 957 6.
1214 890 1428 976 Κατούστησον
1444 889 1494 955 ἐπ’
1505 891 1601 957 αὐτόν
1616 890 1816 977 ἁμαρτωλόν.

279 997 517 1083 ρασιωπήοης...
534 997 619 1082 Ἐγὼ
634 995 669 1060 δέ
684 995 923 1081 προσηυχόμην.
1119 995 1325 1083 Ἀμαρτωλδς
1341 997 1397 1083 μέν
1412 995 1430 1060 ό
1445 1004 1503 1080 της
1519 995 1678 1084 ἁμαρτίας
1696 999 1831 1082 εὑρετὴς

324 1101 503 1189 Μονονουχὶ
519 1103 573 1166 καὶ
588 1104 661 1178 τοὺς
676 1101 745 1187 ἐμοὶ
758 1099 1031 1187 μαθητευομένους
1046 1164 1049 1176 ,
1077 1101 1242 1178 Σατανᾶς·
1257 1102 1293 1165 τό
1309 1099 1344 1164 δέ
1359 1098 1572 1184 κατάστησον,
1588 1099 1660 1167 ἀντὶ
1674 1111 1730 1166 τοῦ
1753 1099 1829 1186 μέλ-

280 1201 363 1294 έργιμ
388 1207 554 1287 διδάσκων,
584 1203 712 1284 ὁποίους
734 1207 789 1271 καὶ
813 1205 927 1283 αύτούς
953 1209 1033 1272 εἶναι
1077 1205 1143 1271 λειν
1157 1203 1378 1287 καθίστασθαι,
1402 1205 1496 1270 αὐτόν
1512 1203 1547 1268 δέ
1562 1205 1632 1270 τίνα
1646 1207 1668 1291 ἠ
1684 1208 1738 1270 τὸν
1753 1225 1831 1290 προ-

278 1308 443 1394 προοήκει,
460 1311 565 1374 είποτε
584 1319 648 1386 τοῖς
669 1308 786 1395 ὁμοίοις
802 1309 1032 1395 περιπίπτοιεν·
1078 1308 1174 1392 δότην
1194 1308 1317 1396 Ἰούδας
1341 1312 1441 1377 Vatia
1460 1313 1497 1376 ll
1515 1315 1547 1376 et
1563 1314 1613 1377 16.
1633 1311 1683 1394 Qs.
1703 1311 1831 1376 Corder.

278 1413 387 1499 ἐπειδὴ
404 1416 459 1479 καί
474 1413 576 1500 μέσως
593 1414 715 1499 εἴρηται
737 1413 791 1480 τό·
814 1415 877 1500 ἐγὼ
900 1414 935 1479 δέ
957 1437 1032 1501 προ-
1077 1432 1126 1494 ιιι,
1143 1415 1218 1478 224.

278 1516 456 1603 σηυχόμην.
481 1518 559 1585 Τίνα
572 1518 608 1582 δὲ
629 1517 708 1602 ηνᾶ
731 1517 952 1603 προσηύχετο;
974 1521 1030 1584 καί
1120 1537 1152 1581 ν.
1169 1517 1221 1582 22.
1239 1514 1304 1581 Καί
1317 1512 1434 1600 καρδία
1450 1536 1509 1600 μου
1524 1517 1716 1600 τετάρακται
1740 1515 1830 1596 ἐντός

280 1622 358 1706 ὑπὲρ
374 1619 502 1687 ἐκείνων
518 1624 577 1688 οὐκ
592 1621 771 1709 ἐμφέρεται.
792 1621 885 1688 Εῐποι
900 1623 969 1689 δ’ᾰν
984 1647 1030 1702 τις
1075 1641 1144 1707 μου.

277 1725 405 1803 εἰκότως
420 1725 468 1791 δτι
483 1736 584 1792 ταῦτα
606 1726 808 1812 προσηύχετο
823 1728 878 1791 καὶ
898 1728 976 1811 ύπέρ
1000 1729 1030 1792 ἐ-
1118 1724 1198 1790 Αιίιί.
1221 1724 1288 1788 edd.
1316 1725 1399 1788 1340
1415 1723 1453 1788 A.
1469 1721 1528 1786 Διόι
1549 1731 1649 1786 ταῦτα
1672 1721 1780 1787 δὲκαὶ
1798 1723 1834 1790 ἐν

276 1829 405 1897 κείνων·
420 1832 442 1896 ἃ
457 1832 496 1917 δὴ
514 1831 668 1918 σύμφωνα
682 1832 723 1916 ην
734 1839 803 1908 ταῖς
815 1831 913 1896 αὐτού
925 1833 1030 1896 διδασ-
1074 1836 1139 1905 τοῖς
1151 1825 1345 1912 εὐαγγελίοις
1356 1827 1441 1892 κατὰ
1452 1829 1506 1890 τόν
1518 1827 1627 1910 καιρόν
1638 1835 1694 1890 τοῦ
1706 1825 1827 1906 πάθους

162 2015 165 2024 Ι
276 1934 402 2012 καλίαις
425 1934 465 2000 δι’
476 1938 519 2001 ὧν
541 1937 692 2020 ἔφασκεν·
716 1933 936 2021 Προσεύχεσθε
952 1936 1030 2021 ύπέρ
1075 1931 1201 2016 ἔλεγεν·
1217 1929 1315 2015 Novi
1330 1928 1417 2016 ψυχή
1432 1951 1491 2017 μου
1503 1929 1703 2013 τετάρακται.
1716 1933 1824 2014 (Ιοαιι.

276 2048 338 2104 τῶν
368 2039 610 2124 ἐπηρεαζόντων
640 2040 695 2103 ααὶ
733 2037 909 2104 διωκόντων
939 2040 1029 2126 ὑμᾶς.
1075 2056 1137 2116 xu,
1151 2039 1207 2120 37)
1221 2035 1351 2102 Ἐλύπει
1366 2036 1439 2122 γὰρ,
1455 2033 1497 2113 ὡς
1512 2033 1606 2116 εἰκός,
1622 2037 1679 2099 καί
1693 2035 1826 2121 ἐταρατ-

282 2145 391 2211 Ραίίι.
408 2149 438 2208 6.
459 2144 509 2226 cy.
525 2145 591 2210 edd.
609 2145 666 2211 col.
686 2145 780 2224 1333,
799 2146 894 2210 1335.
1075 2137 1654 2225 τεναύτὸνὴτῶντοσούτωνἀπώλεια.
1667 2143 1765 2210 Vatia.
1776 2145 1830 2207 ll.

904 2386 1075 2465 Ρεοίικκι
1102 2384 1210 2464 OIX.

322 2634 354 2679 v.
370 2616 402 2679 2.
417 2611 551 2680 Ῥάύδον
566 2612 726 2700 δυνάμεως
749 2611 953 2691 ἐξαποστελεῑ
967 2632 1026 2675 σοι.
1071 2611 1105 2674 ἐν
1118 2610 1228 2696 μέσαις
1244 2613 1352 2690 αύταϊς
1367 2621 1436 2691 ταῖς
1450 2613 1580 2681 πόλεσιν
1594 2616 1649 2679 καὶ
1663 2614 1697 2680 ἐν
1713 2613 1821 2701 μέσοις

322 2715 406 2784 Ἀπὸ
424 2719 486 2804 γόιρ
504 2725 562 2802 της
584 2715 771 2802 ἐπουρανίου
791 2715 883 2797 Σιὼν,
902 2716 973 2799 περὶ
986 2715 1027 2799 ης
1071 2723 1137 2794 τοῖς
1152 2715 1276 2802 ἐχθροῖς
1295 2718 1532 2802 κατακυριεύεις
1548 2728 1610 2785 τῶν
1629 2729 1692 2786 σῶν
1707 2719 1827 2806 ἐκκλη-

278 2821 384 2887 τιολλόι
401 2821 556 2900 πολλάκις
571 2821 604 2886 αἱ
618 2823 738 2907 γραφαί
753 2818 1025 2905 παραδεδώκασιν,
1073 2831 1178 2888 σιῶν...
1192 2820 1270 2906 Περὶ
1282 2823 1400 2908 ταύτης
1416 2824 1556 2908 εἴρηται·
1571 2823 1632 2890 Ἐκ
1643 2822 1757 2908 Σιὼνὴ
1770 2823 1824 2889 εύ-

279 2925 351 3012 μίαν
362 2947 433 2992 τινα
449 2923 563 3010 ράθδον
578 2924 795 3012 ἀπελαστικην
816 2931 878 2990 τῶν
894 2931 957 2988 σῶν
972 2922 1026 3008 ἐχ·
1071 2925 1206 3010 πρέπεια
1221 2935 1278 3012 τῆς
1294 2926 1485 3012 ὡραιότητος
1501 2928 1608 3012 αὐτοῦ,
1620 2933 1676 2996 καί
1689 2929 1737 2995 δτι
1751 2931 1824 3016 ἥξει

278 3029 359 3115 θρῶν
370 3031 429 3094 ούκ
440 3029 582 3112 ἄλλοθεν,
596 3027 668 3093 ἀλλ’
678 3030 717 3094 ἐκ
728 3038 785 3114 της
797 3037 855 3113 σῆς
867 3026 1028 3111 δυνάμεως
1072 3029 1110 3093 ἐκ
1132 3029 1255 3095 Σιὼνδ
1286 3031 1444 3118 ῥυόμενος.
1480 3036 1578 3100 Vatic.
1608 3038 1658 3099 16.
1689 3036 1738 3120 Os.
1761 3040 1819 3103 Ps.

279 3133 323 3210 εἰς
334 3133 485 3217 οὐρανοὺς
501 3131 673 3198 ἀποστελεῖ
681 3131 798 3218 Κύριος
809 3131 827 3196 ό
839 3131 930 3212 Θεὸς,
944 3133 1027 3209 όπως
1072 3154 1167 3216 xux,
1187 3137 1214 3200 1.
1232 3139 1278 3201 Is.
1296 3155 1425 3220 xxxvn,
1443 3139 1495 3202 32.

904 3347 1079 3426 Psalmus
1110 3347 1195 3424 CX.

322 3599 353 3641 ι’.
379 3579 409 3642 3.
423 3575 671 3664 Ἐξομολόγησις
691 3579 748 3642 καί
771 3574 1029 3663 μεγαλοπρέπεια
1117 3595 1149 3640 v,
1174 3579 1206 3641 3.
1235 3579 1399 3661 Cbnsessio
1421 3586 1453 3645 et
1477 3581 1717 3664 maanificentw
1743 3597 1825 3662 opus

279 3683 316 3745 τὸ
330 3682 422 3766 ἔργον
438 3682 545 3763 αὐτοῦ,
561 3685 617 3746 καί
630 3680 652 3766 ἡ
666 3681 849 3767 δικαιοσύνη
866 3683 964 3746 αύτού
977 3679 1028 3766 μέ-
1073 3682 1155 3761 τρἰιυ,
1174 3686 1206 3746 et
1219 3683 1360 3763 justitia
1382 3685 1453 3766 ejus
1475 3691 1583 3750 manet
1603 3687 1641 3749 in
1662 3688 1829 3766 amum,

279 3806 324 3850 νει
339 3786 383 3864 εἰς
397 3787 450 3851 τόν
465 3787 565 3852 αἰῶνα
579 3785 649 3851 κτλ.
1074 3791 1131 3850 etc.
1471 3795 1477 3804 “

323 3888 364 3954 Ἥ
378 3889 404 3954 ε’
420 3888 545 3968 ἐκδοσίς
561 3910 653 3974 φησι·
669 3887 751 3968 Δόξα
767 3891 821 3954 καί
835 3886 1030 3976 μεγαλοπρέ-
1120 3892 1246 3966 Quinta
1257 3892 1361 3957 editio
1376 3893 1434 3956 ait:
1455 3893 1568 3960 Gloria
1578 3897 1610 3958 et
1624 3893 1832 3976 mynificen·

280 4007 356 4060 πεια
370 3996 407 4058 τό
419 3996 512 4080 ἔργον
524 3996 631 4058 αύτού.
648 3992 809 4081 Ἐπιλέγει
820 3993 855 4058 δέ
866 3993 986 4071 τούτοις
1001 3992 1030 4059 έ-
1074 3993 1123 4055 tia
1140 4011 1218 4074 ορυε
1233 3994 1313 4076 ejus,
1333 4003 1407 4062 tum
1423 3997 1618 4078 subjungit:
1635 3997 1829 4063 Memoriam

279 4097 354 4182 ξης·
370 4094 489 4162 Μνείαν
504 4096 677 4182 ἐποιήσατο
692 4105 753 4163 τῶν
772 4095 959 4183 θαυμασίων
974 4100 1029 4163 αύ-
1064 4095 1829 4180 [στίίηιίνοόίίίιιηισυστατικῶοιυιυθυίωηοω

279 4210 345 4268 τοῦ.
377 4202 447 4268 Τῶν
476 4203 538 4287 γὰρ
565 4200 665 4266 πύλαι
695 4199 747 4266 διὰ
771 4210 832 4267 τῶν
858 4209 1029 4286 προφητῶν
1073 4217 1133 4280 per
1147 4201 1328 4282 prophetas
1345 4206 1426 4267 olim
1443 4204 1602 4286 praedieta
1625 4207 1715 4283 sunt,
1733 4203 1828 4266 Chri-

312 4409 362 4464 Ps.
377 4425 426 4470 cx.
443 4410 543 4466 Pauca
560 4407 635 4465 satis
654 4407 883 4464 Montefaloonio
903 4407 934 4463 in
953 4407 1030 4464 hunc
1075 4405 1309 4476 praecedentibus
1327 4407 1490 4481 interjecta,
1503 4407 1556 4464 εοθ
1574 4425 1639 4481 quae
1657 4409 1766 4465 iterum
1783 4409 1828 4466 vi·

277 4497 422 4569 psalmum
445 4499 641 4564 onom-reruni,
664 4511 729 4566 quae
753 4494 865 4567 pariter
886 4493 950 4550 sine
970 4495 1032 4550 ulla
1077 4491 1191 4564 dentur,
1214 4500 1248 4550 ut
1269 4495 1348 4566 alibi,
1370 4495 1594 4570 paraphrasiioa
1609 4497 1703 4552 totius
1720 4495 1830 4569 psalmi

276 4581 340 4638 fere
353 4583 498 4639 varietate
507 4587 611 4637 notatu
621 4579 872 4652 dignaimiostris
882 4580 1031 4637 codicibus
1075 4583 1459 4649 ἀνακεφαλαιωσις,τοιοτυιυ
1468 4583 1828 4656 moregrandiloquopro-

277 4668 472 4741 reperiuntur,
484 4667 543 4724 nisi
561 4667 640 4741 quod
652 4667 706 4723 ool.
720 4667 790 4723 1345
802 4668 829 4724 Α
841 4667 952 4724 habent
963 4671 1031 4722 ἀπο·
1074 4664 1187 4738 θύματα
1200 4669 1301 4740 Usque
1310 4669 1436 4725 infinem
1448 4685 1493 4742 ps.
1502 4685 1599 4726 cxviii
1609 4669 1784 4726 defluitVat.
1793 4671 1826 4725 B.

278 4760 355 4812 δῶσω
368 4773 418 4824 σοι,
437 4753 542 4810 deindo
561 4759 593 4809 τὸ
611 4759 702 4825 τάγμα
718 4761 771 4810 τῶν
790 4759 819 4810 ἐν
837 4762 870 4825 τη
889 4758 1030 4824 ἐκκλησίᾳ,
1110 4771 1138 4810 ν.
1159 4753 1185 4808 3.
1199 4753 1294 4810 vatio.
1314 4755 1356 4810 16.
1377 4754 1465 4827 Apud
1482 4755 1575 4810 Πολύ.
1595 4772 1627 4825 n,
1642 4755 1696 4810 267
1714 4754 1830 4810 nullum

278 4845 343 4902 tum
358 4840 391 4898 in
403 4841 462 4897 fine
479 4841 523 4896 sic
540 4839 688 4896 clauditur
705 4841 946 4896 commentarius:
964 4845 1030 4896 Τού-
1074 4845 1121 4896 est
1132 4839 1292 4912 vestigium
1305 4841 1414 4912 quintae
1427 4841 1574 4914 editionis,
1593 4859 1658 4914 ηοω
1670 4842 1707 4898 πθ
1721 4841 1826 4914 Origo·

278 4947 332 4984 των
344 4932 470 4984 θπύντων
488 4931 684 4998 ἐπισφραγισμα
700 4929 719 4996 η
737 4931 835 4995 αίνεσίς
853 4932 922 4983 ἐστιν
940 4933 1029 4996 αύτού,
1073 4943 1111 4982 ne
1133 4926 1171 4982 ad
1193 4928 1288 4982 solum
1308 4927 1371 4983 fere
1389 4927 1550 4984 Eusebium
1570 4929 1725 5002 migravit3
1747 4931 1827 4988 unde

278 5018 393 5082 μάλιστα
410 5017 456 5069 ότι
474 5015 506 5069 δι’
516 5017 603 5083 ἀρχῆς
627 5015 695 5081 ain]
716 5017 850 5082 τυγχάνει,
871 5020 1029 5083 διαμένουσα
1073 5013 1185 5070 frustra
1197 5013 1353 5072 Gorderius
1370 5014 1434 5071 hoeo
1452 5031 1489 5071 ex
1506 5021 1592 5088 parte
1607 5015 1733 5072 tradidit
1749 5017 1829 5091 Apo-

279 5107 316 5166 ιίς
328 5106 375 5157 τόν
393 5107 477 5156 αἰῶνα
494 5107 542 5156 τού
554 5105 659 5166 αἰῶνος.
677 5102 757 5165 τέλος
774 5105 827 5170 γαρ
840 5105 900 5158 ιιτλ
912 5109 947 5158 ut
962 5103 1028 5159 οθθ.
1074 5103 1188 5171 λίποιτο,
1207 5102 1258 5174 qui
1276 5101 1426 5161 rarissime
1444 5101 1588 5178 Hexaplis
1612 5105 1714 5160 utitur.
1732 5103 1769 5160 ei·
1788 5105 1828 5160 Is.

281 5187 351 5243 1345
357 5186 389 5244 G.
397 5188 523 5245 Omnino
534 5193 633 5244 autem
642 5185 674 5241 in
684 5184 749 5242 edd,
760 5183 868 5244 desunt
876 5189 1030 5260 sequentia
1075 5207 1140 5260 vm,
1155 5191 1204 5261 183
1218 5207 1315 5259 xxxv,
1328 5190 1353 5244 5.
