3966 6108
278 452 342 514 498
962 452 1173 518 ORIGENES

280 588 352 667 κίας
367 587 589 676 πεπεδημένοι·
609 588 711 656 ἀλλ’.δ
728 589 945 676 φιλάνθρωπος
961 591 1030 658 κτλ.
1076 601 1131 657 τοῦ
1145 590 1289 657 θανάτου
1303 592 1410 658 πυλῶν
1432 589 1625 676 ἑφθάκαμεν,
1641 589 1734 675 μόνος
1749 587 1839 684 ἀρεῖ·
1967 541 1968 544 ¹

286 697 385 761 Vatia.
405 699 456 762 16.
1076 695 1131 760 λεν
1146 693 1163 760 ό
1179 705 1234 760 τοῦ
1250 694 1334 763 Θεοῦ
1349 695 1429 773 Υἱός.
1444 694 1511 759 Καὶ
1531 702 1594 760 πᾶν
1610 693 1646 760 δὲ
1660 692 1772 779 βρῶμα
1787 689 1841 755 ἐό-

322 799 409 865 Ιθίά.
425 803 466 865 D.
483 797 692 866 Συνέκλασεν.
710 800 810 886 Δηλοῖ
823 801 858 866 δὲ
872 804 1032 866 τοῦτοκαὶ
1076 799 1227 880 δελύξατο
1238 796 1261 883 ἡ
1272 800 1361 885 ψυχὴ
1370 801 1473 864 αὐτῶν
1486 798 1539 864 διά
1557 797 1728 888 κακοεξίαν
1739 799 1843 862 ἀποσ-

278 903 311 971 ὲν
327 912 371 990 τῷ
384 901 456 969 ’lat
473 903 567 981 αύτδς
579 904 597 967 δ
609 902 725 988 Κύριος
741 903 853 991 λέγων*
868 903 985 980 Ἥλθες
996 903 1032 968 et
1076 902 1275 989 τρεφομένων
1290 912 1396 968 πᾶσαν
1418 903 1560 988 λογικὴν
1574 905 1630 970 καί
1651 903 1761 988 ψυχιῦν
1776 921 1841 965 σω·

278 1005 330 1072 ἐπὶ
344 1009 454 1093 πηγὴν
465 1007 644 1092 θαλάσσης,
658 1007 691 1072 ἐν
707 1007 743 1072 δὲ
756 1008 876 1094 ἴχνεσιν
892 1005 1043 1073 ἀθύσσου·
1076 1007 1183 1093 τήριον
1199 1005 1328 1092 τροφήν.
1343 1005 1398 1071 dre
1416 1006 1582 1084 εἰκότως...
1604 1004 1837 1090 ἀναόοήσασιν·

278 1112 532 1197 περιεπάτησαςς
549 1109 729 1197 ἀνοίγονται
744 1109 779 1176 δέ
795 1132 845 1176 σοι
859 1110 1031 1199 euterpe·
1078 1113 1124 1176 ἔτι
1139 1109 1329 1196 βαδιζόντων
1341 1113 1399 1196 τὴν
1415 1120 1473 1196 της
1484 1110 1624 1196 ἀνομίας
1636 1111 1739 1176 αὐτῶν
1752 1108 1840 1190 tete,

278 1215 393 1299 νάπους
416 1215 563 1300 Ηυλωροῑ
586 1215 621 1279 δὲ
643 1215 722 1300 ᾅδου
745 1215 862 1292 ἰδόντες
879 1236 915 1279 σε
938 1217 1035 1300 ἔπτη-
1078 1214 1268 1280 ἀντελάδετο
1281 1217 1394 1295 αὐτόν,
1406 1216 1461 1278 καὶ
1474 1213 1700 1301 μνημονεύσας
1714 1211 1841 1298 όλόγσς

280 1321 354 1406 ξαν;
379 1322 464 1406 (Job.
480 1341 631 1403 xxxvnr,
652 1321 715 1406 17).
732 1321 837 1387 Ἀλλά
851 1323 906 1386 καί
921 1321 978 1398 τάς
998 1318 1036 1404 ἡ·
1081 1328 1141 1404 τῆς
1156 1315 1291 1403 ἀφίξεως
1306 1327 1363 1382 τοῦ
1377 1317 1579 1402 λυτρωτοῦ...
1605 1319 1703 1386 Vatia.
1724 1322 1775 1382 16.
1791 1318 1839 1400 cs.

281 1424 417 1510 μετέρας
433 1424 564 1511 ἀνομίας
579 1426 621 1490 δι’
635 1424 672 1502 ἃς
688 1427 743 1490 καί
756 1424 849 1511 ἡμεῖς
866 1424 960 1511 μέχρι
973 1433 1036 1491 τῶν
1081 1423 1151 1489 edd.
1167 1424 1225 1489 οοί.
1244 1425 1328 1488 1325
1344 1422 1384 1487 Α.
1664 1457 1666 1461 ,

324 1552 355 1597 v.
371 1529 864 1616 15-21.Ἐξομολογησοίσθωσαν
877 1541 921 1616 τῷ
932 1530 1038 1616 Κυρίῳ
1126 1549 1158 1592 ν.
1177 1531 1285 1595 15-21.
1305 1529 1527 1613 confiteantur
1553 1529 1690 1593 Daritim
1711 1529 1843 1594 misri-

279 1634 349 1700 κτλ.
1046 1642 1057 1660 ·
1084 1635 1197 1700 cordia
1210 1635 1283 1715 ejus
1296 1638 1354 1699 ric.

325 1739 464 1817 Τούτους
490 1741 553 1825 γάρ
579 1741 653 1817 τούς
679 1752 820 1807 τοσαῦτα
841 1741 1036 1820 πεπονθότας
1124 1737 1268 1802 Eosdem
1284 1739 1376 1801 enim
1393 1753 1432 1800 eo
1451 1753 1560 1818 usque
1575 1727 1701 1818 pasius,
1716 1739 1838 1817 totque

280 1845 338 1910 καὶ
353 1841 387 1909 έν
399 1842 559 1922 τοσούτοις
571 1854 682 1922 κακοῖς
695 1844 925 1931 ἐξητασμένους
938 1846 1035 1911 ἀποσ-
1079 1843 1331 1908 calamitatibus
1346 1843 1520 1923 cribratus
1540 1844 1665 1906 missus
1681 1843 1742 1906 Dei
1758 1842 1838 1905 uui·

280 1947 388 2026 τοιλείς
403 1949 420 2014 δ
434 1955 491 2012 τοῦ
508 1946 591 2015 Θεοῦ
610 1946 793 2034 Μονογενης
808 1948 884 2026 Υἰος
910 1949 1033 2032 ἰάσατο,
1079 1949 1218 2026 genitus
1234 1948 1343 2011 Filius
1357 1949 1501 2028 sanavit,
1513 1953 1548 2012 et
1562 1949 1688 2029 eripuit
1703 1965 1744 2010 ex
1759 1947 1836 2009 illn—

279 2054 335 2117 καί
350 2049 504 2135 ἐρρύσατο
526 2049 642 2116 ἐκτῶν
665 2051 840 2137 διαφθόρων
863 2053 976 2137 αὐτῶν,
992 2052 1034 2130 ύς
1079 2070 1156 2115 rum
1174 2052 1338 2132 cladibus,
1363 2068 1406 2115 ne
1423 2053 1580 2133 amplius,
1604 2057 1643 2115 nt
1658 2052 1750 2130 olim,
1772 2067 1834 2114 va-

284 2155 402 2243 μηκέτι
424 2156 509 2220 κατὰ
531 2158 567 2220 τό
590 2155 726 2221 παλαιόν
748 2155 938 2237 πλανᾶσθαι,
954 2157 1035 2242 μηδὲ
1078 2162 1215 2239 gantur,
1247 2175 1358 2239 neque
1392 2158 1552 2236 ignorent
1581 2158 1673 2220 viam
1707 2156 1831 2220 salutis

280 2263 339 2347 την
355 2259 427 2325 ὀδδν
444 2261 504 2346 τὴν
527 2258 692 2345 σωτήριον,
707 2264 762 2325 καί
785 2263 844 2347 την
865 2259 958 2326 πόλιν
977 2271 1033 2326 τοῦ
1078 2264 1208 2344 Deique
1234 2263 1425 2343 civitatem,
1454 2261 1497 2324 ad
1528 2281 1630 2343 quam
1652 2275 1836 2343 properare

281 2364 379 2446 Θεοῦ,
403 2363 505 2450 ἐρ’ἣν
519 2363 664 2429 σπεύδειν
679 2365 696 2429 ό
711 2364 807 2449 λόγος
821 2364 1035 2450 παρακελεύε-
1078 2368 1230 2450 psalmus
1249 2365 1364 2446 jubet3
1394 2383 1463 2429 neu
1487 2366 1590 2430 etiam
1613 2367 1735 2429 animm
1761 2381 1834 2430 etu-

283 2487 347 2550 ται,
368 2470 412 2555 μη
429 2468 570 2555 ἀγνοεῖν·
595 2469 677 2554 μηδὲ
692 2478 801 2535 πεινᾶν
823 2470 879 2533 καί
901 2471 957 2546 τάς
981 2470 1038 2555 dn·
1077 2473 1172 2537 retent
1185 2477 1246 2534 aut
1258 2471 1386 2550 εἰίάιαί,
1406 2475 1467 2534 aut
1482 2470 1646 2534 iemelieae
1668 2487 1711 2532 ex
1726 2485 1833 2550 panu-

286 2575 349 2659 χάς
370 2572 535 2659 λιμόττειν
550 2572 603 2636 διὰ
617 2571 1037 2660 ἔνδειανκοιίσπάνηνλογι-
1079 2577 1131 2639 ria
1155 2580 1191 2639 et
1219 2577 1390 2659 paucitate
1416 2577 1648 2657 spiritualium
1678 2575 1833 2640 ciborum

281 2685 347 2744 κῶν
377 2685 518 2762 τροφῶν·
543 2675 616 2764 μηδ’
628 2679 662 2743 ἐν
685 2677 792 2742 σκότει
810 2679 866 2742 καί
887 2686 963 2764 σκιᾷ
977 2677 1037 2743 θοι-
1078 2680 1180 2760 fiant3
1203 2697 1313 2761 neque
1328 2681 1366 2745 in
1381 2679 1566 2745 enutriret
1586 2677 1701 2743 ιιοιθνα
1714 2679 1834 2743 martir

280 2784 377 2848 νάτου
392 2780 598 2860 καθέζεσθαι·
623 2781 745 2870 μηδ’,ἐν
765 2780 908 2868 πτωχείᾳ
922 2782 978 2847 καί
992 2805 1036 2848 σι-
1077 2783 1231 2863 εοοίοακός
1257 2801 1367 2866 neque
1393 2785 1430 2848 in
1456 2783 1661 2849 nundinare
1685 2787 1718 2848 et
1733 2781 1836 2864 serto

280 2883 368 2971 δηριρ
384 2885 603 2965 πεπεδεῐσθας·
620 2887 700 2973 μηδὲ
721 2883 880 2952 έλκεῖσθαι
893 2889 966 2972 περί
979 2889 1035 2965 τάς
1077 2888 1288 2968 pincianum
1315 2905 1426 2970 neque
1451 2887 1634 2950 trudantur
1653 2885 1697 2952 ad
1716 2890 1837 2967 portas

280 2999 336 3055 τοῦ
361 2989 505 3055 θανάτου
528 2989 648 3069 πύλας·
673 2989 758 3056 ἀλλά
780 2990 898 3056 τούτων
922 2993 979 3078 μὲν
1001 2991 1036 3068 ά-
1078 2993 1234 3058 interitus
1240 3016 1254 3072 ;
1268 2991 1328 3056 sed
1343 2997 1383 3056 ut
1397 2992 1440 3056 ab
1457 2992 1527 3056 illis
1538 3009 1579 3055 ea
1599 2995 1723 3055 cuneta
1737 3006 1837 3053 aver·
1967 2997 1968 3030 ί

282 3093 411 3166 πάντων,
432 3093 656 3180 ἀπηλλάχθαι·
678 3094 842 3181 γνωρίζειν
862 3095 896 3160 δὲ
915 3097 958 3181 μὴ
983 3093 1037 3180 μό-
1080 3100 1212 3176 tantur3
1228 3114 1269 3159 ae
1284 3113 1352 3159 nnn
1367 3099 1479 3160 solum
1495 3101 1576 3159 nota
1590 3096 1660 3176 fiai,
1676 3093 1735 3159 sed
1751 3097 1837 3158 trita

282 3217 346 3280 νον,
362 3195 448 3261 ἀλλά
469 3198 526 3262 καὶ
542 3196 661 3263 ὁδεύειν
682 3199 742 3283 τὴν
758 3197 830 3264 όδδν
850 3201 910 3284 τὴν
925 3197 1036 3284 φέρου·
1080 3201 1201 3265 semita
1212 3217 1287 3281 quae
1303 3198 1398 3263 ducit
1411 3202 1454 3265 ad
1466 3201 1635 3265 celestem
1648 3202 1837 3280 civitatem

283 3321 344 3366 σαν
367 3301 419 3366 ἐπὶ
442 3303 500 3387 την
523 3300 667 3386 ούράνιον
688 3301 788 3385 πόλιν,
811 3305 866 3366 καί
892 3303 1037 3369 σπεύδειν
1081 3303 1838 3384 eefestinentfruiregnoeoelorum.lde0jam

283 3413 392 3491 τυχεῖν
405 3413 463 3490 της
485 3412 547 3470 τῶν
563 3407 703 3490 ούρανῦν
720 3405 889 3492 βασιλείας.
906 3406 960 3471 Διὸ
976 3406 1037 3493 τρί-
1081 3416 1133 3474 ter
1148 3411 1323 3474 oraculum
1335 3411 1487 3491 praeeipit
1499 3415 1539 3472 ut
1549 3409 1760 3493 σοομίἰιαπίωο·
1770 3409 1838 3473 Do-
1967 3411 1968 3488 γ

283 3529 338 3573 τον
354 3507 410 3594 μὲν
425 3507 489 3594 ηδη
506 3509 694 3592 προστάττει
709 3509 726 3573 δ
740 3508 847 3595 λόγος·
866 3509 1036 3596 Ἐξομολο
1079 3516 1166 3579 mino
1187 3514 1413 3580 πίτοοίοωύάε
1434 3515 1506 3595 ejus
1527 3518 1559 3578 et
1571 3513 1741 3578 mirabilia
1763 3515 1839 3596 ορατ
1967 3513 1968 3548 ³

261 3626 265 3640 ⁴
282 3609 388 3696 γείσθε
402 3621 447 3696 τῷ
462 3609 579 3697 Κυρίῳ,
592 3613 633 3676 τά
644 3611 719 3696 έλέη
732 3613 828 3677 αὐτοῦ
840 3615 895 3678 καί
906 3615 947 3678 τά
957 3613 1036 3678 θαυ-
1080 3619 1269 3702 interfile'oa
1283 3617 1457 3682 nominum.
1477 3621 1563 3682 Tum
1579 3619 1691 3698 magis
1705 3635 1836 3682 novum

284 3715 384 3801 μάσια
399 3714 506 3800 αὐτοῦ,
520 3725 586 3793 τοῖς
600 3716 676 3794 υἱοῖς
688 3727 750 3782 τῶν
762 3717 944 3802 ἀνθρώπων.
956 3717 1035 3782 Και-
1081 3721 1263 3802 subjungit
1293 3722 1513 3800 mandatum,
1545 3739 1643 3804 porro
1669 3722 1838 3808 subdens:

283 3818 414 3904 νοτέραν
430 3821 465 3885 δὲ
481 3820 684 3887 έπισυνάπτει
704 3816 948 3906 παρακέλευσιν,
963 3821 1036 3908 ἑξῆς
1081 3829 1125 3893 Εἰ
1138 3825 1303 3891 immolent
1316 3825 1440 3893 tostius
1451 3825 1571 3906 laudis,
1590 3842 1658 3890 nou
1675 3845 1731 3890 eas
1751 3844 1840 3907 quas

283 3923 454 4010 ἐπιλέγων·
471 3923 536 3990 Kal
548 3924 740 3990 θυσάτωσαν
751 3923 868 3990 θυσίαν
879 3925 1036 4011 αἰνέσεως,
1081 3933 1212 4014 Moyses
1226 3931 1395 4012 praecepit,
1412 3930 1472 3994 sed
1488 3930 1616 3994 hostias
1633 3932 1711 3994 novi
1735 3931 1839 3995 foede-

284 4029 322 4090 οἰι
337 4029 395 4106 τάς
411 4029 463 4093 διά
478 4026 637 4106 Μωῦσέως
652 4029 937 4117 παρηγγειλμένας,
953 4031 1038 4097 ἀλλά
1082 4037 1139 4114 ris,
1152 4053 1236 4115 quas
1248 4051 1368 4098 vocare
1381 4035 1571 4113 gratiarum
1581 4035 1725 4120 hymnos
1737 4035 1841 4100 nobis

282 4130 397 4210 θυσίας
411 4134 468 4208 τάς
483 4133 536 4198 διά
556 4143 614 4218 της
630 4143 743 4218 καινης
767 4133 921 4220 διαθήκης
936 4157 1037 4221 παρα·
1081 4141 1231 4202 solemne
1247 4143 1308 4202 est.

284 4236 464 4324 δεδομένας,
481 4238 519 4315 ἃς
535 4239 590 4302 καί
604 4237 803 4325 εὐχαριστίας
819 4239 985 4325 ὀνομάζειν
999 4239 1036 4326 ἡ·

286 4350 338 4427 μῖν
353 4342 423 4420 ἔθος
440 4341 516 4408 ἐστί.
632 4373 634 4378 v

329 4467 360 4512 v,
392 4449 502 4512 27-31.
534 4445 790 4533 Ἐταράχθησαν,
808 4449 1037 4538 ,ἐσαλεύθησαν
1126 4449 1549 4532 v.27·31.1nrtntisnnt,
1576 4453 1832 4534 commotisunt,

286 4550 355 4616 κτλ.
1083 4561 1139 4622 etc.

319 4743 348 4782 v.
361 4727 451 4782 1e21.
464 4728 511 4782 Ex
529 4726 593 4782 eod.
607 4726 702 4782 Velie.
723 4727 757 4781 16
773 4728 864 4784 alium
880 4729 1038 4803 recipimus
1118 4751 1145 4790 v.
1163 4731 1255 4787 27-31.
1274 4731 1320 4786 Ex
1338 4731 1402 4787 eod.
1421 4732 1488 4788 Vat.
1507 4732 1614 4789 Matth.
1634 4747 1701 4803 vm,
1719 4733 1755 4788 25
1773 4749 1837 4806 sqq.

285 4813 527 4870 commentarium
551 4815 614 4871 sive
638 4814 738 4887 potius
762 4817 957 4889 paraphrasin
980 4818 1038 4875 lar·
1082 4817 1136 4874 Uti
1149 4818 1293 4890 Origenes
1305 4819 1421 4877 notavit
1432 4825 1479 4874 ter
1491 4820 1523 4875 in
1535 4821 1649 4894 psalmo
1661 4821 1782 4877 clamari
1798 4822 1840 4876 ad

285 4915 361 4969 garn,
376 4898 508 4970 liberam,
520 4899 600 4956 haud
613 4900 676 4956 sins
691 4900 952 4971 elegantiaeteum
964 4905 1039 4977 opti·
1083 4905 1238 4972 Dominum,
1262 4903 1394 4976 ejusdem
1419 4903 1487 4962 fort
1510 4907 1644 4964 nemine
1665 4908 1714 4965 vel
1735 4907 1837 4964 indole

285 5003 333 5042 mo
354 4987 514 5042 vetustatis
536 5003 649 5059 sapore,
669 4986 719 5058 qni
737 4987 868 5044 indolem
886 4989 979 5046 refert
995 4991 1039 5046 in·
1084 4996 1188 5063 quater
1197 4991 1246 5046 hie
1257 4990 1457 5065 distinguitur:
1469 4993 1656 5067 Oenfioeantar
1667 5001 1722 5051 ete.
1733 4994 1770 5051 id
1779 4996 1837 5051 sal·

286 5075 448 5144 terpretnm
466 5090 540 5144 quos
558 5073 693 5130 Seniorer
707 5073 923 5132 Alexandrinos
941 5076 1037 5134 disere
1083 5084 1142 5132 tam
1161 5077 1296 5134 eumdem
1313 5077 1454 5150 indigitat
1471 5079 1662 5156 interpretem
1685 5081 1743 5138 sibi
1768 5100 1835 5140 non·

287 5156 377 5211 lubet.
1083 5169 1221 5221 stentem.
1235 5165 1279 5222 cf.
1293 5183 1382 5240 supra
1394 5185 1422 5238 p.
1434 5167 1497 5222 218.
