4044 6104
873 477 1078 542 EUSEBIUS
1684 490 1747 551 405

210 616 261 681 ἀεὶ
282 615 312 680 οἱ
333 613 476 698 πένητες,
493 612 521 678 οί
544 615 663 699 πτωχοί
679 622 722 699 τῷ
741 613 900 700 πνεύματι,
924 613 956 714 οἱ1
996 634 1127 698 semper
1151 621 1266 701 inopes
1284 627 1317 684 et
1336 639 1498 705 pauperes
1521 628 1654 708 spiritu,
1678 633 1738 711 qui

209 719 264 783 καὶ
279 726 323 804 τῷ
345 717 410 803 ἐμῷ
431 716 517 802 λόγῳ
537 715 757 804 προσέχοντες,
780 719 833 816 καί
853 715 953 784 πίστιν
996 722 1142 785 sermoni
1156 739 1230 787 meo
1242 727 1431 807 attendunt,
1448 731 1690 814 immotamque
1704 733 1742 796 fi-

209 820 324 904 ἀαλινῆ
339 829 516 904 τηροῦντες,
531 830 698 906 τοιγαροῦν
718 820 836 888 τούτων
852 821 954 888 αύτῦν
998 823 1073 888 dem
1095 831 1433 911 servant;propterea
1444 851 1536 898 nuno
1552 853 1742 918 assurgam,

210 925 328 1009 ἕνεκεν,
343 925 410 990 ἰδού
432 933 487 991 νῦν
501 923 731 1010 ἀναπτήσομαι,
752 925 808 990 καί
826 926 867 989 τὰ
881 924 955 1011 πρέ·
999 934 1033 993 et
1044 946 1167 1010 eaquae
1184 949 1237 994 me
1252 939 1415 1012 surgente
1427 937 1533 1016 digna
1544 943 1635 1020 sunt,
1651 957 1745 1022 pera·

210 1050 312 1095 ποντα
325 1039 365 1114 cp
377 1028 514 1114 ἐμαυτοῦ
527 1027 699 1093 ἀναστάσει
709 1025 842 1112 ποιήσω·
854 1025 955 1112 σωτή-
999 1049 1090 1112 gam.
1111 1036 1250 1098 Salvum
1265 1037 1357 1099 enim
1369 1037 1541 1104 hominem
1553 1059 1687 1107 omnem
1699 1043 1745 1108 fa·

209 1153 274 1216 ριον
288 1133 350 1218 γὰρ
364 1130 508 1218 θήσομαι
527 1140 622 1198 πᾶσιν
644 1130 818 1216 ἀνθρώποις
831 1133 884 1198 διὰ
898 1139 956 1216 τῆς
1000 1139 1087 1200 eiam
1099 1155 1159 1218 per
1178 1154 1288 1201 meum
1310 1146 1602 1225 resurrectionem,
1620 1147 1655 1210 in
1684 1147 1746 1210 hoo

211 1235 290 1322 ἐμῆς
311 1235 524 1316 ἀναστάσεως,
548 1236 603 1300 καί
625 1234 725 1319 τούτῳ
747 1243 791 1322 τῷ
813 1231 956 1320 σωτηρίῳ
999 1241 1121 1304 salutis
1148 1257 1248 1323 opere
1271 1243 1478 1310 confidenter
1500 1265 1612 1327 agam,
1641 1255 1680 1315 ut
1706 1249 1746 1313 de

208 1339 475 1426 παρρησιάσομαι,
498 1337 539 1417 ὡς
566 1340 618 1405 ἐπί
643 1339 771 1425 μεγάλῳ
796 1337 953 1424 ιιατορθύ-
999 1346 1160 1425 praeclaro
1176 1345 1334 1412 facinore.

210 1464 292 1530 ματι.
449 1495 456 1502 .
1043 1466 1074 1510 v.
1101 1449 1131 1510 7.
1157 1448 1298 1530 Eloquia
1323 1453 1464 1533 Domini,
1494 1454 1621 1538 cloquio
1642 1464 1742 1539 casto,

254 1569 286 1613 v.
304 1550 333 1614 7.
350 1547 401 1616 Τὰ
421 1546 514 1634 λόγια
534 1545 664 1633 Κυρίου,
679 1547 774 1633 λόγια
792 1546 885 1633 ἀγνύ,
900 1547 954 1632 ἀρ-
996 1556 1166 1634 oracutum
1179 1553 1491 1640 ἀμιαεαααιίααιιιαι,
1500 1559 1671 1639 motatum
1682 1568 1746 1628 tar·

208 1653 314 1738 γύριον
335 1651 567 1739 πεπυρωμένον,
582 1649 723 1737 δοκίμιον
734 1661 774 1738 τῇ
789 1661 842 1737 γῇ,
858 1671 954 1716 κεκα-
997 1673 1052 1736 ro,
1064 1661 1244 1738 patrocimo
1260 1659 1450 1741 septuplam.

208 1755 392 1843 θαρισμένον
407 1754 639 1834 έπταπλασίως.

250 1857 373 1946 Ὠσπερ
387 1861 450 1945 γὰρ
464 1858 482 1924 ὁ
497 1857 717 1945 πεπορισμένος
733 1859 878 1944 ἄργυρος,
897 1859 952 1923 καί
1040 1864 1327 1940 Quemadmodum
1346 1868 1437 1930 enim
1453 1875 1635 1947 argentum
1664 1873 1745 1950 igne

207 1965 352 2049 δεύτερον
366 1967 420 2030 καί
435 1960 537 2050 τρίτον
552 1963 604 2028 διὰ
618 1965 714 2050 πυρὸς
726 1963 833 2046 ἐλθὼν,
848 1963 903 2028 καὶ
915 1963 952 2027 οὐ
998 1970 1198 2033 mundatum
1213 1969 1333 2049 bisque
1354 1975 1472 2052 terque
1489 1989 1549 2052 per
1575 1973 1747 2038 flammam

209 2069 312 2156 μόνον,
328 2069 412 2134 ἀλλὰ
432 2070 488 2134 ιιαί
504 2067 590 2146 αὖθις
612 2069 667 2133 καί
681 2067 775 2134 πάλιν
797 2066 951 2145 πολλάκις
997 2071 1200 2152 traductum,
1218 2089 1281 2136 nec
1296 2074 1390 2153 satia,
1418 2075 1477 2138 sed
1493 2077 1617 2141 iterum
1643 2082 1745 2160 atque

207 2175 260 2239 διὰ
280 2172 413 2260 χωνείας
435 2171 677 2256 ἀποκαθαρθείς,
700 2173 759 2237 οῦιι
780 2171 820 2236 ἂν
842 2171 953 2236 ύπονο-
997 2176 1120 2239 iterum
1145 2176 1269 2256 sapius
1295 2193 1355 2257 per
1384 2176 1553 2244 fornacem
1580 2198 1746 2264 repurga-

206 2277 298 2365 ηθείη
321 2279 430 2345 λοιπον
455 2279 541 2363 ἔχειν
566 2277 635 2343 τινα
660 2275 740 2359 ῦλην
766 2273 952 2360 ἀλλοτρίαν·
996 2282 1080 2357 tum,
1095 2294 1270 2359 nunquam
1287 2279 1327 2342 de
1346 2285 1466 2346 oaetero
1485 2284 1635 2366 aliquam
1663 2288 1747 2350 reoi-

208 2385 306 2459 ούτως
321 2384 377 2448 καί
392 2381 421 2446 ot
436 2381 525 2468 λόγοι
538 2389 595 2446 τοῦ
610 2377 729 2466 Κυρίου
743 2379 773 2445 οί
786 2378 951 2464 λεχθέντες
997 2383 1068 2464 piet
1092 2383 1245 2464 spuriam
1260 2387 1295 2447 et
1320 2385 1466 2449 alienam
1481 2390 1670 2471 materiam,
1697 2392 1746 2454 ita

209 2483 331 2571 ἀρτίως,
346 2483 477 2570 πλήρεις
491 2485 568 2551 εἰσὶν
583 2481 743 2570 ἀληθείας,
758 2483 849 2569 ἁγνοί
867 2485 953 2562 ῦντες
1000 2491 1034 2550 et
1059 2487 1194 2568 eloquia
1208 2489 1354 2570 Domini,
1382 2507 1457 2572 quae
1475 2493 1627 2570 genuine
1655 2494 1745 2558 diota

209 2591 264 2654 καί
278 2587 431 2674 ἀμίαντοι,
448 2589 581 2676 μηδενὸς
602 2589 736 2674 ψευδοῦς
752 2589 859 2667 αὐτοῖς
881 2589 956 2656 ἀνα-
999 2595 1090 2669 sunt,
1105 2591 1249 2654 veritate
1270 2598 1353 2656 sunt
1374 2595 1484 2675 plena,
1511 2601 1627 2678 utpote
1653 2603 1747 2662 casta

210 2691 416 2780 κεκραμένου.
1000 2699 1035 2757 et
1049 2694 1190 2775 illibata,
1205 2697 1301 2760 nullo
1316 2714 1356 2760 ea
1371 2697 1543 2762 inficiente
1565 2701 1748 2781 mendacio,

830 2905 998 2983 Facimus
1025 2902 1128 2984 XII.

250 3141 282 3186 v.
301 3125 330 3186 1.
345 3119 404 3184 Διὰ
418 3119 454 3184 τῦ
469 3116 569 3196 τέλος.
584 3117 680 3185 Auci.
697 3137 732 3199 rr,
750 3119 825 3182 407.
1042 3119 1091 3182 Ad
1104 3137 1135 3181 v.
1151 3121 1179 3197 1,
1195 3121 1216 3182 2
1232 3122 1262 3182 3.
1283 3119 1362 3186 Vide
1376 3119 1462 3202 opud
1475 3127 1621 3188 matram
1634 3126 1742 3208 oripo-

254 3245 286 3289 v.
302 3226 332 3289 2.
348 3222 520 3288 Διδάσκων.
537 3221 620 3287 liic
997 3221 1204 3288 amacura
1219 3222 1374 3304 &sapuit
1387 3224 1531 3306 Boeotii,
1552 3241 1623 3290 οναι
1639 3218 1746 3292 Hocc-

250 3347 281 3391 v.
299 3329 328 3392 3.
346 3325 433 3392 'Ait'
443 3327 480 3390 ού
495 3325 512 3390 ὁ
529 3325 711 3411 Σύμμαχος.
728 3324 811 3388 mati.
992 3326 1064 3407 plia
1078 3328 1240 3410 amposta

251 3453 283 3498 v.
303 3433 366 3496 1-4.
378 3428 463 3508 Ἕως
474 3429 561 3512 πύτε,
569 3428 676 3514 Κύριε,
688 3427 823 3514 έπιληση
837 3450 897 3514 μου
908 3430 952 3506 εἰς
1042 3449 1073 3494 ν.
1100 3431 1163 3494 1-4.
1194 3433 1357 3512 antaequo
1378 3432 1523 3512 Domine,
1549 3433 1748 3500 obticueris

205 3533 313 3620 τέλοςς
328 3531 413 3614 Ἕως
428 3534 504 3600 πύτε
519 3533 726 3619 ἀποστρέψεις
738 3534 773 3597 τὸ
785 3531 952 3618 πρόσωπόν
995 3550 1044 3598 inc
1070 3534 1108 3598 ίαν
1125 3533 1256 3616 ficem?
1287 3536 1451 3616 Usquequo
1476 3539 1599 3601 mcertis
1620 3537 1749 3620 sociem

205 3662 263 3705 σου
273 3639 329 3704 ἀπ’
337 3640 456 3726 ἐμούς...
468 3634 553 3716 Ἕως
563 3635 639 3702 πύτε
655 3634 854 3722 ὑψωθήσεται
867 3636 884 3701 ὁ
897 3636 950 3722 ἐχ·
995 3641 1083 3702 oum
1094 3653 1115 3701 a
1125 3641 1227 3699 aar...
1250 3639 1413 3719 Usquequo
1425 3638 1745 3705 emtucitorioimi-

205 3744 276 3830 θρός
302 3765 363 3829 μου
387 3743 437 3808 ἐπ’
458 3740 532 3828 ἐμές
558 3738 737 3824 ἒπίὸλεψον,
765 3739 950 3805 εἰσάκουσύν
993 3757 1050 3805 οῦν
1073 3755 1162 3804 uacua
1184 3755 1282 3820 supet·
1305 3746 1380 3805 mc?
1405 3743 1549 3822 Respice,
1570 3749 1603 3809 et
1629 3745 1749 3808 cocudi

206 3871 275 3935 pou,
291 3847 398 3934 Κύριε,
414 3847 431 3912 ὁ
447 3845 527 3924 Θεός
551 3865 629 3930 μου·
652 3841 786 3930 φύτισον
800 3844 874 3920 τοὺς
895 3843 950 3928 ὁρ-
993 3861 1052 3924 me,
1077 3844 1211 3908 Domine
1225 3844 1314 3908 cau
1334 3861 1433 3911 αισαῦ.
1457 3847 1619 3912 Ilionam
1641 3848 1749 3913 oeulos

205 3951 342 4038 θαλμούς
358 3972 427 4037 μου,
444 3949 567 4037 μήποτε
581 3947 714 4014 ὑπνύσω
733 3946 778 4022 εἰς
799 3943 949 4011 θάνατον.
994 3965 1086 4028 meua,
1102 3965 1142 4012 oc
1155 3964 1297 4029 ααμιιυαι
1312 3947 1504 4014 nummum
1518 3952 1556 4014 io
1570 3957 1680 4017 morte.

214 4060 313 4126 Vciic.
331 4059 405 4138 630,
420 4057 452 4120 2.
956 4051 960 4080 ³

248 4158 356 4245 Ἥμῦν
372 4159 429 4245 μὲν
451 4156 766 4242 δικαιοπραγούντων,
789 4160 951 4223 ταπεινοῦ·
1039 4157 1205 4240 Equidem
1220 4157 1301 4221 durn
1321 4157 1416 4238 justa
1431 4161 1659 4242 exsequimur,
1687 4161 1743 4226 de·

207 4285 260 4328 ται
273 4261 291 4328 ὁ
305 4262 427 4349 ἐχθρὸς,
444 4260 685 4346 ἁμαρτανόντων
700 4259 745 4343 δέ,
761 4259 798 4323 τὸ
812 4253 951 4322 ἐναντίον
995 4261 1155 4343 primitur
1180 4262 1302 4342 hostis3
1333 4261 1413 4325 dum
1445 4278 1524 4327 vero
1554 4280 1744 4346 peccamus,

209 4362 378 4452 συμύαίνει,
394 4375 449 4431 τοῦ
470 4367 526 4452 μέν
548 4361 787 4450 ὲπεμύαίνοντος
808 4361 953 4448 ἡμῖνκαὶ
997 4367 1205 4430 oontrarium
1235 4366 1367 4445 accidit,
1409 4366 1600 4430 adversario
1645 4368 1742 4432 nobis

209 4469 486 4557 κατεπαιρομένου,
501 4469 591 4555 ἡμῶν
605 4468 640 4534 δὲ
663 4466 826 4551 ύπάῦτης
847 4474 904 4552 της
919 4464 954 4529 ὁ»
997 4469 1191 4534 dominante
1217 4476 1251 4534 et
1272 4471 1499 4552 superbiente,
1515 4469 1596 4534 dum
1620 4488 1680 4535 nos
1696 4473 1744 4552 ip

211 4571 622 4660 poptiogoooeuooptauu·
636 4569 766 4654 τοιαύτη
781 4568 879 4654 γὰρὴ
896 4575 953 4652 τῆς
998 4590 1035 4638 so
1064 4577 1200 4656 peooato
1231 4573 1467 4655 deprimimur:
1506 4590 1546 4636 ea
1579 4573 1742 4638 nimirum

210 4675 366 4764 ἁμαρτίας
388 4678 487 4764 φύσις,
510 4674 757 4742 καταύάλλουσα
771 4675 826 4738 καί
848 4694 953 4738 ταπει-
998 4683 1049 4743 eat
1066 4679 1194 4760 peccati
1209 4682 1341 4759 natura,
1369 4679 1517 4742 animam
1538 4677 1682 4758 dejicere
1710 4683 1745 4740 et
1803 4713 1805 4721 ,

210 4791 309 4850 νοῦσα
332 4784 390 4869 τὴν
416 4780 543 4868 ψυχήν·
565 4781 612 4844 διὸ
634 4779 833 4866 πρῶτονμὲν
855 4798 955 4863 παρα-
999 4785 1196 4867 0pprimere.
1212 4785 1391 4865 Propterea
1406 4785 1555 4865 primum
1563 4785 1745 4864 postulata

212 4885 307 4954 καλεῖ
325 4888 379 4953 τὸν
401 4884 483 4953 Θεὸν
504 4881 670 4969 ἑπιύλέψαι
691 4883 786 4970 αὐτῷ,
807 4883 863 4948 οιαὶ
881 4881 955 4948 ἰδεῖν
999 4892 1078 4969 Dec,
1095 4892 1135 4952 ut
1155 4889 1314 4970 respiciat
1329 4889 1363 4950 in
1391 4905 1479 4968 eum,
1496 4893 1530 4950 et
1559 4887 1749 4952 consideret

213 4984 956 5076 αῦιοῦυέαατορθύματπεῐθωῦτωςπροστίθη-
1000 5011 1052 5060 res
1068 4991 1140 5073 ejus
1165 4993 1250 5061 bene
1265 4997 1389 5070 gestas.
1417 4991 1544 5056 Deinde
1565 4993 1613 5056 ita
1634 4991 1747 5058 addit:

249 5169 298 5226 Pa.
307 5183 390 5230 xnv.
398 5165 537 5240 l‚4vatio.
548 5164 582 5222 13
589 5180 655 5224 cum
664 5165 706 5234 16,
717 5162 818 5238 paucio
826 5159 956 5220 mutam.
