4020 6098
271 431 274 444 ι
301 403 370 468 220
964 405 1174 469 ORIGENES

346 567 377 612 v.
393 549 447 611 42.
462 544 618 632 Ὀψονται
629 545 737 628 roten,
749 545 805 609 καί
816 543 1045 630 εῦρρανθήοον-
1131 564 1163 608 ν.
1179 547 1232 609 42.
1258 543 1409 619 Vidabaol
1426 547 1507 610 recti
1528 551 1559 610 al
1581 545 1783 627 latalaalar,
1804 551 1836 612 el

301 671 371 715 ται·
392 651 447 715 καί
469 658 558 714 πᾶσα
580 647 695 735 ἀνομία
715 647 867 735 ἐμφράξει
884 652 921 715 τό
943 648 1045 737 στόμα
1088 652 1192 716 amaia
1205 649 1367 731 iniquitas
1381 649 1536 730 oppilata
1550 667 1584 716 os
1598 668 1702 716 traam.

303 755 413 838 αθεῆς.

346 858 502 946 Ὀψονται
518 859 641 938 εῦθεις·
656 857 687 923 τί
708 859 853 944 όψονταις
876 861 935 946 τὴν
950 861 1001 928 ἐπί
1013 865 1048 928 τό
1145 856 1297 925 alarona
1311 857 1401 922 recti.
1418 857 1505 933 Quid
1527 859 1711 923 videbunt?
1734 861 1842 922 Muta·

302 973 444 1050 κρεῖττον
468 961 655 1050 μεταθολην.
672 959 753 1028 Τότε
775 960 867 1052 ἡμεῖς
893 964 1049 1051 γενόμεθα
1092 964 1219 1025 tionem
1235 962 1271 1024 in
1294 961 1426 1024 melius.
1443 964 1529 1026 Tum
1553 980 1613 1026 nos
1636 980 1715 1026 oves
1738 961 1841 1025 effici-

304 1064 567 1154 πρόόατα,’ότανό
578 1051 694 1152 Κύριος
705 1065 836 1154 γένηται
846 1068 972 1156 ποιμήν.
986 1071 1049 1138 Τόν
1093 1083 1181 1144 mur,
1193 1081 1301 1146 quum
1313 1065 1477 1130 Dominus
1490 1066 1529 1130 fit
1541 1071 1663 1149 pastor.
1677 1068 1838 1148 Iniquum

304 1173 424 1258 άνομον
439 1168 571 1257 ἀνομίαν
586 1171 744 1257 ὀνομάζει.
1093 1173 1192 1233 vocat
1210 1169 1436 1250 iniquitatem.

337 1410 366 1451 v.
377 1393 421 1450 42.
434 1394 501 1452 vat.
514 1393 540 1449 5.

908 1599 1078 1680 Psalmaa
1104 1601 1237 1681 CVII.

344 1841 376 1886 v.
393 1822 423 1886 2.
439 1818 570 1908 Ἑτοίμη
582 1821 603 1909 ἡ
616 1823 732 1908 καρδία
747 1845 816 1911 μου,
833 1824 850 1892 ό
866 1825 956 1911 Θεὸς,
969 1827 1047 1894 ἑτοί-
1133 1852 1165 1897 v.
1181 1835 1212 1898 2.
1227 1837 1386 1900 Patalam
1408 1852 1461 1902 aar
1483 1851 1597 1914 meam,
1616 1836 1715 1913 Deos,
1734 1848 1837 1914 para·

301 1944 345 2010 μη
362 1923 383 2009 ἡ
407 1924 522 2010 καρδία
545 1947 619 2012 μου·
642 1929 759 2015 ᾄσομαι
773 1931 828 1994 καί
843 1931 936 2016 ψαλῶ
958 1929 992 1999 όν
1007 1943 1046 2020 τῇ
1090 1941 1160 2002 tam
1173 1955 1228 2003 aar
1240 1957 1353 2004 maam-
1374 1939 1509 2006 ararat
1523 1944 1555 2004 al
1565 1939 1711 2020 psallam
1722 1939 1759 2002 ίιι
1766 1937 1836 2021 plo

303 2027 377 2114 δόξῃ
394 2051 464 2116 μου.
1089 2042 1145 2105 ala
1158 2059 1237 2107 maa.

208 2159 210 2164 ·
342 2133 492 2220 Ἐπείπερ
508 2137 545 2200 οῦ
559 2145 616 2201 τοῦ
631 2135 780 2223 τυχόντος
795 2139 878 2204 ἔστιν
893 2140 978 2226 ᾄδειν
993 2142 1048 2204 καί
1138 2147 1303 2221 Quoniam
1326 2164 1393 2211 non
1421 2151 1473 2212 est
1498 2145 1663 2227 cujusque
1689 2145 1780 2208 obvii
1807 2148 1842 2208 et

300 2237 443 2323 ψάλλειν,
460 2237 544 2304 ἀλλά
565 2249 621 2305 τοῦ
635 2237 777 2325 καθαροῦ
801 2252 840 2327 τῇ
856 2242 971 2329 καρδίᾳ
992 2246 1047 2309 καί
1075 2255 1230 2313 cantare
1247 2257 1280 2314 et
1302 2252 1455 2333 psallere,
1479 2251 1537 2314 sed
1561 2250 1635 2330 eJus
1651 2250 1710 2330 qui
1734 2267 1842 2331 purus

300 2339 548 2428 τεθαόψηκότος·
571 2347 683 2431 τὸγὰρ
699 2345 744 2422 δίς
768 2345 877 2434 ἑτοίμη
894 2347 1047 2434 άναφόρε·
1092 2354 1190 2418 corde
1207 2360 1259 2418 est
1274 2375 1313 2420 ac
1332 2356 1592 2419 fidentissimus:
1616 2353 1694 2418 inde
1712 2355 1764 2417 bis
1780 2371 1843 2434 pa·

299 2465 361 2527 ται,
376 2449 412 2511 τό
429 2449 485 2532 μὲν
500 2447 552 2512 διόι
573 2451 631 2534 την
646 2448 794 2535 θεωρίαν,
813 2453 849 2515 τό
864 2452 899 2517 δὲ
914 2451 966 2516 διά
988 2455 1047 2539 τὴν
1090 2463 1201 2522 ναίεται
1214 2459 1393 2538 repetitum
1410 2458 1514 2521 semel
1527 2474 1587 2538 pro
1599 2458 1840 2539 speculatione,

300 2548 426 2634 πρᾶξιν·
447 2553 503 2615 καί
518 2551 570 2616 διόι
592 2553 649 2638 μίν
671 2556 729 2640 τὴν
751 2553 897 2640 θεωρίαν,
912 2557 949 2620 τό
972 2556 1046 2641 doo-
1093 2563 1218 2644 iterum
1244 2578 1303 2643 pro
1331 2564 1477 2625 actione:
1502 2561 1659 2643 equidem
1685 2565 1841 2640 respectu

170 2717 173 2724 .
301 2675 373 2740 μαι·
388 2654 440 2720 διά
454 2658 512 2741 την
526 2656 636 2741 πρᾶξιν
651 2657 697 2741 δὲ,
711 2660 746 2722 τό
761 2658 981 2745 annuam
997 2659 1047 2725 δό-
1092 2665 1134 2729 ad
1143 2665 1318 2744 theoriam,
1327 2664 1452 2728 dicitur
1463 2665 1603 2744 caatado,
1620 2664 1662 2727 ad
1673 2665 1843 2727 actionem

300 2757 338 2843 ξη
354 2757 389 2824 δέ
404 2779 448 2836 τις
463 2760 639 2846 γενόμενος,
652 2761 753 2846 ᾀδέτω
768 2764 822 2827 καί
838 2760 995 2848 ψαλλέτω.
1092 2785 1173 2832 vero
1190 2768 1346 2849 psallam.
1364 2770 1397 2832 Si
1414 2769 1490 2850 quis
1506 2773 1620 2832 autem
1644 2769 1679 2830 in
1695 2769 1845 2847 gloriam

1092 2873 1256 2953 pervenit,
1273 2873 1330 2935 illa
1347 2878 1469 2952 cantet,
1486 2874 1544 2935 ille
1558 2872 1691 2954 psallat.

344 2987 376 3033 ν.
394 2971 423 3033 3.
439 2967 649 3055 Ἐξεχὲρθητι,
665 2968 837 3056 ψαλτήριον
852 2972 908 3036 καί
921 2970 1046 3056 κιθάρα,
1137 2997 1168 3040 ν.
1194 2980 1223 3041 3.
1247 2979 1405 3060 danaae,
1429 2977 1627 3058 psalterium
1648 2979 1680 3042 σί
1701 2975 1841 3054 attare,

301 3073 546 3159 ἐξεγερθήσομαι
561 3074 682 3160 όρθρου.
1094 3098 1265 3164 οωυιιιρῦιιι
1279 3082 1405 3147 allana
1425 3130 1432 3144 .

345 3178 410 3243 Τοῦ
433 3186 487 3242 νοῦ
510 3180 566 3265 μὲν
591 3177 747 3265 σόμόολόν
772 3182 839 3246 ἐστι
863 3182 900 3245 τό
926 3178 1047 3266 ψαλτη-
1138 3187 1259 3250 Mentis
1274 3186 1465 3268 symbolum
1482 3189 1533 3248 est
1547 3185 1757 3266 psalterium,
1770 3184 1844 3246 ani·

301 3301 377 3367 ριον,
392 3292 449 3369 της
464 3282 500 3347 δὲ
514 3284 619 3370 ψυχῆς
634 3282 656 3368 ἡ
672 3284 795 3370 κιθάρα.
819 3283 884 3350 Καί
903 3296 974 3362 νοῦς
990 3287 1047 3370 μὲν
1093 3307 1156 3354 mae
1168 3305 1248 3352 vero
1256 3290 1396 3351 cithara.
1408 3289 1511 3370 Atqui
1520 3307 1614 3352 mens
1623 3287 1847 3369 expergiscit,

300 3389 454 3477 ἐγείρεται
468 3387 657 3454 ἀποόάλλων
680 3391 819 3475 ἄγνοιαν,
835 3389 922 3476 ψυχὴ
939 3389 975 3452 δὲ
989 3411 1047 3453 κα-
1091 3395 1172 3459 dum
1189 3395 1319 3456 excutit
1341 3394 1586 3472 ignorantiam:
1610 3393 1734 3470 anima,
1757 3390 1842 3454 dum

300 3493 383 3560 κίαν.
399 3493 518 3580 Ψυχὴν
540 3495 575 3559 δὲ
596 3493 679 3579 λέγω
706 3497 743 3560 τό
765 3493 939 3579 παθητικόν
955 3493 1048 3580 μέρος
1091 3501 1267 3564 malitiam.
1292 3497 1374 3562 Ilico
1397 3501 1510 3561 autem
1533 3500 1693 3578 animam,
1717 3498 1842 3560 animat

299 3608 357 3685 τῆς
373 3600 487 3684 ψυχης,
504 3599 580 3682 ότιερ
604 3599 669 3663 ἐστὶ
685 3602 720 3664 τὸ
736 3597 871 3685 θυμικὸν
893 3601 947 3664 καί
968 3601 1003 3664 τό
1020 3601 1049 3666 θ·
1091 3610 1221 3686 partem
1238 3621 1305 3686 qua
1327 3603 1440 3681 sentit,
1464 3602 1621 3666 videlicet
1636 3619 1703 3685 qua
1725 3600 1843 3664 irasci·

299 3701 473 3788 πιθυμικόν.
490 3739 531 3750 -
547 3701 651 3768 Ἀλλὰ
664 3705 719 3766 καί
733 3705 779 3780 οίς
795 3702 971 3770 άνετείλετο
984 3707 1050 3790 φῶς
1091 3715 1149 3773 tur
1165 3715 1198 3773 et
1213 3707 1429 3789 concupiscit.
1448 3739 1486 3750 -·
1504 3707 1567 3770 Sed
1583 3711 1616 3770 et
1636 3705 1760 3786 quibus
1775 3705 1841 3767 lux

275 3865 278 3872 .
300 3807 336 3870 τό
350 3804 509 3890 ἀληθινὸν,
525 3803 567 3882 ὡς
589 3806 622 3870 ἐν
644 3803 750 3892 ἡμέρᾳ
772 3807 977 3893 εὐσχημόνως
996 3829 1051 3872 πε-
1090 3832 1172 3877 vera
1187 3817 1262 3876 orta
1277 3817 1336 3892 est,
1348 3812 1385 3874 hi
1397 3817 1571 3890 tamquam
1583 3809 1684 3874 indie
1696 3809 1840 3872 honeste

301 3919 512 3993 ριπατοῦντες,
529 3907 716 3994 ἐναρμονίως
739 3911 912 3996 μελῳδοῦσι
927 3921 969 3998 τῷ
984 3912 1050 3978 Σω
1095 3915 1318 3996 ambulantes,
1334 3917 1462 3978 canunt
1476 3931 1553 3976 cum
1569 3913 1715 3976 melodia
1729 3914 1841 3976 salva·

299 4022 371 4098 τηρι
385 4012 467 4098 Θεῷ.
1092 4021 1158 4083 tori
1173 4020 1252 4082 Dec.

344 4138 376 4182 v.
394 4121 424 4184 5.
448 4117 513 4183 Καὶ
535 4117 594 4194 ἕως
619 4124 680 4182 τῶν
706 4115 844 4202 νεφελῶν
870 4116 892 4204 ἡ
915 4115 1050 4203 άληθειά
1135 4141 1166 4186 v.
1183 4124 1213 4186 5.
1229 4123 1274 4186 Et
1287 4137 1387 4204 casque
1401 4117 1444 4186 aa
1457 4117 1555 4185 arabas
1568 4119 1690 4185 οειίίαυ
1705 4123 1773 4184 aaa.

302 4242 369 4289 σου.
978 4271 981 4278 .
1461 4279 1469 4306 ,

344 4325 412 4414 Τὴν
427 4334 483 4392 τοῦ
498 4324 583 4393 Θεοῦ
598 4324 749 4412 άλψθειαν
765 4323 798 4389 αἱ
819 4323 946 4410 λογικαί
959 4323 1049 4410 νεφὲ-
1134 4331 1318 4392 Veritatem
1333 4329 1394 4393 Dei
1410 4331 1621 4406 cognoscunt
1642 4328 1841 4409 spirituales

344 4556 475 4617 Panuoo
490 4555 723 4616 Hrnnournus.
735 4569 768 4615 v.
780 4551 811 4615 2.
823 4553 984 4616 Paratum
996 4568 1050 4616 cor
1092 4551 1285 4616 nouaclum
1300 4548 1399 4616 corde
1415 4555 1449 4613 et
1462 4569 1574 4632 sensu,
1590 4549 1648 4616 sed
1664 4555 1697 4614 et
1713 4551 1749 4614 in
1763 4568 1842 4633 ope·

300 4657 405 4706 arctam
421 4645 482 4705 etc.
506 4642 649 4705 Paratus
665 4658 741 4704 sum
757 4657 824 4703 non
846 4641 957 4704 solum
972 4657 1048 4720 opa-
1093 4659 1132 4705 ra
1154 4645 1293 4722 paratus
1315 4656 1401 4722 sum,
1428 4644 1605 4724 propterea
1631 4645 1665 4704 et
1690 4641 1843 4704 secundo

302 4749 348 4810 re,
373 4731 550 4810 sedetiam
570 4747 681 4794 sensu.
705 4727 865 4794 Paratum
879 4745 1052 4794 συνοικείτω
1096 4729 1180 4793 dico,

303 4821 338 4884 in
353 4837 464 4901 opere,
487 4819 550 4884 hoc
573 4823 624 4882 est
646 4819 681 4881 in
705 4818 861 4899 practice.
887 4817 1051 4892 Quoniam

337 5023 388 5078 Ps.
402 5039 475 5082 cru.
487 5040 516 5081 ν.
529 5023 555 5078 2.
568 5021 635 5080 Vat
648 5023 674 5079 ό.
1098 5021 1199 5080 Thaso.
1213 5035 1255 5090 rr,
1269 5021 1311 5076 11.

338 5129 365 5166 v.
378 5109 403 5166 θ.
416 5107 490 5166 ibid.
509 5109 546 5165 cf.
559 5109 608 5166 Pa.
628 5125 711 5180 xow,
738 5110 780 5166 11.
799 5107 883 5168 Rom.
902 5111 1024 5179 x111,13.
1039 5111 1054 5166 1
1133 5125 1160 5166 ν.
1174 5107 1198 5162 ό.
1211 5105 1287 5163 mid.
1299 5105 1336 5162 of.
1349 5105 1388 5162 Ιε.
1403 5122 1430 5174 ν,
1444 5107 1468 5162 θ.
