<?xml version="1.0" encoding="UTF-8"?>
<!DOCTYPE html PUBLIC "-//W3C//DTD XHTML 1.0 Transitional//EN"
    "http://www.w3.org/TR/xhtml1/DTD/xhtml1-transitional.dtd">
<html xmlns="http://www.w3.org/1999/xhtml" xml:lang="en" lang="en">
 <head>
  <title>
</title>
<meta http-equiv="Content-Type" content="text/html;charset=utf-8" />
  <meta name='ocr-system' content='tesseract 3.04.00' />
  <meta name='ocr-capabilities' content='ocr_page ocr_carea ocr_par ocr_line ocrx_word'/>
</head>
<body>
  <div class='ocr_page' id='page_1' title='image "./lta-11000/analectasacrasp00pitrgoog/analectasacrasp00pitrgoog_0334.png"; bbox 0 0 4006 6090; ppageno 0'>
   <div class='ocr_carea' id='block_1_1' title="bbox 237 415 1739 691">
    <p class='ocr_par' dir='ltr' id='par_1_1' title="bbox 237 415 1739 691">
     <span class='ocr_line' id='line_1_1' title="bbox 841 415 1739 531; baseline -0.006 -2"><span class='ocrx_word' id='word_1_1' title='bbox 841 465 885 530; x_wconf 73' lang='lat' dir='ltr'>ni</span> <span class='ocrx_word' id='word_1_2' title='bbox 909 464 1096 531; x_wconf 73' lang='lat' dir='ltr'>rsnnuos</span> <span class='ocrx_word' id='word_1_3' title='bbox 1611 415 1613 420; x_wconf 32' lang='lat'><strong><em>¹</em></strong></span> <span class='ocrx_word' id='word_1_4' title='bbox 1674 461 1739 528; x_wconf 77' lang='lat' dir='ltr'>sos</span> 
     </span>
     <span class='ocr_line' id='line_1_2' title="bbox 237 599 1735 691; baseline 0.005 -27"><span class='ocrx_word' id='word_1_5' title='bbox 237 620 270 666; x_wconf 88' lang='grc' dir='ltr'>ν.</span> <span class='ocrx_word' id='word_1_6' title='bbox 286 601 317 665; x_wconf 87' lang='grc'>4.</span> <span class='ocrx_word' id='word_1_7' title='bbox 332 599 518 686; x_wconf 87' lang='grc' dir='ltr'><strong>Ἀγάθυνον,</strong></span> <span class='ocrx_word' id='word_1_8' title='bbox 534 601 641 689; x_wconf 82' lang='grc' dir='ltr'><strong>Κύριε,</strong></span> <span class='ocrx_word' id='word_1_9' title='bbox 657 611 721 682; x_wconf 87' lang='grc' dir='ltr'><strong>τοῖς</strong></span> <span class='ocrx_word' id='word_1_10' title='bbox 741 603 873 690; x_wconf 87' lang='grc' dir='ltr'><strong>άγαθοῖς</strong></span> <span class='ocrx_word' id='word_1_11' title='bbox 887 606 942 669; x_wconf 81' lang='grc' dir='ltr'>καί</span> <span class='ocrx_word' id='word_1_12' title='bbox 1030 609 1061 670; x_wconf 84' lang='grc' dir='ltr'>ν’.</span> <span class='ocrx_word' id='word_1_13' title='bbox 1078 610 1108 671; x_wconf 94' lang='grc'>4.</span> <span class='ocrx_word' id='word_1_14' title='bbox 1123 607 1353 691; x_wconf 66' lang='lat' dir='ltr'>Benianesue,</span> <span class='ocrx_word' id='word_1_15' title='bbox 1373 608 1517 687; x_wconf 70' lang='grc' dir='ltr'><strong>θυινθυε,</strong></span> <span class='ocrx_word' id='word_1_16' title='bbox 1536 605 1625 673; x_wconf 68' lang='lat' dir='ltr'>mis</span> <span class='ocrx_word' id='word_1_17' title='bbox 1640 611 1671 672; x_wconf 77' lang='lat' dir='ltr'>et</span> <span class='ocrx_word' id='word_1_18' title='bbox 1684 621 1735 672; x_wconf 77' lang='lat' dir='ltr'>re·</span> 
     </span>
    </p>
   </div>
   <div class='ocr_carea' id='block_1_2' title="bbox 18 689 1163 800">
    <p class='ocr_par' dir='ltr' id='par_1_2' title="bbox 18 689 1163 800">
     <span class='ocr_line' id='line_1_3' title="bbox 18 689 1163 800; baseline 0.008 -34"><span class='ocrx_word' id='word_1_19' title='bbox 18 689 19 704; x_wconf 46' lang='lat'>¹</span> <span class='ocrx_word' id='word_1_20' title='bbox 94 783 102 800; x_wconf 25' lang='grc' dir='ltr'><strong><em>ἣ</em></strong></span> <span class='ocrx_word' id='word_1_21' title='bbox 193 711 258 780; x_wconf 91' lang='grc' dir='ltr'><strong>τοῖς</strong></span> <span class='ocrx_word' id='word_1_22' title='bbox 273 703 377 770; x_wconf 81' lang='grc' dir='ltr'><strong>εὐθέσι</strong></span> <span class='ocrx_word' id='word_1_23' title='bbox 390 715 430 790; x_wconf 80' lang='grc' dir='ltr'><strong>τῇ</strong></span> <span class='ocrx_word' id='word_1_24' title='bbox 445 703 570 792; x_wconf 80' lang='grc' dir='ltr'><strong>καρδίᾳ.</strong></span> <span class='ocrx_word' id='word_1_25' title='bbox 986 712 1049 778; x_wconf 82' lang='lat' dir='ltr'>ctis</span> <span class='ocrx_word' id='word_1_26' title='bbox 1062 711 1163 777; x_wconf 71' lang='lat' dir='ltr'>corde.</span> 
     </span>
    </p>
   </div>
   <div class='ocr_carea' id='block_1_3' title="bbox 189 806 1758 2981">
    <p class='ocr_par' dir='ltr' id='par_1_3' title="bbox 191 806 1758 1517">
     <span class='ocr_line' id='line_1_4' title="bbox 236 806 1738 899; baseline 0.004 -26"><span class='ocrx_word' id='word_1_27' title='bbox 236 806 344 894; x_wconf 84' lang='grc' dir='ltr'><strong>Ἤμῦν</strong></span> <span class='ocrx_word' id='word_1_28' title='bbox 366 809 402 874; x_wconf 88' lang='grc' dir='ltr'><strong>δέ</strong></span> <span class='ocrx_word' id='word_1_29' title='bbox 420 806 556 876; x_wconf 79' lang='grc' dir='ltr'><strong>δείκνυσι</strong></span> <span class='ocrx_word' id='word_1_30' title='bbox 578 813 636 896; x_wconf 86' lang='grc' dir='ltr'><strong>τήν</strong></span> <span class='ocrx_word' id='word_1_31' title='bbox 660 811 764 899; x_wconf 83' lang='grc' dir='ltr'><strong>ἀρχὴν</strong></span> <span class='ocrx_word' id='word_1_32' title='bbox 786 821 844 899; x_wconf 82' lang='grc' dir='ltr'>τής</span> <span class='ocrx_word' id='word_1_33' title='bbox 865 813 942 878; x_wconf 82' lang='grc' dir='ltr'><strong>ἀπο·</strong></span> <span class='ocrx_word' id='word_1_34' title='bbox 1030 817 1132 880; x_wconf 87' lang='lat' dir='ltr'>Nobis</span> <span class='ocrx_word' id='word_1_35' title='bbox 1144 821 1259 880; x_wconf 83' lang='lat' dir='ltr'>autern</span> <span class='ocrx_word' id='word_1_36' title='bbox 1273 817 1420 880; x_wconf 75' lang='lat' dir='ltr'><strong>ostendit</strong></span> <span class='ocrx_word' id='word_1_37' title='bbox 1434 817 1640 898; x_wconf 82' lang='lat' dir='ltr'>principium</span> <span class='ocrx_word' id='word_1_38' title='bbox 1651 816 1738 879; x_wconf 89' lang='lat' dir='ltr'>divi-</span> 
     </span>
     <span class='ocr_line' id='line_1_5' title="bbox 191 911 1739 1006; baseline 0.005 -30"><span class='ocrx_word' id='word_1_39' title='bbox 191 911 333 990; x_wconf 86' lang='grc' dir='ltr'><strong>λαόσειυς</strong></span> <span class='ocrx_word' id='word_1_40' title='bbox 354 923 411 999; x_wconf 82' lang='grc' dir='ltr'>τής</span> <span class='ocrx_word' id='word_1_41' title='bbox 434 912 542 981; x_wconf 81' lang='grc' dir='ltr'><strong>ἐνθέου</strong></span> <span class='ocrx_word' id='word_1_42' title='bbox 564 918 619 980; x_wconf 83' lang='grc' dir='ltr'>καί</span> <span class='ocrx_word' id='word_1_43' title='bbox 640 915 824 1006; x_wconf 78' lang='grc' dir='ltr'>κολάσεως,Ι</span> <span class='ocrx_word' id='word_1_44' title='bbox 837 919 865 982; x_wconf 89' lang='grc' dir='ltr'>εί</span> <span class='ocrx_word' id='word_1_45' title='bbox 886 919 942 982; x_wconf 84' lang='grc' dir='ltr'>καί</span> <span class='ocrx_word' id='word_1_46' title='bbox 986 937 1038 982; x_wconf 78' lang='lat' dir='ltr'>nee</span> <span class='ocrx_word' id='word_1_47' title='bbox 1053 918 1276 998; x_wconf 78' lang='lat' dir='ltr'>benignitatis</span> <span class='ocrx_word' id='word_1_48' title='bbox 1293 925 1327 983; x_wconf 92' lang='lat' dir='ltr'>et</span> <span class='ocrx_word' id='word_1_49' title='bbox 1349 921 1599 1000; x_wconf 80' lang='lat' dir='ltr'>castigationis,</span> <span class='ocrx_word' id='word_1_50' title='bbox 1620 937 1739 1001; x_wconf 86' lang='lat' dir='ltr'>quum-</span> 
     </span>
     <span class='ocr_line' id='line_1_6' title="bbox 191 1016 1740 1106; baseline 0.005 -26"><span class='ocrx_word' id='word_1_51' title='bbox 191 1017 244 1081; x_wconf 80' lang='grc' dir='ltr'>διὰ</span> <span class='ocrx_word' id='word_1_52' title='bbox 257 1016 490 1102; x_wconf 75' lang='grc' dir='ltr'>φιλανθρωπίαν</span> <span class='ocrx_word' id='word_1_53' title='bbox 505 1026 577 1104; x_wconf 78' lang='grc' dir='ltr'><strong>νικᾷ</strong></span> <span class='ocrx_word' id='word_1_54' title='bbox 593 1021 650 1106; x_wconf 81' lang='grc' dir='ltr'>μὲν</span> <span class='ocrx_word' id='word_1_55' title='bbox 664 1029 734 1098; x_wconf 88' lang='grc' dir='ltr'><strong>ταῖς</strong></span> <span class='ocrx_word' id='word_1_56' title='bbox 755 1020 939 1103; x_wconf 81' lang='grc' dir='ltr'>ἀντιδόσεσι,</span> <span class='ocrx_word' id='word_1_57' title='bbox 986 1039 1089 1104; x_wconf 75' lang='grc' dir='ltr'><strong>ηαυπτ</strong></span> <span class='ocrx_word' id='word_1_58' title='bbox 1105 1023 1147 1087; x_wconf 86' lang='grc' dir='ltr'>οῖ)</span> <span class='ocrx_word' id='word_1_59' title='bbox 1159 1039 1257 1088; x_wconf 83' lang='lat' dir='ltr'>suum</span> <span class='ocrx_word' id='word_1_60' title='bbox 1270 1041 1354 1103; x_wconf 82' lang='lat' dir='ltr'>ergo</span> <span class='ocrx_word' id='word_1_61' title='bbox 1366 1041 1426 1088; x_wconf 89' lang='lat' dir='ltr'>nos</span> <span class='ocrx_word' id='word_1_62' title='bbox 1442 1023 1670 1103; x_wconf 80' lang='lat' dir='ltr'>dilectionem,</span> <span class='ocrx_word' id='word_1_63' title='bbox 1682 1042 1740 1087; x_wconf 87' lang='lat' dir='ltr'>su·</span> 
     </span>
     <span class='ocr_line' id='line_1_7' title="bbox 191 1119 1733 1210; baseline 0.004 -26"><span class='ocrx_word' id='word_1_64' title='bbox 191 1121 248 1198; x_wconf 84' lang='grc' dir='ltr'><strong>τόις</strong></span> <span class='ocrx_word' id='word_1_65' title='bbox 263 1121 298 1185; x_wconf 86' lang='grc' dir='ltr'>δὲ</span> <span class='ocrx_word' id='word_1_66' title='bbox 312 1120 460 1198; x_wconf 80' lang='grc' dir='ltr'><strong>κολάσεις</strong></span> <span class='ocrx_word' id='word_1_67' title='bbox 477 1132 566 1207; x_wconf 81' lang='grc' dir='ltr'><strong>μειοῖ</strong></span> <span class='ocrx_word' id='word_1_68' title='bbox 585 1161 625 1172; x_wconf 89' lang='lat'>-</span> <span class='ocrx_word' id='word_1_69' title='bbox 642 1119 680 1188; x_wconf 75' lang='lat'>‘0</span> <span class='ocrx_word' id='word_1_70' title='bbox 696 1126 782 1190; x_wconf 84' lang='grc' dir='ltr'><strong>κατόι</strong></span> <span class='ocrx_word' id='word_1_71' title='bbox 795 1124 886 1210; x_wconf 80' lang='grc' dir='ltr'><strong>φύσιν</strong></span> <span class='ocrx_word' id='word_1_72' title='bbox 898 1123 940 1190; x_wconf 86' lang='grc' dir='ltr'>ὢν</span> <span class='ocrx_word' id='word_1_73' title='bbox 985 1131 1082 1208; x_wconf 82' lang='lat' dir='ltr'>perat</span> <span class='ocrx_word' id='word_1_74' title='bbox 1104 1126 1286 1206; x_wconf 85' lang='lat' dir='ltr'>benefieiis,</span> <span class='ocrx_word' id='word_1_75' title='bbox 1303 1145 1420 1210; x_wconf 85' lang='lat' dir='ltr'>poenes</span> <span class='ocrx_word' id='word_1_76' title='bbox 1435 1147 1515 1192; x_wconf 88' lang='lat' dir='ltr'>vero</span> <span class='ocrx_word' id='word_1_77' title='bbox 1539 1129 1675 1192; x_wconf 90' lang='lat' dir='ltr'>minuit.</span> <span class='ocrx_word' id='word_1_78' title='bbox 1695 1161 1733 1174; x_wconf 91' lang='lat'>-·</span> 
     </span>
     <span class='ocr_line' id='line_1_8' title="bbox 191 1223 1758 1315; baseline 0.004 -26"><span class='ocrx_word' id='word_1_79' title='bbox 191 1223 320 1311; x_wconf 81' lang='grc' dir='ltr'><strong>ἀγαθός,</strong></span> <span class='ocrx_word' id='word_1_80' title='bbox 344 1235 408 1303; x_wconf 79' lang='grc' dir='ltr'><strong>τοῖς</strong></span> <span class='ocrx_word' id='word_1_81' title='bbox 431 1225 594 1313; x_wconf 68' lang='grc' dir='ltr'><strong>ἐπιμελείᾳ</strong></span> <span class='ocrx_word' id='word_1_82' title='bbox 608 1227 787 1315; x_wconf 80' lang='grc' dir='ltr'>γενομένοις</span> <span class='ocrx_word' id='word_1_83' title='bbox 810 1227 940 1314; x_wconf 75' lang='grc' dir='ltr'><strong>ἀγαθοῖς</strong></span> <span class='ocrx_word' id='word_1_84' title='bbox 984 1232 1036 1294; x_wconf 84' lang='lat' dir='ltr'>Tu</span> <span class='ocrx_word' id='word_1_85' title='bbox 1056 1231 1115 1310; x_wconf 89' lang='lat' dir='ltr'>qni</span> <span class='ocrx_word' id='word_1_86' title='bbox 1138 1249 1198 1313; x_wconf 89' lang='lat' dir='ltr'>per</span> <span class='ocrx_word' id='word_1_87' title='bbox 1220 1236 1378 1294; x_wconf 82' lang='lat' dir='ltr'>naturum</span> <span class='ocrx_word' id='word_1_88' title='bbox 1401 1231 1509 1296; x_wconf 87' lang='lat' dir='ltr'>bonus</span> <span class='ocrx_word' id='word_1_89' title='bbox 1533 1251 1580 1313; x_wconf 87' lang='lat' dir='ltr'>es,</span> <span class='ocrx_word' id='word_1_90' title='bbox 1602 1233 1656 1296; x_wconf 87' lang='lat' dir='ltr'>his</span> <span class='ocrx_word' id='word_1_91' title='bbox 1675 1233 1758 1314; x_wconf 67' lang='lat' dir='ltr'>qui,</span> 
     </span>
     <span class='ocr_line' id='line_1_9' title="bbox 191 1327 1736 1420; baseline 0.004 -26"><span class='ocrx_word' id='word_1_92' title='bbox 191 1327 388 1414; x_wconf 79' lang='grc' dir='ltr'><strong>συντήρησον</strong></span> <span class='ocrx_word' id='word_1_93' title='bbox 409 1332 468 1416; x_wconf 86' lang='grc' dir='ltr'><strong>τήν</strong></span> <span class='ocrx_word' id='word_1_94' title='bbox 490 1333 568 1416; x_wconf 86' lang='grc' dir='ltr'><strong>πρός</strong></span> <span class='ocrx_word' id='word_1_95' title='bbox 589 1334 648 1418; x_wconf 86' lang='grc' dir='ltr'><strong>τήν</strong></span> <span class='ocrx_word' id='word_1_96' title='bbox 671 1336 731 1420; x_wconf 80' lang='grc' dir='ltr'>σήν</span> <span class='ocrx_word' id='word_1_97' title='bbox 755 1333 940 1420; x_wconf 86' lang='grc' dir='ltr'><strong>ἀγαθότητα</strong></span> <span class='ocrx_word' id='word_1_98' title='bbox 983 1333 1063 1398; x_wconf 90' lang='lat' dir='ltr'>boni</span> <span class='ocrx_word' id='word_1_99' title='bbox 1079 1339 1161 1397; x_wconf 87' lang='lat' dir='ltr'>sunt</span> <span class='ocrx_word' id='word_1_100' title='bbox 1183 1351 1225 1398; x_wconf 80' lang='lat' dir='ltr'>ex</span> <span class='ocrx_word' id='word_1_101' title='bbox 1246 1335 1422 1414; x_wconf 84' lang='lat' dir='ltr'>industrie,</span> <span class='ocrx_word' id='word_1_102' title='bbox 1439 1347 1602 1400; x_wconf 79' lang='lat' dir='ltr'>conserva</span> <span class='ocrx_word' id='word_1_103' title='bbox 1617 1354 1736 1402; x_wconf 90' lang='lat' dir='ltr'>eorum</span> 
     </span>
     <span class='ocr_line' id='line_1_10' title="bbox 192 1429 1737 1517; baseline 0.006 -20"><span class='ocrx_word' id='word_1_104' title='bbox 192 1434 294 1499; x_wconf 83' lang='grc' dir='ltr'><strong>αὐτῶν</strong></span> <span class='ocrx_word' id='word_1_105' title='bbox 308 1433 445 1501; x_wconf 90' lang='grc' dir='ltr'><strong>διάθεσιν</strong></span> <span class='ocrx_word' id='word_1_106' title='bbox 461 1435 667 1502; x_wconf 79' lang='grc' dir='ltr'><strong>ἀδιάπτωτον.</strong></span> <span class='ocrx_word' id='word_1_107' title='bbox 985 1437 1021 1499; x_wconf 90' lang='lat' dir='ltr'>in</span> <span class='ocrx_word' id='word_1_108' title='bbox 1044 1441 1105 1499; x_wconf 87' lang='lat' dir='ltr'>tun</span> <span class='ocrx_word' id='word_1_109' title='bbox 1121 1439 1270 1502; x_wconf 79' lang='lat' dir='ltr'>bonitate</span> <span class='ocrx_word' id='word_1_110' title='bbox 1286 1429 1462 1517; x_wconf 79' lang='lat' dir='ltr'>diligende</span> <span class='ocrx_word' id='word_1_111' title='bbox 1485 1441 1659 1505; x_wconf 80' lang='lat' dir='ltr'>immotam</span> <span class='ocrx_word' id='word_1_112' title='bbox 1680 1459 1737 1506; x_wconf 88' lang='lat' dir='ltr'>vo·</span> 
     </span>
    </p>

    <p class='ocr_par' dir='ltr' id='par_1_4' title="bbox 989 1543 1167 1606">
     <span class='ocr_line' id='line_1_11' title="bbox 989 1543 1167 1606; baseline -0.006 0"><span class='ocrx_word' id='word_1_113' title='bbox 989 1543 1167 1606; x_wconf 87' lang='lat' dir='ltr'>luntatem.</span> 
     </span>
    </p>

    <p class='ocr_par' dir='ltr' id='par_1_5' title="bbox 190 1639 1736 1938">
     <span class='ocr_line' id='line_1_12' title="bbox 235 1639 1734 1732; baseline 0.003 -25"><span class='ocrx_word' id='word_1_114' title='bbox 235 1663 267 1707; x_wconf 91' lang='lat' dir='ltr'>v.</span> <span class='ocrx_word' id='word_1_115' title='bbox 284 1645 315 1708; x_wconf 83' lang='lat'>5.</span> <span class='ocrx_word' id='word_1_116' title='bbox 332 1641 414 1721; x_wconf 86' lang='grc' dir='ltr'><strong>Τοὺς</strong></span> <span class='ocrx_word' id='word_1_117' title='bbox 437 1643 472 1707; x_wconf 82' lang='grc' dir='ltr'><strong>δέ</strong></span> <span class='ocrx_word' id='word_1_118' title='bbox 487 1639 668 1722; x_wconf 76' lang='grc' dir='ltr'><strong>ἐπλίνοντας</strong></span> <span class='ocrx_word' id='word_1_119' title='bbox 688 1644 732 1722; x_wconf 83' lang='grc' dir='ltr'>εἰς</span> <span class='ocrx_word' id='word_1_120' title='bbox 755 1647 811 1724; x_wconf 78' lang='grc' dir='ltr'>τὰς</span> <span class='ocrx_word' id='word_1_121' title='bbox 827 1667 942 1732; x_wconf 81' lang='grc' dir='ltr'><strong>στραγ·</strong></span> <span class='ocrx_word' id='word_1_122' title='bbox 1030 1662 1061 1709; x_wconf 82' lang='grc' dir='ltr'>ν.</span> <span class='ocrx_word' id='word_1_123' title='bbox 1079 1649 1110 1709; x_wconf 82' lang='grc'>5.</span> <span class='ocrx_word' id='word_1_124' title='bbox 1123 1644 1330 1712; x_wconf 78' lang='lat' dir='ltr'>Deciiuooter</span> <span class='ocrx_word' id='word_1_125' title='bbox 1340 1651 1448 1712; x_wconf 77' lang='lat' dir='ltr'>autem</span> <span class='ocrx_word' id='word_1_126' title='bbox 1465 1648 1503 1712; x_wconf 83' lang='lat' dir='ltr'>iu</span> <span class='ocrx_word' id='word_1_127' title='bbox 1514 1650 1671 1714; x_wconf 74' lang='lat' dir='ltr'>tortuosos</span> <span class='ocrx_word' id='word_1_128' title='bbox 1686 1648 1734 1712; x_wconf 82' lang='lat' dir='ltr'>lu·</span> 
     </span>
     <span class='ocr_line' id='line_1_13' title="bbox 190 1746 1736 1838; baseline 0.003 -27"><span class='ocrx_word' id='word_1_129' title='bbox 190 1747 305 1834; x_wconf 85' lang='grc' dir='ltr'><strong>γαλιόις</strong></span> <span class='ocrx_word' id='word_1_130' title='bbox 321 1747 435 1826; x_wconf 83' lang='grc' dir='ltr'><strong>ἀπάξει</strong></span> <span class='ocrx_word' id='word_1_131' title='bbox 449 1746 565 1832; x_wconf 83' lang='grc' dir='ltr'><strong>Κύριος</strong></span> <span class='ocrx_word' id='word_1_132' title='bbox 589 1750 669 1835; x_wconf 80' lang='grc' dir='ltr'><strong>μετὰ</strong></span> <span class='ocrx_word' id='word_1_133' title='bbox 684 1751 940 1838; x_wconf 73' lang='grc' dir='ltr'><strong>τῶνέργαζομί-</strong></span> <span class='ocrx_word' id='word_1_134' title='bbox 985 1767 1081 1834; x_wconf 77' lang='lat' dir='ltr'>queen</span> <span class='ocrx_word' id='word_1_135' title='bbox 1102 1748 1236 1816; x_wconf 78' lang='lat' dir='ltr'>adducet</span> <span class='ocrx_word' id='word_1_136' title='bbox 1256 1752 1415 1816; x_wconf 75' lang='lat' dir='ltr'>Dominus</span> <span class='ocrx_word' id='word_1_137' title='bbox 1437 1769 1509 1817; x_wconf 79' lang='lat' dir='ltr'>cum</span> <span class='ocrx_word' id='word_1_138' title='bbox 1531 1751 1736 1834; x_wconf 74' lang='lat' dir='ltr'>operantibus</span> 
     </span>
     <span class='ocr_line' id='line_1_14' title="bbox 191 1851 1203 1938; baseline -0.001 -19"><span class='ocrx_word' id='word_1_139' title='bbox 191 1872 252 1919; x_wconf 90' lang='grc' dir='ltr'><strong>νιυν</strong></span> <span class='ocrx_word' id='word_1_140' title='bbox 266 1854 325 1938; x_wconf 85' lang='grc' dir='ltr'><strong>τήν</strong></span> <span class='ocrx_word' id='word_1_141' title='bbox 340 1851 483 1938; x_wconf 85' lang='grc' dir='ltr'><strong>ἀνομίαν.</strong></span> <span class='ocrx_word' id='word_1_142' title='bbox 987 1855 1203 1938; x_wconf 74' lang='lat' dir='ltr'>iniquitatem.</span> 
     </span>
    </p>

    <p class='ocr_par' dir='ltr' id='par_1_6' title="bbox 189 1953 1740 2880">
     <span class='ocr_line' id='line_1_15' title="bbox 235 1953 1738 2044; baseline 0 -22"><span class='ocrx_word' id='word_1_143' title='bbox 235 1955 305 2023; x_wconf 79' lang='grc' dir='ltr'>Οὐκ</span> <span class='ocrx_word' id='word_1_144' title='bbox 340 1953 575 2042; x_wconf 75' lang='grc' dir='ltr'><strong>ἐργασαμένων,</strong></span> <span class='ocrx_word' id='word_1_145' title='bbox 613 1955 684 2022; x_wconf 77' lang='grc' dir='ltr'><strong>ἀλλ’</strong></span> <span class='ocrx_word' id='word_1_146' title='bbox 710 1957 940 2044; x_wconf 77' lang='grc' dir='ltr'><strong>ἐργαζομένων.</strong></span> <span class='ocrx_word' id='word_1_147' title='bbox 1030 1962 1133 2041; x_wconf 82' lang='lat' dir='ltr'>Dixit,</span> <span class='ocrx_word' id='word_1_148' title='bbox 1149 1958 1285 2026; x_wconf 77' lang='grc' dir='ltr'><strong>σιιοιίιόε</strong></span> <span class='ocrx_word' id='word_1_149' title='bbox 1299 1960 1357 2040; x_wconf 80' lang='lat' dir='ltr'>qui</span> <span class='ocrx_word' id='word_1_150' title='bbox 1372 1965 1555 2042; x_wconf 70' lang='lat' dir='ltr'><em>operantur,</em></span> <span class='ocrx_word' id='word_1_151' title='bbox 1572 1977 1638 2023; x_wconf 91' lang='lat' dir='ltr'>non</span> <span class='ocrx_word' id='word_1_152' title='bbox 1654 1977 1738 2023; x_wconf 84' lang='lat' dir='ltr'>vero</span> 
     </span>
     <span class='ocr_line' id='line_1_16' title="bbox 190 2059 1736 2149; baseline 0.002 -23"><span class='ocrx_word' id='word_1_153' title='bbox 190 2061 305 2126; x_wconf 80' lang='grc' dir='ltr'><strong>Δίκαια</strong></span> <span class='ocrx_word' id='word_1_154' title='bbox 320 2060 354 2124; x_wconf 84' lang='grc' dir='ltr'>δὲ</span> <span class='ocrx_word' id='word_1_155' title='bbox 368 2063 423 2125; x_wconf 86' lang='grc' dir='ltr'><strong>τόν</strong></span> <span class='ocrx_word' id='word_1_156' title='bbox 439 2060 520 2129; x_wconf 85' lang='grc' dir='ltr'><strong>Θεὸν</strong></span> <span class='ocrx_word' id='word_1_157' title='bbox 536 2061 553 2126; x_wconf 90' lang='grc' dir='ltr'><strong>ό</strong></span> <span class='ocrx_word' id='word_1_158' title='bbox 576 2059 742 2147; x_wconf 77' lang='grc' dir='ltr'><strong>προφήτης</strong></span> <span class='ocrx_word' id='word_1_159' title='bbox 758 2061 847 2144; x_wconf 83' lang='grc' dir='ltr'><strong>αἰτεῖ,</strong></span> <span class='ocrx_word' id='word_1_160' title='bbox 863 2063 942 2148; x_wconf 82' lang='grc' dir='ltr'><strong>ἀγα·</strong></span> <span class='ocrx_word' id='word_1_161' title='bbox 986 2068 1044 2149; x_wconf 84' lang='lat' dir='ltr'>qui</span> <span class='ocrx_word' id='word_1_162' title='bbox 1064 2064 1187 2148; x_wconf 78' lang='lat' dir='ltr'>operati</span> <span class='ocrx_word' id='word_1_163' title='bbox 1208 2071 1295 2131; x_wconf 78' lang='grc' dir='ltr'><strong>ειιυί.</strong></span> <span class='ocrx_word' id='word_1_164' title='bbox 1315 2099 1353 2112; x_wconf 87' lang='lat'>—-</span> <span class='ocrx_word' id='word_1_165' title='bbox 1370 2069 1391 2130; x_wconf 88' lang='lat' dir='ltr'><strong>J</strong></span> <span class='ocrx_word' id='word_1_166' title='bbox 1394 2073 1470 2130; x_wconf 79' lang='lat' dir='ltr'>usta</span> <span class='ocrx_word' id='word_1_167' title='bbox 1485 2071 1600 2130; x_wconf 84' lang='lat' dir='ltr'>autem</span> <span class='ocrx_word' id='word_1_168' title='bbox 1622 2085 1644 2129; x_wconf 85' lang='lat' dir='ltr'>a</span> <span class='ocrx_word' id='word_1_169' title='bbox 1666 2067 1736 2129; x_wconf 89' lang='lat' dir='ltr'>Deo</span> 
     </span>
     <span class='ocr_line' id='line_1_17' title="bbox 190 2165 1740 2254; baseline 0.001 -22"><span class='ocrx_word' id='word_1_170' title='bbox 190 2166 263 2245; x_wconf 85' lang='grc' dir='ltr'><strong>θοός</strong></span> <span class='ocrx_word' id='word_1_171' title='bbox 276 2187 312 2254; x_wconf 83' lang='grc' dir='ltr'>τε</span> <span class='ocrx_word' id='word_1_172' title='bbox 327 2168 382 2230; x_wconf 88' lang='grc' dir='ltr'>καῖ</span> <span class='ocrx_word' id='word_1_173' title='bbox 396 2167 552 2250; x_wconf 86' lang='grc' dir='ltr'><strong>πονηροὺς</strong></span> <span class='ocrx_word' id='word_1_174' title='bbox 575 2175 635 2232; x_wconf 83' lang='grc' dir='ltr'><strong>τῶν</strong></span> <span class='ocrx_word' id='word_1_175' title='bbox 651 2165 876 2252; x_wconf 73' lang='grc' dir='ltr'><strong>προσηκόντων</strong></span> <span class='ocrx_word' id='word_1_176' title='bbox 891 2190 942 2234; x_wconf 87' lang='grc' dir='ltr'><strong>τυ·</strong></span> <span class='ocrx_word' id='word_1_177' title='bbox 985 2171 1149 2252; x_wconf 85' lang='lat' dir='ltr'>prophetn</span> <span class='ocrx_word' id='word_1_178' title='bbox 1165 2175 1275 2250; x_wconf 79' lang='lat' dir='ltr'>roget,</span> <span class='ocrx_word' id='word_1_179' title='bbox 1294 2177 1331 2234; x_wconf 93' lang='lat' dir='ltr'>ut</span> <span class='ocrx_word' id='word_1_180' title='bbox 1345 2173 1449 2234; x_wconf 88' lang='lat' dir='ltr'>simul</span> <span class='ocrx_word' id='word_1_181' title='bbox 1467 2176 1501 2234; x_wconf 92' lang='lat' dir='ltr'>et</span> <span class='ocrx_word' id='word_1_182' title='bbox 1512 2169 1598 2250; x_wconf 86' lang='lat' dir='ltr'>justi</span> <span class='ocrx_word' id='word_1_183' title='bbox 1615 2175 1649 2234; x_wconf 89' lang='lat' dir='ltr'>et</span> <span class='ocrx_word' id='word_1_184' title='bbox 1663 2189 1740 2252; x_wconf 81' lang='lat' dir='ltr'>pre·</span> 
     </span>
     <span class='ocr_line' id='line_1_18' title="bbox 190 2268 1737 2359; baseline 0.001 -23"><span class='ocrx_word' id='word_1_185' title='bbox 190 2281 270 2358; x_wconf 81' lang='grc' dir='ltr'><strong>χεῖν.</strong></span> <span class='ocrx_word' id='word_1_186' title='bbox 297 2268 337 2338; x_wconf 84' lang='grc' dir='ltr'>Τί</span> <span class='ocrx_word' id='word_1_187' title='bbox 362 2271 424 2356; x_wconf 87' lang='grc' dir='ltr'><strong>γόιρ</strong></span> <span class='ocrx_word' id='word_1_188' title='bbox 451 2272 539 2357; x_wconf 82' lang='grc' dir='ltr'><strong>είχον</strong></span> <span class='ocrx_word' id='word_1_189' title='bbox 565 2270 594 2334; x_wconf 80' lang='lat' dir='ltr'>oi</span> <span class='ocrx_word' id='word_1_190' title='bbox 620 2273 705 2336; x_wconf 77' lang='grc' dir='ltr'><strong>κατὰ</strong></span> <span class='ocrx_word' id='word_1_191' title='bbox 730 2281 787 2336; x_wconf 90' lang='grc' dir='ltr'><strong>τοῦ</strong></span> <span class='ocrx_word' id='word_1_192' title='bbox 810 2271 942 2359; x_wconf 82' lang='grc' dir='ltr'><strong>Ἰσραήλ</strong></span> <span class='ocrx_word' id='word_1_193' title='bbox 985 2277 1021 2338; x_wconf 90' lang='lat' dir='ltr'>vi</span> <span class='ocrx_word' id='word_1_194' title='bbox 1037 2278 1160 2339; x_wconf 84' lang='lat' dir='ltr'>merito</span> <span class='ocrx_word' id='word_1_195' title='bbox 1182 2281 1444 2356; x_wconf 82' lang='lat' dir='ltr'>consequantur.</span> <span class='ocrx_word' id='word_1_196' title='bbox 1461 2275 1548 2350; x_wconf 87' lang='lat' dir='ltr'>Quid</span> <span class='ocrx_word' id='word_1_197' title='bbox 1572 2277 1663 2338; x_wconf 90' lang='lat' dir='ltr'>enim</span> <span class='ocrx_word' id='word_1_198' title='bbox 1679 2275 1737 2338; x_wconf 83' lang='lat' dir='ltr'>hu-</span> 
     </span>
     <span class='ocr_line' id='line_1_19' title="bbox 189 2374 1740 2464; baseline 0.001 -23"><span class='ocrx_word' id='word_1_199' title='bbox 189 2375 436 2461; x_wconf 86' lang='grc' dir='ltr'><strong>στρατεύσαντες</strong></span> <span class='ocrx_word' id='word_1_200' title='bbox 461 2374 620 2460; x_wconf 83' lang='grc' dir='ltr'><strong>ἐγκαλεῖν,</strong></span> <span class='ocrx_word' id='word_1_201' title='bbox 648 2376 733 2462; x_wconf 82' lang='grc' dir='ltr'><strong>πλὴν</strong></span> <span class='ocrx_word' id='word_1_202' title='bbox 756 2377 783 2442; x_wconf 90' lang='grc' dir='ltr'>εί</span> <span class='ocrx_word' id='word_1_203' title='bbox 810 2379 853 2463; x_wconf 82' lang='grc' dir='ltr'>μή</span> <span class='ocrx_word' id='word_1_204' title='bbox 881 2380 941 2464; x_wconf 86' lang='grc' dir='ltr'><strong>τήν</strong></span> <span class='ocrx_word' id='word_1_205' title='bbox 985 2381 1089 2444; x_wconf 84' lang='lat' dir='ltr'><strong>beant</strong></span> <span class='ocrx_word' id='word_1_206' title='bbox 1102 2377 1320 2458; x_wconf 78' lang='lat' dir='ltr'>redarguere,</span> <span class='ocrx_word' id='word_1_207' title='bbox 1337 2379 1449 2444; x_wconf 89' lang='lat' dir='ltr'>hostes</span> <span class='ocrx_word' id='word_1_208' title='bbox 1465 2381 1524 2460; x_wconf 91' lang='lat' dir='ltr'>qui</span> <span class='ocrx_word' id='word_1_209' title='bbox 1545 2381 1653 2442; x_wconf 81' lang='lat' dir='ltr'>neiern</span> <span class='ocrx_word' id='word_1_210' title='bbox 1670 2397 1740 2442; x_wconf 88' lang='lat' dir='ltr'>rno-</span> 
     </span>
     <span class='ocr_line' id='line_1_20' title="bbox 189 2477 1737 2569; baseline 0.001 -24"><span class='ocrx_word' id='word_1_211' title='bbox 189 2478 372 2546; x_wconf 84' lang='grc' dir='ltr'><strong>ἐτιδοθεῖσαν</strong></span> <span class='ocrx_word' id='word_1_212' title='bbox 399 2477 599 2564; x_wconf 76' lang='grc' dir='ltr'><strong>ἐλευθερίαν·</strong></span> <span class='ocrx_word' id='word_1_213' title='bbox 621 2479 644 2566; x_wconf 90' lang='grc' dir='ltr'><strong>ή</strong></span> <span class='ocrx_word' id='word_1_214' title='bbox 666 2481 942 2569; x_wconf 82' lang='grc' dir='ltr'><strong>γόιρὺπερέχουσα</strong></span> <span class='ocrx_word' id='word_1_215' title='bbox 985 2483 1111 2546; x_wconf 80' lang='lat' dir='ltr'>rebant</span> <span class='ocrx_word' id='word_1_216' title='bbox 1133 2481 1294 2546; x_wconf 78' lang='lat' dir='ltr'>adversus</span> <span class='ocrx_word' id='word_1_217' title='bbox 1315 2483 1431 2562; x_wconf 87' lang='lat' dir='ltr'>Isrnel,</span> <span class='ocrx_word' id='word_1_218' title='bbox 1454 2482 1521 2546; x_wconf 91' lang='lat' dir='ltr'>nisi</span> <span class='ocrx_word' id='word_1_219' title='bbox 1545 2483 1737 2547; x_wconf 86' lang='lat' dir='ltr'>libertatem</span> 
     </span>
     <span class='ocr_line' id='line_1_21' title="bbox 189 2581 1736 2671; baseline 0.001 -21"><span class='ocrx_word' id='word_1_220' title='bbox 189 2584 296 2650; x_wconf 83' lang='grc' dir='ltr'><strong>πάντα</strong></span> <span class='ocrx_word' id='word_1_221' title='bbox 310 2593 382 2648; x_wconf 95' lang='grc' dir='ltr'><strong>νοῦν</strong></span> <span class='ocrx_word' id='word_1_222' title='bbox 398 2581 507 2669; x_wconf 78' lang='grc' dir='ltr'><strong>εἰρήνη</strong></span> <span class='ocrx_word' id='word_1_223' title='bbox 532 2584 616 2670; x_wconf 84' lang='grc' dir='ltr'><strong>μόνῳ</strong></span> <span class='ocrx_word' id='word_1_224' title='bbox 638 2587 692 2651; x_wconf 88' lang='grc' dir='ltr'><strong>τόν</strong></span> <span class='ocrx_word' id='word_1_225' title='bbox 707 2594 779 2652; x_wconf 90' lang='grc' dir='ltr'><strong>νοῦν</strong></span> <span class='ocrx_word' id='word_1_226' title='bbox 802 2586 942 2671; x_wconf 77' lang='grc' dir='ltr'><strong>Χριστοῦ</strong></span> <span class='ocrx_word' id='word_1_227' title='bbox 987 2588 1143 2651; x_wconf 83' lang='lat' dir='ltr'>incusare</span> <span class='ocrx_word' id='word_1_228' title='bbox 1173 2587 1224 2649; x_wconf 92' lang='lat' dir='ltr'>illi</span> <span class='ocrx_word' id='word_1_229' title='bbox 1254 2585 1471 2651; x_wconf 74' lang='lat' dir='ltr'>restitutam?</span> <span class='ocrx_word' id='word_1_230' title='bbox 1504 2590 1608 2651; x_wconf 76' lang='lat' dir='ltr'>«Pax</span> <span class='ocrx_word' id='word_1_231' title='bbox 1643 2589 1736 2652; x_wconf 88' lang='lat' dir='ltr'>enirn</span> 
     </span>
     <span class='ocr_line' id='line_1_22' title="bbox 190 2685 1738 2776; baseline 0.001 -23"><span class='ocrx_word' id='word_1_232' title='bbox 190 2690 297 2775; x_wconf 80' lang='grc' dir='ltr'><strong>ἔχοντι</strong></span> <span class='ocrx_word' id='word_1_233' title='bbox 320 2685 457 2753; x_wconf 75' lang='grc' dir='ltr'><strong>δίδοται·</strong></span> <span class='ocrx_word' id='word_1_234' title='bbox 480 2686 633 2753; x_wconf 80' lang='grc' dir='ltr'><strong>ἀλλὰκαὶ</strong></span> <span class='ocrx_word' id='word_1_235' title='bbox 649 2697 710 2756; x_wconf 85' lang='grc' dir='ltr'><strong>τῶν</strong></span> <span class='ocrx_word' id='word_1_236' title='bbox 732 2689 890 2776; x_wconf 85' lang='grc' dir='ltr'><strong>πολεμίων</strong></span> <span class='ocrx_word' id='word_1_237' title='bbox 906 2691 941 2756; x_wconf 87' lang='grc' dir='ltr'>ά·</span> <span class='ocrx_word' id='word_1_238' title='bbox 988 2709 1064 2773; x_wconf 83' lang='lat' dir='ltr'>quae</span> <span class='ocrx_word' id='word_1_239' title='bbox 1080 2695 1219 2771; x_wconf 83' lang='lat' dir='ltr'>superet</span> <span class='ocrx_word' id='word_1_240' title='bbox 1233 2707 1368 2753; x_wconf 91' lang='lat' dir='ltr'>omnem</span> <span class='ocrx_word' id='word_1_241' title='bbox 1383 2707 1521 2754; x_wconf 89' lang='lat' dir='ltr'>sensum</span> <span class='ocrx_word' id='word_1_242' title='bbox 1534 2711 1551 2750; x_wconf 86' lang='grc' dir='ltr'><strong>υ</strong></span> <span class='ocrx_word' id='word_1_243' title='bbox 1569 2689 1621 2754; x_wconf 90' lang='lat' dir='ltr'>illi</span> <span class='ocrx_word' id='word_1_244' title='bbox 1636 2690 1738 2755; x_wconf 86' lang='lat' dir='ltr'>detur</span> 
     </span>
     <span class='ocr_line' id='line_1_23' title="bbox 190 2791 1738 2880; baseline 0.001 -22"><span class='ocrx_word' id='word_1_245' title='bbox 190 2792 390 2875; x_wconf 88' lang='grc' dir='ltr'><strong>πολυλότυν,</strong></span> <span class='ocrx_word' id='word_1_246' title='bbox 405 2794 492 2858; x_wconf 83' lang='grc' dir='ltr'><strong>οὗτοι</strong></span> <span class='ocrx_word' id='word_1_247' title='bbox 505 2801 563 2878; x_wconf 81' lang='grc' dir='ltr'>της</span> <span class='ocrx_word' id='word_1_248' title='bbox 579 2792 705 2880; x_wconf 76' lang='grc' dir='ltr'><strong>εἰρήνης</strong></span> <span class='ocrx_word' id='word_1_249' title='bbox 720 2791 915 2862; x_wconf 84' lang='grc' dir='ltr'><strong>άπέλαυσοιν.</strong></span> <span class='ocrx_word' id='word_1_250' title='bbox 987 2797 1061 2874; x_wconf 92' lang='lat' dir='ltr'>soli,</span> <span class='ocrx_word' id='word_1_251' title='bbox 1078 2795 1138 2876; x_wconf 90' lang='lat' dir='ltr'>qui</span> <span class='ocrx_word' id='word_1_252' title='bbox 1160 2795 1285 2858; x_wconf 81' lang='lat' dir='ltr'>Christi</span> <span class='ocrx_word' id='word_1_253' title='bbox 1309 2812 1449 2858; x_wconf 86' lang='lat' dir='ltr'>sensum</span> <span class='ocrx_word' id='word_1_254' title='bbox 1468 2795 1580 2859; x_wconf 82' lang='lat' dir='ltr'>habet.</span> <span class='ocrx_word' id='word_1_255' title='bbox 1603 2795 1668 2860; x_wconf 84' lang='lat' dir='ltr'>Sed</span> <span class='ocrx_word' id='word_1_256' title='bbox 1682 2796 1738 2859; x_wconf 91' lang='lat' dir='ltr'>de·</span> 
     </span>
    </p>

    <p class='ocr_par' dir='ltr' id='par_1_7' title="bbox 988 2883 1735 2981">
     <span class='ocr_line' id='line_1_24' title="bbox 988 2883 1735 2981; baseline -0.001 -17"><span class='ocrx_word' id='word_1_257' title='bbox 988 2900 1066 2964; x_wconf 87' lang='lat' dir='ltr'>letis</span> <span class='ocrx_word' id='word_1_258' title='bbox 1085 2883 1250 2979; x_wconf 85' lang='lat' dir='ltr'>hostibus,</span> <span class='ocrx_word' id='word_1_259' title='bbox 1265 2897 1436 2963; x_wconf 82' lang='lat' dir='ltr'>israelites</span> <span class='ocrx_word' id='word_1_260' title='bbox 1452 2915 1534 2981; x_wconf 81' lang='lat' dir='ltr'>paee</span> <span class='ocrx_word' id='word_1_261' title='bbox 1550 2898 1618 2964; x_wconf 83' lang='lat' dir='ltr'>frui</span> <span class='ocrx_word' id='word_1_262' title='bbox 1636 2897 1735 2979; x_wconf 82' lang='lat' dir='ltr'>juvit.</span> 
     </span>
    </p>
   </div>
   <div class='ocr_carea' id='block_1_4' title="bbox 190 3070 1740 3320">
    <p class='ocr_par' dir='ltr' id='par_1_8' title="bbox 190 3070 1740 3320">
     <span class='ocr_line' id='line_1_25' title="bbox 225 3070 1740 3146; baseline 0.001 -17"><span class='ocrx_word' id='word_1_263' title='bbox 225 3089 255 3129; x_wconf 83' lang='lat' dir='ltr'>v.</span> <span class='ocrx_word' id='word_1_264' title='bbox 267 3073 294 3128; x_wconf 92' lang='grc'>4.</span> <span class='ocrx_word' id='word_1_265' title='bbox 307 3072 375 3129; x_wconf 79' lang='lat' dir='ltr'>Vst.</span> <span class='ocrx_word' id='word_1_266' title='bbox 389 3072 415 3143; x_wconf 87' lang='lat'>5,</span> <span class='ocrx_word' id='word_1_267' title='bbox 429 3072 471 3143; x_wconf 90' lang='grc'>14,</span> <span class='ocrx_word' id='word_1_268' title='bbox 486 3073 528 3128; x_wconf 85' lang='grc'>16.</span> <span class='ocrx_word' id='word_1_269' title='bbox 988 3071 1120 3143; x_wconf 78' lang='lat' dir='ltr'>ferendo,</span> <span class='ocrx_word' id='word_1_270' title='bbox 1133 3071 1239 3144; x_wconf 86' lang='lat' dir='ltr'>quibus</span> <span class='ocrx_word' id='word_1_271' title='bbox 1251 3071 1336 3146; x_wconf 70' lang='lat' dir='ltr'>udde,</span> <span class='ocrx_word' id='word_1_272' title='bbox 1349 3073 1428 3146; x_wconf 89' lang='lat' dir='ltr'>qnod</span> <span class='ocrx_word' id='word_1_273' title='bbox 1439 3073 1490 3129; x_wconf 93' lang='lat' dir='ltr'>BB</span> <span class='ocrx_word' id='word_1_274' title='bbox 1501 3072 1671 3146; x_wconf 83' lang='lat' dir='ltr'>omiserunt,</span> <span class='ocrx_word' id='word_1_275' title='bbox 1680 3070 1740 3132; x_wconf 87' lang='lat' dir='ltr'>He·</span> 
     </span>
     <span class='ocr_line' id='line_1_26' title="bbox 225 3153 1739 3232; baseline 0.001 -16"><span class='ocrx_word' id='word_1_276' title='bbox 225 3177 253 3216; x_wconf 85' lang='lat' dir='ltr'>v.</span> <span class='ocrx_word' id='word_1_277' title='bbox 266 3161 292 3215; x_wconf 77' lang='lat'>5.</span> <span class='ocrx_word' id='word_1_278' title='bbox 306 3159 401 3215; x_wconf 81' lang='lat' dir='ltr'>iidem</span> <span class='ocrx_word' id='word_1_279' title='bbox 414 3159 497 3215; x_wconf 78' lang='lat' dir='ltr'>codd.</span> <span class='ocrx_word' id='word_1_280' title='bbox 511 3160 562 3231; x_wconf 91' lang='lat' dir='ltr'>qni</span> <span class='ocrx_word' id='word_1_281' title='bbox 575 3159 665 3216; x_wconf 82' lang='lat' dir='ltr'>etium</span> <span class='ocrx_word' id='word_1_282' title='bbox 677 3160 852 3217; x_wconf 80' lang='lat' dir='ltr'>eonfimront</span> <span class='ocrx_word' id='word_1_283' title='bbox 864 3159 946 3218; x_wconf 78' lang='lat' dir='ltr'>edito.</span> <span class='ocrx_word' id='word_1_284' title='bbox 987 3159 1077 3232; x_wconf 69' lang='lat' dir='ltr'>topia</span> <span class='ocrx_word' id='word_1_285' title='bbox 1088 3159 1167 3232; x_wconf 74' lang='lat' dir='ltr'>apud</span> <span class='ocrx_word' id='word_1_286' title='bbox 1180 3157 1352 3216; x_wconf 77' lang='lat' dir='ltr'>corderium</span> <span class='ocrx_word' id='word_1_287' title='bbox 1364 3153 1518 3216; x_wconf 75' lang='lat' dir='ltr'>recensito.</span> <span class='ocrx_word' id='word_1_288' title='bbox 1531 3159 1645 3218; x_wconf 81' lang='lat' dir='ltr'>Ultimo</span> <span class='ocrx_word' id='word_1_289' title='bbox 1656 3178 1739 3218; x_wconf 82' lang='lat' dir='ltr'>revo-</span> 
     </span>
     <span class='ocr_line' id='line_1_27' title="bbox 190 3246 1634 3320; baseline 0.001 -18"><span class='ocrx_word' id='word_1_290' title='bbox 190 3246 270 3320; x_wconf 76' lang='lat' dir='ltr'>epud</span> <span class='ocrx_word' id='word_1_291' title='bbox 281 3247 341 3317; x_wconf 90' lang='lat' dir='ltr'>BB,</span> <span class='ocrx_word' id='word_1_292' title='bbox 359 3246 397 3303; x_wconf 73' lang='lat' dir='ltr'>nd</span> <span class='ocrx_word' id='word_1_293' title='bbox 409 3252 526 3319; x_wconf 81' lang='lat' dir='ltr'>tempus</span> <span class='ocrx_word' id='word_1_294' title='bbox 544 3252 708 3320; x_wconf 74' lang='lat' dir='ltr'>martyrum</span> <span class='ocrx_word' id='word_1_295' title='bbox 725 3249 882 3306; x_wconf 80' lang='lat' dir='ltr'>manifeste</span> <span class='ocrx_word' id='word_1_296' title='bbox 899 3266 945 3305; x_wconf 88' lang='lat' dir='ltr'>re·</span> <span class='ocrx_word' id='word_1_297' title='bbox 988 3253 1097 3304; x_wconf 75' lang='lat' dir='ltr'>vocent</span> <span class='ocrx_word' id='word_1_298' title='bbox 1108 3247 1282 3320; x_wconf 71' lang='lat' dir='ltr'>prooemium</span> <span class='ocrx_word' id='word_1_299' title='bbox 1294 3247 1326 3302; x_wconf 93' lang='lat' dir='ltr'>in</span> <span class='ocrx_word' id='word_1_300' title='bbox 1337 3247 1467 3320; x_wconf 73' lang='lat' dir='ltr'>psalmos</span> <span class='ocrx_word' id='word_1_301' title='bbox 1478 3246 1634 3320; x_wconf 75' lang='lat' dir='ltr'>graduum.</span> 
     </span>
    </p>
   </div>
   <div class='ocr_carea' id='block_1_5' title="bbox 785 3435 1141 3518">
    <p class='ocr_par' dir='ltr' id='par_1_9' title="bbox 785 3435 1141 3518">
     <span class='ocr_line' id='line_1_28' title="bbox 785 3435 1141 3518; baseline -0.008 -3"><span class='ocrx_word' id='word_1_302' title='bbox 785 3437 955 3518; x_wconf 86' lang='lat' dir='ltr'>Psalmus</span> <span class='ocrx_word' id='word_1_303' title='bbox 981 3435 1141 3514; x_wconf 76' lang='lat' dir='ltr'><strong>CXXV.</strong></span> 
     </span>
    </p>
   </div>
   <div class='ocr_carea' id='block_1_6' title="bbox 188 3629 1741 4345">
    <p class='ocr_par' dir='ltr' id='par_1_10' title="bbox 190 3629 1741 4032">
     <span class='ocr_line' id='line_1_29' title="bbox 234 3629 1741 3719; baseline -0.002 -21"><span class='ocrx_word' id='word_1_304' title='bbox 234 3655 266 3700; x_wconf 88' lang='lat' dir='ltr'>v.</span> <span class='ocrx_word' id='word_1_305' title='bbox 276 3637 306 3718; x_wconf 86' lang='lat'>4,</span> <span class='ocrx_word' id='word_1_306' title='bbox 319 3631 578 3719; x_wconf 84' lang='grc' dir='ltr'><strong>5.Ἐπίστρεψον,</strong></span> <span class='ocrx_word' id='word_1_307' title='bbox 591 3630 700 3717; x_wconf 81' lang='grc' dir='ltr'><strong>Κύριε,</strong></span> <span class='ocrx_word' id='word_1_308' title='bbox 712 3631 770 3717; x_wconf 77' lang='grc' dir='ltr'><strong>τήν</strong></span> <span class='ocrx_word' id='word_1_309' title='bbox 780 3631 941 3718; x_wconf 83' lang='grc' dir='ltr'><strong>αἰχμαλυι-</strong></span> <span class='ocrx_word' id='word_1_310' title='bbox 1029 3647 1061 3693; x_wconf 90' lang='grc' dir='ltr'>ν.</span> <span class='ocrx_word' id='word_1_311' title='bbox 1078 3631 1109 3711; x_wconf 84' lang='grc'>4,</span> <span class='ocrx_word' id='word_1_312' title='bbox 1125 3631 1156 3692; x_wconf 87' lang='grc'>5.</span> <span class='ocrx_word' id='word_1_313' title='bbox 1176 3629 1336 3710; x_wconf 64' lang='lat' dir='ltr'>detinente,</span> <span class='ocrx_word' id='word_1_314' title='bbox 1355 3629 1500 3710; x_wconf 77' lang='lat' dir='ltr'>Domine,</span> <span class='ocrx_word' id='word_1_315' title='bbox 1521 3629 1741 3713; x_wconf 76' lang='lat' dir='ltr'>captiuitatem</span> 
     </span>
     <span class='ocr_line' id='line_1_30' title="bbox 190 3733 1738 3824; baseline -0.001 -21"><span class='ocrx_word' id='word_1_316' title='bbox 190 3737 261 3803; x_wconf 92' lang='grc' dir='ltr'><strong>σίαν</strong></span> <span class='ocrx_word' id='word_1_317' title='bbox 275 3738 377 3824; x_wconf 84' lang='grc' dir='ltr'><strong>ήμῦν,</strong></span> <span class='ocrx_word' id='word_1_318' title='bbox 400 3737 442 3814; x_wconf 83' lang='grc' dir='ltr'>ὡς</span> <span class='ocrx_word' id='word_1_319' title='bbox 464 3736 653 3822; x_wconf 78' lang='grc' dir='ltr'><strong>χειμάρρους</strong></span> <span class='ocrx_word' id='word_1_320' title='bbox 676 3737 710 3800; x_wconf 86' lang='grc' dir='ltr'>ἐν</span> <span class='ocrx_word' id='word_1_321' title='bbox 731 3746 774 3822; x_wconf 76' lang='grc' dir='ltr'><strong>τῷ</strong></span> <span class='ocrx_word' id='word_1_322' title='bbox 789 3737 878 3821; x_wconf 86' lang='grc' dir='ltr'><strong>νότῳ.</strong></span> <span class='ocrx_word' id='word_1_323' title='bbox 902 3733 942 3801; x_wconf 86' lang='grc' dir='ltr'>Οἱ</span> <span class='ocrx_word' id='word_1_324' title='bbox 985 3741 1139 3816; x_wconf 70' lang='lat' dir='ltr'>sutirum,</span> <span class='ocrx_word' id='word_1_325' title='bbox 1155 3737 1242 3800; x_wconf 70' lang='lat' dir='ltr'>sictut</span> <span class='ocrx_word' id='word_1_326' title='bbox 1253 3737 1458 3800; x_wconf 63' lang='lat' dir='ltr'>torrentesut</span> <span class='ocrx_word' id='word_1_327' title='bbox 1472 3741 1594 3800; x_wconf 72' lang='lat' dir='ltr'>uitstro.</span> <span class='ocrx_word' id='word_1_328' title='bbox 1615 3738 1677 3812; x_wconf 77' lang='lat' dir='ltr'>Qui</span> <span class='ocrx_word' id='word_1_329' title='bbox 1691 3755 1738 3801; x_wconf 82' lang='lat' dir='ltr'>se·</span> 
     </span>
     <span class='ocr_line' id='line_1_31' title="bbox 191 3840 1735 3926; baseline -0.001 -20"><span class='ocrx_word' id='word_1_330' title='bbox 191 3841 371 3926; x_wconf 76' lang='grc' dir='ltr'><strong>σπείροντες</strong></span> <span class='ocrx_word' id='word_1_331' title='bbox 393 3841 426 3907; x_wconf 86' lang='grc' dir='ltr'>ἐν</span> <span class='ocrx_word' id='word_1_332' title='bbox 441 3841 601 3925; x_wconf 84' lang='grc' dir='ltr'><strong>δάκρυσιν,</strong></span> <span class='ocrx_word' id='word_1_333' title='bbox 622 3841 656 3906; x_wconf 85' lang='grc' dir='ltr'>ἐν</span> <span class='ocrx_word' id='word_1_334' title='bbox 679 3840 867 3926; x_wconf 78' lang='grc' dir='ltr'><strong>ἀγαλλιάσει</strong></span> <span class='ocrx_word' id='word_1_335' title='bbox 883 3840 939 3904; x_wconf 75' lang='lat' dir='ltr'>dr·</span> <span class='ocrx_word' id='word_1_336' title='bbox 984 3841 1114 3906; x_wconf 64' lang='lat' dir='ltr'>uiuunt</span> <span class='ocrx_word' id='word_1_337' title='bbox 1126 3840 1164 3905; x_wconf 80' lang='lat' dir='ltr'>iu</span> <span class='ocrx_word' id='word_1_338' title='bbox 1179 3840 1336 3923; x_wconf 72' lang='lat' dir='ltr'>lucrymis</span> <span class='ocrx_word' id='word_1_339' title='bbox 1349 3843 1387 3905; x_wconf 85' lang='grc' dir='ltr'>ιἰι</span> <span class='ocrx_word' id='word_1_340' title='bbox 1402 3841 1597 3906; x_wconf 66' lang='lat' dir='ltr'>exsultatione</span> <span class='ocrx_word' id='word_1_341' title='bbox 1608 3845 1735 3906; x_wconf 77' lang='lat' dir='ltr'>uteteut.</span> 
     </span>
     <span class='ocr_line' id='line_1_32' title="bbox 191 3956 777 4032; baseline 0.002 -22"><span class='ocrx_word' id='word_1_342' title='bbox 191 3956 300 4032; x_wconf 83' lang='grc' dir='ltr'><strong>ριοῦσι.</strong></span> <span class='ocrx_word' id='word_1_343' title='bbox 773 3963 777 3974; x_wconf 78' lang='grc'><strong>“</strong></span> 
     </span>
    </p>

    <p class='ocr_par' dir='ltr' id='par_1_11' title="bbox 188 4047 1741 4345">
     <span class='ocr_line' id='line_1_33' title="bbox 237 4047 1741 4136; baseline -0.003 -18"><span class='ocrx_word' id='word_1_344' title='bbox 237 4050 413 4136; x_wconf 78' lang='grc' dir='ltr'><strong>Θεοδώρου.</strong></span> <span class='ocrx_word' id='word_1_345' title='bbox 434 4049 569 4136; x_wconf 81' lang='grc' dir='ltr'><strong>Εἴρηται</strong></span> <span class='ocrx_word' id='word_1_346' title='bbox 585 4048 626 4127; x_wconf 83' lang='grc' dir='ltr'>ὡς</span> <span class='ocrx_word' id='word_1_347' title='bbox 643 4049 703 4114; x_wconf 79' lang='grc' dir='ltr'>οῦκ</span> <span class='ocrx_word' id='word_1_348' title='bbox 721 4048 755 4116; x_wconf 87' lang='grc' dir='ltr'>ἐν</span> <span class='ocrx_word' id='word_1_349' title='bbox 769 4047 941 4136; x_wconf 82' lang='grc' dir='ltr'><strong>προοιμίοις</strong></span> <span class='ocrx_word' id='word_1_350' title='bbox 1031 4047 1196 4116; x_wconf 68' lang='lat' dir='ltr'>Theodori.</span> <span class='ocrx_word' id='word_1_351' title='bbox 1213 4051 1349 4114; x_wconf 86' lang='lat' dir='ltr'>Dictum</span> <span class='ocrx_word' id='word_1_352' title='bbox 1361 4053 1413 4113; x_wconf 88' lang='lat' dir='ltr'>est</span> <span class='ocrx_word' id='word_1_353' title='bbox 1429 4048 1595 4130; x_wconf 90' lang='lat' dir='ltr'>quomodo</span> <span class='ocrx_word' id='word_1_354' title='bbox 1609 4067 1676 4114; x_wconf 90' lang='lat' dir='ltr'>non</span> <span class='ocrx_word' id='word_1_355' title='bbox 1691 4054 1741 4114; x_wconf 80' lang='lat' dir='ltr'>to</span> 
     </span>
     <span class='ocr_line' id='line_1_34' title="bbox 188 4153 1739 4240; baseline -0.002 -19"><span class='ocrx_word' id='word_1_356' title='bbox 188 4154 384 4240; x_wconf 82' lang='grc' dir='ltr'><strong>κατωρθόιθη</strong></span> <span class='ocrx_word' id='word_1_357' title='bbox 402 4159 438 4220; x_wconf 91' lang='grc' dir='ltr'><strong>τδ</strong></span> <span class='ocrx_word' id='word_1_358' title='bbox 454 4164 526 4236; x_wconf 83' lang='grc' dir='ltr'><strong>πᾶν,</strong></span> <span class='ocrx_word' id='word_1_359' title='bbox 544 4153 616 4218; x_wconf 83' lang='grc' dir='ltr'><strong>ἀλλ’</strong></span> <span class='ocrx_word' id='word_1_360' title='bbox 626 4153 656 4217; x_wconf 91' lang='grc' dir='ltr'>οί</span> <span class='ocrx_word' id='word_1_361' title='bbox 676 4155 732 4240; x_wconf 84' lang='grc' dir='ltr'>μὲν</span> <span class='ocrx_word' id='word_1_362' title='bbox 751 4154 940 4240; x_wconf 85' lang='grc' dir='ltr'><strong>ἐπανήλθον,</strong></span> <span class='ocrx_word' id='word_1_363' title='bbox 985 4161 1060 4220; x_wconf 89' lang='lat' dir='ltr'>tum</span> <span class='ocrx_word' id='word_1_364' title='bbox 1077 4158 1111 4220; x_wconf 95' lang='lat' dir='ltr'>in</span> <span class='ocrx_word' id='word_1_365' title='bbox 1128 4158 1295 4239; x_wconf 82' lang='lat' dir='ltr'>principio</span> <span class='ocrx_word' id='word_1_366' title='bbox 1318 4160 1494 4237; x_wconf 82' lang='lat' dir='ltr'>peractum</span> <span class='ocrx_word' id='word_1_367' title='bbox 1516 4156 1571 4234; x_wconf 90' lang='lat' dir='ltr'>sit,</span> <span class='ocrx_word' id='word_1_368' title='bbox 1595 4153 1654 4218; x_wconf 87' lang='lat' dir='ltr'>sed</span> <span class='ocrx_word' id='word_1_369' title='bbox 1678 4157 1739 4218; x_wconf 83' lang='lat' dir='ltr'>olii</span> 
     </span>
     <span class='ocr_line' id='line_1_35' title="bbox 191 4257 1739 4345; baseline -0.001 -21"><span class='ocrx_word' id='word_1_370' title='bbox 191 4259 222 4324; x_wconf 87' lang='grc' dir='ltr'>οἱ</span> <span class='ocrx_word' id='word_1_371' title='bbox 237 4260 273 4324; x_wconf 84' lang='grc' dir='ltr'><strong>δέ</strong></span> <span class='ocrx_word' id='word_1_372' title='bbox 295 4257 522 4345; x_wconf 85' lang='grc' dir='ltr'><strong>ἐναπέμειναν·</strong></span> <span class='ocrx_word' id='word_1_373' title='bbox 544 4268 636 4323; x_wconf 90' lang='grc' dir='ltr'><strong>τοῦτο</strong></span> <span class='ocrx_word' id='word_1_374' title='bbox 656 4257 791 4323; x_wconf 87' lang='grc' dir='ltr'><strong>ἐνταῦθα</strong></span> <span class='ocrx_word' id='word_1_375' title='bbox 813 4257 842 4322; x_wconf 87' lang='grc' dir='ltr'>οἱ</span> <span class='ocrx_word' id='word_1_376' title='bbox 865 4259 941 4323; x_wconf 87' lang='grc' dir='ltr'><strong>ἐπα·</strong></span> <span class='ocrx_word' id='word_1_377' title='bbox 984 4259 1122 4344; x_wconf 87' lang='lat' dir='ltr'>quidem</span> <span class='ocrx_word' id='word_1_378' title='bbox 1138 4262 1265 4324; x_wconf 87' lang='lat' dir='ltr'>reversi</span> <span class='ocrx_word' id='word_1_379' title='bbox 1288 4261 1369 4339; x_wconf 84' lang='lat' dir='ltr'>sint,</span> <span class='ocrx_word' id='word_1_380' title='bbox 1386 4261 1445 4323; x_wconf 81' lang='lat' dir='ltr'>ulii</span> <span class='ocrx_word' id='word_1_381' title='bbox 1466 4275 1547 4322; x_wconf 81' lang='lat' dir='ltr'>vero</span> <span class='ocrx_word' id='word_1_382' title='bbox 1570 4275 1739 4323; x_wconf 87' lang='lat' dir='ltr'>remense·</span> 
     </span>
    </p>
   </div>
   <div class='ocr_carea' id='block_1_7' title="bbox 84 4359 1735 4447">
    <p class='ocr_par' dir='ltr' id='par_1_12' title="bbox 84 4359 1735 4447">
     <span class='ocr_line' id='line_1_36' title="bbox 84 4359 1735 4447; baseline -0.002 -18"><span class='ocrx_word' id='word_1_383' title='bbox 84 4359 91 4367; x_wconf 79' lang='grc'><strong>’</strong></span> <span class='ocrx_word' id='word_1_384' title='bbox 191 4361 353 4439; x_wconf 88' lang='grc' dir='ltr'><strong>νελθόντες</strong></span> <span class='ocrx_word' id='word_1_385' title='bbox 380 4363 517 4442; x_wconf 83' lang='grc' dir='ltr'><strong>ἀξιοῦσιν</strong></span> <span class='ocrx_word' id='word_1_386' title='bbox 539 4359 715 4447; x_wconf 82' lang='grc' dir='ltr'><strong>εὐχόμενοι,</strong></span> <span class='ocrx_word' id='word_1_387' title='bbox 740 4363 783 4447; x_wconf 84' lang='grc' dir='ltr'>μὴ</span> <span class='ocrx_word' id='word_1_388' title='bbox 809 4362 940 4447; x_wconf 81' lang='grc' dir='ltr'><strong>μερικὴν</strong></span> <span class='ocrx_word' id='word_1_389' title='bbox 984 4369 1062 4430; x_wconf 92' lang='lat' dir='ltr'>rint.</span> <span class='ocrx_word' id='word_1_390' title='bbox 1080 4367 1169 4431; x_wconf 90' lang='lat' dir='ltr'>Illud</span> <span class='ocrx_word' id='word_1_391' title='bbox 1185 4367 1248 4428; x_wconf 87' lang='lat' dir='ltr'>hoe</span> <span class='ocrx_word' id='word_1_392' title='bbox 1271 4367 1343 4428; x_wconf 88' lang='lat' dir='ltr'>looo</span> <span class='ocrx_word' id='word_1_393' title='bbox 1360 4369 1485 4442; x_wconf 78' lang='lat' dir='ltr'>rogent</span> <span class='ocrx_word' id='word_1_394' title='bbox 1505 4364 1530 4426; x_wconf 92' lang='lat' dir='ltr'>ii</span> <span class='ocrx_word' id='word_1_395' title='bbox 1554 4364 1614 4443; x_wconf 92' lang='lat' dir='ltr'>qui</span> <span class='ocrx_word' id='word_1_396' title='bbox 1630 4363 1735 4426; x_wconf 86' lang='lat' dir='ltr'>redie-</span> 
     </span>
    </p>
   </div>
   <div class='ocr_carea' id='block_1_8' title="bbox 192 4463 1742 4760">
    <p class='ocr_par' dir='ltr' id='par_1_13' title="bbox 192 4463 1742 4760">
     <span class='ocr_line' id='line_1_37' title="bbox 192 4463 1740 4552; baseline -0.001 -22"><span class='ocrx_word' id='word_1_397' title='bbox 192 4467 239 4531; x_wconf 84' lang='grc' dir='ltr'><strong>ἐτι</strong></span> <span class='ocrx_word' id='word_1_398' title='bbox 250 4463 389 4551; x_wconf 86' lang='grc' dir='ltr'><strong>γίνεσθαι</strong></span> <span class='ocrx_word' id='word_1_399' title='bbox 403 4467 462 4552; x_wconf 85' lang='grc' dir='ltr'><strong>τήν</strong></span> <span class='ocrx_word' id='word_1_400' title='bbox 477 4474 539 4531; x_wconf 83' lang='grc' dir='ltr'><strong>τῶν</strong></span> <span class='ocrx_word' id='word_1_401' title='bbox 554 4465 671 4532; x_wconf 83' lang='grc' dir='ltr'><strong>λοιπῶν</strong></span> <span class='ocrx_word' id='word_1_402' title='bbox 686 4465 851 4549; x_wconf 85' lang='grc' dir='ltr'><strong>ἐπάνοδον,</strong></span> <span class='ocrx_word' id='word_1_403' title='bbox 868 4464 939 4530; x_wconf 79' lang='grc' dir='ltr'><strong>ἀλλ’</strong></span> <span class='ocrx_word' id='word_1_404' title='bbox 984 4476 1075 4551; x_wconf 89' lang='lat' dir='ltr'>runt,</span> <span class='ocrx_word' id='word_1_405' title='bbox 1092 4475 1227 4535; x_wconf 81' lang='lat' dir='ltr'>orentes</span> <span class='ocrx_word' id='word_1_406' title='bbox 1243 4487 1285 4532; x_wconf 92' lang='lat' dir='ltr'>ne</span> <span class='ocrx_word' id='word_1_407' title='bbox 1301 4470 1449 4550; x_wconf 81' lang='lat' dir='ltr'>amplius</span> <span class='ocrx_word' id='word_1_408' title='bbox 1465 4485 1525 4548; x_wconf 92' lang='lat' dir='ltr'>per</span> <span class='ocrx_word' id='word_1_409' title='bbox 1547 4472 1660 4548; x_wconf 85' lang='lat' dir='ltr'>partes</span> <span class='ocrx_word' id='word_1_410' title='bbox 1677 4485 1740 4530; x_wconf 75' lang='lat' dir='ltr'>on-</span> 
     </span>
     <span class='ocr_line' id='line_1_38' title="bbox 192 4565 1742 4656; baseline -0.001 -22"><span class='ocrx_word' id='word_1_411' title='bbox 192 4570 310 4655; x_wconf 90' lang='grc' dir='ltr'><strong>άθρόαν</strong></span> <span class='ocrx_word' id='word_1_412' title='bbox 343 4570 398 4634; x_wconf 82' lang='grc' dir='ltr'>καί</span> <span class='ocrx_word' id='word_1_413' title='bbox 429 4571 514 4634; x_wconf 79' lang='grc' dir='ltr'><strong>κατὰ</strong></span> <span class='ocrx_word' id='word_1_414' title='bbox 543 4565 678 4656; x_wconf 80' lang='grc' dir='ltr'><strong>πλῆθος,</strong></span> <span class='ocrx_word' id='word_1_415' title='bbox 710 4571 791 4655; x_wconf 82' lang='grc' dir='ltr'><strong>μετὰ</strong></span> <span class='ocrx_word' id='word_1_416' title='bbox 818 4569 940 4653; x_wconf 83' lang='grc' dir='ltr'><strong>πολλῆς</strong></span> <span class='ocrx_word' id='word_1_417' title='bbox 984 4575 1050 4638; x_wconf 87' lang='lat' dir='ltr'>teri</span> <span class='ocrx_word' id='word_1_418' title='bbox 1064 4574 1213 4654; x_wconf 81' lang='lat' dir='ltr'>redeant,</span> <span class='ocrx_word' id='word_1_419' title='bbox 1225 4571 1284 4636; x_wconf 87' lang='lat' dir='ltr'>sed</span> <span class='ocrx_word' id='word_1_420' title='bbox 1296 4589 1374 4636; x_wconf 86' lang='lat' dir='ltr'>oum</span> <span class='ocrx_word' id='word_1_421' title='bbox 1387 4571 1492 4635; x_wconf 80' lang='lat' dir='ltr'>densa</span> <span class='ocrx_word' id='word_1_422' title='bbox 1503 4569 1742 4649; x_wconf 84' lang='lat' dir='ltr'>multitudine,¹</span> 
     </span>
     <span class='ocr_line' id='line_1_39' title="bbox 192 4672 1739 4760; baseline -0.002 -21"><span class='ocrx_word' id='word_1_423' title='bbox 192 4683 249 4760; x_wconf 79' lang='grc' dir='ltr'>τῆς</span> <span class='ocrx_word' id='word_1_424' title='bbox 264 4672 373 4759; x_wconf 71' lang='grc' dir='ltr'><strong>ῥύμης,</strong></span> <span class='ocrx_word' id='word_1_425' title='bbox 391 4675 470 4760; x_wconf 82' lang='grc' dir='ltr'><strong>μετὰ</strong></span> <span class='ocrx_word' id='word_1_426' title='bbox 492 4673 613 4759; x_wconf 83' lang='grc' dir='ltr'><strong>πολλῆς</strong></span> <span class='ocrx_word' id='word_1_427' title='bbox 635 4683 693 4758; x_wconf 85' lang='grc' dir='ltr'>τής</span> <span class='ocrx_word' id='word_1_428' title='bbox 716 4673 940 4759; x_wconf 82' lang='grc' dir='ltr'><strong>σφοδρότητος.</strong></span> <span class='ocrx_word' id='word_1_429' title='bbox 986 4693 1208 4756; x_wconf 81' lang='lat' dir='ltr'>cummagno</span> <span class='ocrx_word' id='word_1_430' title='bbox 1232 4677 1467 4757; x_wconf 84' lang='lat' dir='ltr'>impetu,ou1n</span> <span class='ocrx_word' id='word_1_431' title='bbox 1491 4689 1619 4754; x_wconf 78' lang='lat' dir='ltr'>magno</span> <span class='ocrx_word' id='word_1_432' title='bbox 1640 4675 1739 4737; x_wconf 84' lang='lat' dir='ltr'>vehe-</span> 
     </span>
    </p>
   </div>
   <div class='ocr_carea' id='block_1_9' title="bbox 191 4843 1744 5268">
    <p class='ocr_par' dir='ltr' id='par_1_14' title="bbox 191 4843 1744 5268">
     <span class='ocr_line' id='line_1_40' title="bbox 228 4843 1742 4921; baseline -0.001 -18"><span class='ocrx_word' id='word_1_433' title='bbox 228 4847 279 4904; x_wconf 86' lang='lat' dir='ltr'>Ps.</span> <span class='ocrx_word' id='word_1_434' title='bbox 291 4865 383 4908; x_wconf 82' lang='lat' dir='ltr'><strong>cxxv.</strong></span> <span class='ocrx_word' id='word_1_435' title='bbox 395 4847 438 4905; x_wconf 88' lang='lat' dir='ltr'>Ut</span> <span class='ocrx_word' id='word_1_436' title='bbox 450 4854 518 4921; x_wconf 80' lang='lat' dir='ltr'>apte</span> <span class='ocrx_word' id='word_1_437' title='bbox 529 4848 567 4904; x_wconf 81' lang='lat' dir='ltr'>od</span> <span class='ocrx_word' id='word_1_438' title='bbox 580 4848 717 4904; x_wconf 85' lang='lat' dir='ltr'>Seniores</span> <span class='ocrx_word' id='word_1_439' title='bbox 726 4848 944 4905; x_wconf 77' lang='lat' dir='ltr'>Alexandrinos</span> <span class='ocrx_word' id='word_1_440' title='bbox 989 4856 1046 4906; x_wconf 84' lang='lat' dir='ltr'>tur.</span> <span class='ocrx_word' id='word_1_441' title='bbox 1059 4847 1095 4904; x_wconf 94' lang='lat' dir='ltr'>Id</span> <span class='ocrx_word' id='word_1_442' title='bbox 1108 4848 1186 4904; x_wconf 87' lang='lat' dir='ltr'>enim</span> <span class='ocrx_word' id='word_1_443' title='bbox 1203 4853 1265 4904; x_wconf 75' lang='lat' dir='ltr'>tem</span> <span class='ocrx_word' id='word_1_444' title='bbox 1279 4843 1395 4901; x_wconf 86' lang='lat' dir='ltr'>indoles</span> <span class='ocrx_word' id='word_1_445' title='bbox 1414 4846 1519 4902; x_wconf 83' lang='lat' dir='ltr'>scholii</span> <span class='ocrx_word' id='word_1_446' title='bbox 1537 4863 1625 4917; x_wconf 79' lang='lat' dir='ltr'>quem</span> <span class='ocrx_word' id='word_1_447' title='bbox 1643 4861 1742 4920; x_wconf 82' lang='lat' dir='ltr'>respe-</span> 
     </span>
     <span class='ocr_line' id='line_1_41' title="bbox 191 4931 1744 5007; baseline -0.001 -15"><span class='ocrx_word' id='word_1_448' title='bbox 191 4935 348 4992; x_wconf 87' lang='lat' dir='ltr'>retuiimns</span> <span class='ocrx_word' id='word_1_449' title='bbox 356 4939 378 4990; x_wconf 87' lang='lat' dir='ltr'>t.</span> <span class='ocrx_word' id='word_1_450' title='bbox 388 4950 421 4992; x_wconf 84' lang='lat'>11.</span> <span class='ocrx_word' id='word_1_451' title='bbox 432 4953 461 5007; x_wconf 89' lang='lat' dir='ltr'>p.</span> <span class='ocrx_word' id='word_1_452' title='bbox 471 4935 524 4990; x_wconf 82' lang='lat'>343</span> <span class='ocrx_word' id='word_1_453' title='bbox 534 4934 680 5007; x_wconf 76' lang='lat' dir='ltr'>prolixam</span> <span class='ocrx_word' id='word_1_454' title='bbox 688 4938 816 5002; x_wconf 78' lang='grc' dir='ltr'><strong>ἐκφρασιν</strong></span> <span class='ocrx_word' id='word_1_455' title='bbox 829 4941 887 5002; x_wconf 86' lang='grc' dir='ltr'><strong>περί</strong></span> <span class='ocrx_word' id='word_1_456' title='bbox 898 4940 945 4989; x_wconf 91' lang='grc' dir='ltr'><strong>τοῦ</strong></span> <span class='ocrx_word' id='word_1_457' title='bbox 990 4942 1056 4992; x_wconf 83' lang='lat' dir='ltr'>ctus</span> <span class='ocrx_word' id='word_1_458' title='bbox 1068 4935 1106 4990; x_wconf 82' lang='lat' dir='ltr'>ud</span> <span class='ocrx_word' id='word_1_459' title='bbox 1118 4933 1255 5006; x_wconf 80' lang='lat' dir='ltr'>Hexople</span> <span class='ocrx_word' id='word_1_460' title='bbox 1267 4931 1379 4987; x_wconf 78' lang='lat' dir='ltr'>suadet.</span> <span class='ocrx_word' id='word_1_461' title='bbox 1393 4931 1496 4988; x_wconf 84' lang='lat' dir='ltr'>Pleoet</span> <span class='ocrx_word' id='word_1_462' title='bbox 1511 4938 1655 5004; x_wconf 80' lang='lat' dir='ltr'>praetereo</span> <span class='ocrx_word' id='word_1_463' title='bbox 1666 4946 1744 4990; x_wconf 71' lang='lat' dir='ltr'>novt</span> 
     </span>
     <span class='ocr_line' id='line_1_42' title="bbox 192 5017 1743 5095; baseline -0.001 -18"><span class='ocrx_word' id='word_1_464' title='bbox 192 5027 222 5078; x_wconf 68' lang='lat' dir='ltr'>iv</span> <span class='ocrx_word' id='word_1_465' title='bbox 230 5030 267 5092; x_wconf 77' lang='grc' dir='ltr'><strong>τῷ</strong></span> <span class='ocrx_word' id='word_1_466' title='bbox 276 5025 345 5091; x_wconf 85' lang='grc' dir='ltr'><strong>νότιρ</strong></span> <span class='ocrx_word' id='word_1_467' title='bbox 354 5025 506 5090; x_wconf 72' lang='grc' dir='ltr'><strong>χειμάρρου,</strong></span> <span class='ocrx_word' id='word_1_468' title='bbox 519 5021 563 5076; x_wconf 76' lang='lat' dir='ltr'>its</span> <span class='ocrx_word' id='word_1_469' title='bbox 573 5039 611 5077; x_wconf 87' lang='lat' dir='ltr'>ex</span> <span class='ocrx_word' id='word_1_470' title='bbox 621 5021 684 5078; x_wconf 84' lang='lat' dir='ltr'>eod.</span> <span class='ocrx_word' id='word_1_471' title='bbox 694 5019 867 5077; x_wconf 82' lang='lat' dir='ltr'>Barberinio</span> <span class='ocrx_word' id='word_1_472' title='bbox 878 5026 946 5094; x_wconf 88' lang='lat' dir='ltr'>post</span> <span class='ocrx_word' id='word_1_473' title='bbox 990 5021 1126 5095; x_wconf 76' lang='lat' dir='ltr'>qutedsm</span> <span class='ocrx_word' id='word_1_474' title='bbox 1136 5027 1167 5076; x_wconf 88' lang='lat' dir='ltr'>et</span> <span class='ocrx_word' id='word_1_475' title='bbox 1176 5019 1328 5075; x_wconf 75' lang='lat' dir='ltr'>rarissima</span> <span class='ocrx_word' id='word_1_476' title='bbox 1337 5035 1404 5073; x_wconf 88' lang='lat' dir='ltr'>oum</span> <span class='ocrx_word' id='word_1_477' title='bbox 1413 5017 1551 5092; x_wconf 60' lang='lat' dir='ltr'>origenis</span> <span class='ocrx_word' id='word_1_478' title='bbox 1560 5019 1702 5091; x_wconf 75' lang='lat' dir='ltr'>prooemio</span> <span class='ocrx_word' id='word_1_479' title='bbox 1712 5020 1743 5076; x_wconf 85' lang='lat' dir='ltr'>in</span> 
     </span>
     <span class='ocr_line' id='line_1_43' title="bbox 193 5103 1740 5183; baseline -0.002 -18"><span class='ocrx_word' id='word_1_480' title='bbox 193 5108 374 5178; x_wconf 81' lang='lat' dir='ltr'>corderium,</span> <span class='ocrx_word' id='word_1_481' title='bbox 390 5114 498 5164; x_wconf 76' lang='lat' dir='ltr'>oaeters</span> <span class='ocrx_word' id='word_1_482' title='bbox 510 5107 633 5178; x_wconf 79' lang='lat' dir='ltr'>origeni</span> <span class='ocrx_word' id='word_1_483' title='bbox 649 5105 834 5163; x_wconf 79' lang='lat' dir='ltr'>restituendo</span> <span class='ocrx_word' id='word_1_484' title='bbox 846 5107 945 5164; x_wconf 86' lang='lat' dir='ltr'>viden·</span> <span class='ocrx_word' id='word_1_485' title='bbox 990 5108 1120 5183; x_wconf 78' lang='lat' dir='ltr'>psalmos</span> <span class='ocrx_word' id='word_1_486' title='bbox 1137 5105 1282 5180; x_wconf 76' lang='lat' dir='ltr'>graduum</span> <span class='ocrx_word' id='word_1_487' title='bbox 1299 5103 1463 5176; x_wconf 74' lang='lat' dir='ltr'>eoncordia,</span> <span class='ocrx_word' id='word_1_488' title='bbox 1482 5123 1516 5161; x_wconf 78' lang='lat' dir='ltr'>so</span> <span class='ocrx_word' id='word_1_489' title='bbox 1534 5105 1560 5161; x_wconf 88' lang='lat' dir='ltr'>si</span> <span class='ocrx_word' id='word_1_490' title='bbox 1577 5122 1629 5162; x_wconf 88' lang='lat' dir='ltr'>eos</span> <span class='ocrx_word' id='word_1_491' title='bbox 1646 5105 1740 5163; x_wconf 78' lang='lat' dir='ltr'>Hera-</span> 
     </span>
     <span class='ocr_line' id='line_1_44' title="bbox 193 5189 1438 5268; baseline -0.006 -15"><span class='ocrx_word' id='word_1_492' title='bbox 193 5203 252 5267; x_wconf 86' lang='lat' dir='ltr'>tnr,</span> <span class='ocrx_word' id='word_1_493' title='bbox 265 5195 361 5268; x_wconf 78' lang='lat' dir='ltr'>ignoti</span> <span class='ocrx_word' id='word_1_494' title='bbox 379 5194 513 5267; x_wconf 78' lang='lat' dir='ltr'>quamvis</span> <span class='ocrx_word' id='word_1_495' title='bbox 530 5193 677 5252; x_wconf 80' lang='lat' dir='ltr'>Theodori</span> <span class='ocrx_word' id='word_1_496' title='bbox 696 5197 814 5252; x_wconf 82' lang='lat' dir='ltr'>nomine</span> <span class='ocrx_word' id='word_1_497' title='bbox 829 5195 945 5267; x_wconf 82' lang='lat' dir='ltr'>signen-</span> <span class='ocrx_word' id='word_1_498' title='bbox 992 5195 1088 5250; x_wconf 78' lang='lat' dir='ltr'>oleoto</span> <span class='ocrx_word' id='word_1_499' title='bbox 1100 5192 1237 5250; x_wconf 82' lang='lat' dir='ltr'>similiter</span> <span class='ocrx_word' id='word_1_500' title='bbox 1249 5189 1438 5248; x_wconf 79' lang='lat' dir='ltr'>intellexerit.</span> 
     </span>
    </p>
   </div>
   <div class='ocr_carea' id='block_1_10' title="bbox 0 0 2011 6084">
    <p class='ocr_par' dir='ltr' id='par_1_15' title="bbox 0 0 2011 6084">
     <span class='ocr_line' id='line_1_45' title="bbox 0 0 2011 6084; baseline 0 0"><span class='ocrx_word' id='word_1_501' title='bbox 0 0 2011 6084; x_wconf 95' lang='lat' dir='ltr'> </span> 
     </span>
    </p>
   </div>
  </div>
 </body>
</html>
