4020 6098
841 435 884 496 IN
907 435 1094 498 PSALMOS
1671 437 1735 500 233

194 572 259 657 μός.
276 571 404 650 ‘nerag
419 571 454 636 δὲ
465 573 520 638 καί
531 575 627 658 χιυρίς
641 571 826 658 προσθήκης
838 573 867 638 οἱ
878 571 943 640 νίοι
987 579 1192 657 quapropter
1203 573 1394 658 praecedens
1406 578 1557 658 psalmus
1569 595 1683 642 servos
1696 580 1737 642 ti·

191 676 301 754 παῖδες
318 677 508 741 καλοῦνται·
531 676 560 740 οἱ
575 677 610 740 δὲ
633 677 748 756 δοῦλοι,
765 678 874 756 παῖδες
897 698 940 742 τι-
986 685 1117 744 mentes
1133 681 1315 745 Dominum
1331 683 1552 761 nuncupavit.
1569 682 1735 763 Simplici-

191 790 260 847 νῶν.
284 775 330 846 'H
352 779 467 858 παθας
490 779 591 862 καλεῖ,
616 779 658 858 ὡς
681 780 835 866 ἀκμάζειν
858 779 940 866 δφεί-
984 789 1036 848 ter
1058 789 1172 848 autem
1189 789 1223 848 et
1242 786 1315 848 sine
1338 784 1452 864 addito
1473 786 1599 849 novelli
1623 788 1735 867 appel·

191 883 303 961 λοντας
318 885 390 968 περί
411 887 483 960 τοὺς
506 887 630 969 ὕμνους.
651 883 710 949 Διά
732 886 767 949 δὲ
789 895 862 949 τοῦ·
878 883 939 968 Είη
984 889 1101 951 lantur
1122 889 1236 969 pueri:
1254 889 1345 951 servi
1360 906 1440 951 vero
1462 894 1544 952 sunt
1566 891 1663 970 pueri
1675 891 1736 954 ali·

190 991 225 1052 τό
241 989 342 1073 όνομοι
356 985 476 1073 Κυρίου
496 987 718 1074 εὐλογημένον,
735 988 829 1074 δηλοῖ
849 988 891 1066 ὑς
914 989 942 1053 εἰ
985 1007 1141 1071 quorum.
1165 993 1227 1056 Vel
1249 1007 1372 1072 pueros
1396 997 1511 1071 vocat,
1528 1007 1567 1056 eo
1590 993 1681 1073 quod
1700 994 1737 1058 iu

189 1093 245 1156 καὶ
260 1094 318 1176 την
334 1092 425 1177 φύσιν
441 1092 537 1156 αὑτοῦ
550 1091 707 1178 ἀγνοεῖτε,
723 1091 808 1157 ἀλλὰ
823 1092 881 1174 δεῖ,
898 1091 941 1169 ὡς
984 1094 1121 1175 hymnis
1137 1094 1357 1158 decantandis
1372 1094 1518 1159 debeant
1532 1094 1742 1160 adolescere

189 1196 241 1262 ὑπ’
253 1197 396 1262 αὐτοῦτὸ
409 1197 488 1262 εἶναι
500 1195 664 1276 λαθόντας,
680 1199 715 1263 τὸ
726 1198 823 1262 αὑτοῦ
835 1198 941 1282 ὑμνεῖν
985 1199 1049 1262 Ρει·
1065 1199 1150 1262 illud
1167 1203 1299 1262 autem:
1315 1200 1369 1265 stt
1379 1215 1491 1263 comeo
1504 1199 1638 1264 Domini
1652 1199 1740 1264 derw-

190 1300 300 1385 δνομα,
316 1301 393 1385 ὑπερ
418 1300 544 1366 αἰώνιον
559 1303 628 1388 ἔχει
642 1303 701 1388 τὴν
724 1299 872 1388 εὐλογίαν
887 1302 942 1365 καί
985 1302 1118 1384 (ἰδοίατο,
1135 1304 1168 1368 id
1180 1303 1340 1384 declarat,
1355 1321 1476 1384 nempe
1488 1321 1567 1368 oum
1580 1308 1739 1368 naturam

191 1402 373 1489 ἀδιάδοχον.
986 1406 1059 1486 eius
1075 1407 1251 1486 ignoretis,
1268 1411 1399 1488 oportet
1413 1411 1529 1472 tamen
1540 1425 1610 1487 vos,
1624 1410 1734 1490 utqui

986 1511 1114 1592 abipso
1130 1512 1221 1591 quod
1235 1512 1311 1575 sitis
1327 1513 1515 1592 accepistis,
1527 1529 1650 1575 nomen
1663 1511 1736 1593 ejus

988 1615 1190 1695 collaudare,
1207 1615 1297 1697 quod
1321 1616 1356 1678 in
1379 1634 1490 1679 sevum
1514 1620 1549 1679 et
1571 1617 1606 1679 in
1618 1634 1736 1700 perpe·

988 1724 1087 1783 tuum
1102 1717 1257 1782 benedici
1278 1719 1423 1798 dignum
1438 1721 1492 1783 sit.

233 1841 265 1886 v.
282 1823 312 1886 3.
330 1819 412 1888 Ἀπὸ
424 1819 586 1887 ἀνατολῶν
600 1819 692 1906 ἡλίου
709 1819 801 1910 μέχρι
815 1823 940 1909 δυσμῶν
1027 1842 1059 1886 v.
1075 1826 1106 1887 3.
1121 1829 1150 1888 A
1165 1824 1246 1889 solis
1257 1828 1330 1887 orto
1341 1839 1441 1905 osque
1452 1823 1496 1888 ad
1505 1837 1651 1890 orcarum
1662 1825 1741 1891 loa·

190 1926 363 1990 altercare
379 1923 623 2010 όνομαΚυρίου.
983 1925 1215 1992 dabilecomea
1229 1927 1372 1991 Domini.

234 2028 340 2094 Εἰπὼν
355 2029 390 2094 δὲ
406 2015 551 2114 ἀνωτέρω
564 2028 688 2114 χρόνον,
704 2029 738 2096 ἐν
754 2027 878 2107 τούτοις
889 2028 941 2095 λέ·
1028 2035 1113 2096 Cum
1136 2030 1293 2113 superius
1314 2035 1449 2111 tempus
1473 2031 1663 2112 indicasset,
1679 2033 1737 2098 hic

187 2153 236 2217 γει
253 2134 309 2198 καί
330 2133 437 2216 τόπον,
460 2134 507 2198 ότι
529 2133 563 2200 tr
585 2135 678 2198 παντί
700 2133 804 2220 χρόνῳ
827 2136 882 2200 καί
905 2133 939 2199 ίν
984 2139 1096 2201 locum
1112 2137 1214 2199 etiam
1231 2133 1415 2214 significat,
1431 2152 1471 2196 ac
1485 2135 1514 2198 si
1531 2134 1683 2200 docuerit
1698 2139 1734 2202 in

188 2238 281 2302 παντί
296 2237 381 2322 τόπῳ
404 2237 566 2324 ὑμνεῖσθαι
580 2235 718 2324 όφείλει·
740 2240 837 2324 ἡτίγν
860 2240 941 2324 μετὰ
983 2241 1077 2304 omni
1098 2245 1248 2321 tempore
1265 2242 1299 2302 et
1322 2239 1357 2301 in
1380 2240 1472 2302 omni
1496 2241 1568 2302 loeo
1591 2241 1735 2323 hymnos
1767 2302 1769 2312 ,

186 2341 420 2426 ἑνανθριθπησιν
456 2349 522 2419 τοῖς
551 2341 652 2407 ἔθνεσι
681 2341 938 2428 παρασχεθεῖσαν
982 2363 1055 2409 esse
1066 2343 1222 2424 litandos;
1238 2344 1292 2406 vel
1307 2345 1401 2406 loeus
1417 2344 1634 2424 vaticinatur,
1651 2361 1733 2422 gen·

186 2445 381 2531 θεογνυσίαν
403 2449 439 2511 τό
463 2447 558 2532 ῥητόν
580 2445 790 2531 προθεσπίζει,
815 2445 881 2532 μεθ’
896 2446 937 2532 ἣν
981 2449 1073 2513 tibus
1088 2465 1281 2512 concessam
1297 2464 1370 2510 esse
1385 2445 1537 2509 divinam
1557 2448 1735 2512 scientiam

188 2548 333 2636 ἐπλήσθη
349 2559 438 2616 πᾶσα
451 2549 473 2636 ἡ
486 2560 527 2638 γη
544 2559 600 2616 τοὺ
615 2559 732 2637 γνῶναι
742 2553 796 2617 τὸν
809 2549 937 2636 Κύριον.
981 2557 1057 2635 post
1072 2553 1356 2630 incarnationem
1377 2567 1444 2631 qua
1460 2556 1605 2632 peracta,
1623 2554 1734 2616 omnis

982 2661 1075 2720 terra
1092 2657 1153 2721 Dei
1169 2655 1290 2718 notitia
1306 2655 1434 2735 repleta
1450 2659 1510 2716 est.

785 2849 955 2928 Psolmus
981 2845 1143 2927 CXIII.

234 3081 265 3125 v.
284 3064 315 3143 3,
332 3063 362 3126 4.
379 3059 419 3128 Ἡ
435 3061 589 3128 θάλασσα
605 3063 667 3130 είδε
690 3066 745 3128 οιαί
768 3065 901 3150 ἔφυγεν·
923 3064 941 3128 δ
1029 3084 1061 3130 v.
1078 3069 1108 3146 3,
1125 3067 1156 3129 4.
1178 3069 1272 3131 Marc
1292 3066 1377 3132 cidit
1398 3069 1429 3132 σί
1441 3065 1559 3148 sopit:
1582 3065 1738 3132 lordonis

189 3163 351 3251 Ἰορδάνης
368 3167 572 3254 ἀνεχώρησεν
584 3169 628 3247 εἰς
640 3167 801 3235 τάδπίσυ.
819 3169 868 3236 Τὰ
882 3169 941 3254 ὑρη
986 3187 1157 3236 conuersus
1180 3176 1229 3240 est
1249 3174 1447 3249 retrorsum
1470 3175 1591 3235 omnies
1612 3171 1741 3234 oculto-

189 3269 380 3355 ἐσαίρτησαν
395 3271 470 3337 ὡσεὶ
484 3275 577 3357 κριοί,
593 3275 649 3338 καί
660 3273 689 3338 οἱ
713 3271 818 3360 βουνοί
834 3273 875 3352 ὡς
888 3275 942 3359 ἀρ·
985 3279 1112 3354 cantat,
1138 3278 1177 3338 ιιί
1197 3275 1336 3354 πτόρθους
1359 3279 1389 3340 σῖ
1412 3275 1517 3354 collas,
1543 3280 1582 3340 ut
1603 3276 1682 3356 ορατ·
1707 3293 1739 3338 o-

190 3395 240 3439 νια
257 3373 433 3458 προὺόιτων.
536 3377 544 3393 “
986 3378 1086 3442 tium.

232 3478 355 3563 Δηλοῦν
378 3481 481 3545 ἔοικεν
506 3479 549 3560 ὡς
576 3480 701 3568 μετέχει
724 3483 805 3559 τινὸς
833 3479 942 3567 αἰσθη-
1029 3483 1146 3546 Palam
1175 3481 1332 3562 videtur,
1364 3498 1500 3544 omnem
1530 3483 1737 3546 creationem

190 3582 300 3667 σευςη
317 3591 406 3648 πᾶσα
417 3583 526 3668 κτίσις,
544 3586 770 3673 ἀντιληπτικης
781 3595 838 3672 τῆς
849 3585 941 3664 θείας
987 3585 1133 3667 quadam
1164 3586 1287 3666 corripi
1313 3587 1548 3667 trepidatione,
1585 3587 1737 3649 divinam

191 3685 361 3771 δυνάμεως,
385 3689 446 3753 κᾶν
470 3690 594 3776 ἀψυχος
616 3691 648 3774 η,
665 3689 707 3767 ὡς
729 3691 785 3755 καί
808 3689 947 3776 χαίρειν,Ι
986 3689 1047 3752 ubi
1076 3690 1240 3752 virtutem
1270 3691 1428 3770 suscepit,
1452 3690 1604 3752 inanima
1630 3707 1737 3771 quan·

191 3787 403 3869 ίπιόαίνοντος
421 3794 519 3878 αὐτ-ης
534 3805 590 3858 τοῦ
606 3792 699 3877 Θεοῦ,
716 3804 772 3880 της
788 3815 823 3860 τε
838 3804 942 3881 χαρᾶς
985 3793 1113 3856 tumvis
1129 3793 1183 3872 sit,
1196 3793 1245 3855 ita
1258 3797 1296 3856 ut
1308 3794 1447 3870 exultet,
1460 3791 1596 3873 delapso
1609 3793 1652 3856 ad
1664 3811 1739 3858 eam

191 3896 358 3980 μονονουχὶ
372 3897 431 3981 τὴν
447 3895 548 3963 αἰτίαν
564 3897 729 3982 λεγούσης.
746 3896 787 3964 Ἥ
802 3899 839 3962 δὲ
850 3897 942 3964 llud·
986 3897 1066 3976 Deo,
1082 3915 1122 3960 ac
1138 3899 1265 3960 laetitiae
1280 3916 1352 3960 suae
1367 3914 1506 3960 causam
1522 3901 1656 3960 tantum
1669 3915 1736 3960 non

191 3995 270 4075 σὲυς
286 3995 379 4082 μόνον
403 3999 542 4066 διδάσκει
564 3999 586 4085 η
609 4004 729 4087 γραφη,
754 4001 802 4066 ότι
824 3999 942 4086 Κύριος
987 4001 1175 4082 eloquatur.
1206 4003 1331 4084 Moysis
1354 4007 1468 4066 autem
1497 4003 1664 4082 scriptura
1686 4017 1737 4065 so-

191 4099 225 4166 ἐν
240 4100 319 4186 Σινᾷ
341 4101 441 4188 ὤφθη,
458 4106 512 4168 καί
535 4103 690 4190 ἑπέφανεν
710 4104 743 4184 ἐξ
762 4105 854 4190 ὑρους
870 4105 942 4170 Xo-
985 4106 1058 4168 lum
1081 4106 1179 4170 modo
1203 4106 1304 4170 refert
1326 4108 1434 4170 Deum
1458 4107 1494 4169 in
1517 4108 1599 4169 Sina
1621 4107 1733 4170 visum

191 4205 263 4292 ρηβ,
276 4208 331 4271 καί
346 4207 476 4292 ἀγγελοι
489 4209 669 4293 μττάότοὺ.
682 4209 748 4274 Καί
759 4208 867 4294 ἀνέθη,
880 4231 941 4294 φη-
985 4207 1099 4290 fuisse,
1123 4214 1157 4272 et
1179 4210 1376 4292 apparuisse
1392 4227 1435 4273 ex
1457 4214 1571 4273 monte
1595 4211 1734 4289 Choreb,

191 4312 231 4392 σί,
243 4309 381 4395 Μυὺσης
392 4312 436 4390 εἰς
447 4315 482 4376 τό
496 4314 577 4396 όρος,
586 4316 640 4378 καί
652 4314 717 4380 είδε
728 4317 769 4381 τόι
779 4314 854 4401 ίχνη
867 4314 943 4381 ἔνθα
985 4315 1177 4378 astantibus
1199 4333 1277 4377 cum
1294 4331 1333 4378 eo
1356 4315 1501 4392 angelis.
1528 4315 1602 4376 «Et
1623 4331 1738 4376 ascen-

191 4414 381 4500 είστηιιεσαν
397 4415 426 4480 ol
440 4415 534 4495 πόδες
550 4427 606 4481 τοῦ
621 4416 721 4485 Θεοῦ·
737 4420 792 4483 καί
804 4417 845 4495 ὡς
858 4418 942 4497 όλοις
985 4418 1045 4496 dit,
1062 4417 1184 4499 inquit,
1200 4419 1331 4501 Moyses
1354 4419 1390 4481 in
1414 4421 1573 4496 montem,
1592 4421 1626 4482 et
1648 4418 1735 4481 vidit

191 4520 431 4604 τεσσαράκοντα
445 4523 529 4586 ἔτεσι
543 4531 600 4586 τοῦ
615 4519 696 4586 λαοῦ
707 4521 869 4598 οἰκοῦντος
883 4523 942 4606 τὴν
986 4523 1135 4602 vestigia
1158 4525 1193 4588 in
1225 4525 1298 4588 loco
1329 4523 1389 4586 ubi
1417 4522 1518 4604 pedes
1546 4523 1609 4585 Dei
1637 4525 1739 4604 positi

190 4623 326 4708 ἔρημον,
358 4632 460 4689 συνεῖν
486 4624 592 4701 αὐτοῖς
614 4625 650 4688 τδ
672 4623 762 4690 θεῖον
784 4621 943 4691 ίπιόαίνον
987 4631 1098 4707 eunt»
1112 4626 1238 4690 addens
1250 4626 1486 4707 quomodoper
1494 4627 1646 4705 integros
1654 4644 1736 4708 qua-

193 4727 278 4812 δρεσι
300 4727 355 4790 καί
376 4725 515 4814 βουνοῖς·
538 4729 604 4793 νυνὶ
626 4726 731 4794 δὲκαὶ
752 4730 811 4814 τὴν
832 4729 872 4795 ἔτι
886 4737 944 4814 τῆς
988 4731 1150 4808 draginta
1165 4747 1281 4810 annos,
1297 4729 1379 4793 dum
1399 4731 1545 4812 populus
1564 4731 1736 4794 desertum

191 4829 368 4917 αίσθησειυς
386 4831 479 4917 λόγος
494 4831 659 4917 ὑποφαίνει
672 4831 788 4919 χαράν.
989 4835 1163 4913 incoleret,
1170 4833 1324 4898 divinum
1337 4851 1465 4897 numen
1473 4851 1551 4896 cum
1564 4832 1632 4897 illis
1645 4852 1738 4897 man-

987 4937 1080 5016 serit,
1097 4937 1281 5001 ascendens
1301 4952 1404 5018 super
1420 4941 1551 5000 montes
1572 4942 1607 5001 et
1628 4939 1740 5002 colles.

224 5069 274 5125 Ρε.
289 5085 376 5138 ox111,
389 5085 417 5125 v.
430 5069 457 5140 e,
469 5069 495 5123 4.
508 5069 575 5126 Vat.
594 5070 637 5126 la.
656 5069 749 5126 Exod.
768 5070 883 5140 xv11,6.
901 5071 944 5124 Ἐ-
988 5068 1193 5134 erosnovem
1210 5070 1257 5121 καί
1269 5069 1379 5134 βουνοῖς.
1398 5064 1456 5122 Sed
1470 5065 1508 5122 cb
1528 5065 1744 5126 inconstantem

188 5159 355 5224 πιόαίνσντσς
368 5159 434 5227 αὐτῇ
448 5155 907 5229 sequentiasuaderent,nempa:
921 5159 946 5209 ί·
996 5152 1173 5210 scholiorum
1186 5152 1593 5226 syntaximuilmutaudum„
1692 5203 1695 5210 ,
