4036 6090
812 419 856 480 IN
879 417 1065 480 PSALMOS
1658 423 1716 484 141

178 556 253 624 σίων
276 560 462 646 ἡδυνατιῖιν,
485 563 507 648 ἢ
531 559 663 646 ὡραίων,
687 561 708 646 ἡ
733 559 849 647 βιαίων,
873 561 928 624 καὶ
972 564 1197 642 peccatorum,
1214 553 1359 626 divitum
1375 568 1436 626 aut
1454 565 1643 644 potentium
1660 569 1722 628 aut

124 727 132 750 ,
178 662 328 750 ὑόριστῶν
350 664 503 750 πρόσωπα
525 664 736 750 λαμβάνομεν,
760 665 805 742 οίς
828 665 927 749 άμαρ-
972 665 1168 745 illustrium,
1181 669 1243 728 aut
1254 667 1480 731 violentorum
1494 669 1596 732 etiam
1606 669 1723 733 etsub

178 767 382 845 subarratum
398 767 578 856 captetque
593 769 756 847 πολλάκις.
772 763 818 834 Ἢ
841 768 927 854 τάχα
971 771 1200 832 sannantium.
1217 771 1279 833 Vel
1303 770 1398 850 forte,
1421 772 1511 835 sicut
1534 773 1584 836 illi
1601 774 1660 854 qui
1684 773 1720 836 in

179 871 221 949 ὡς
247 872 277 936 οἱ
302 873 336 938 ἐν
361 873 509 958 θεάτροις
535 873 689 958 πρόστυπα
713 871 927 959 λαμόάνοντες
970 872 1112 936 theatris
1127 889 1289 954 personas
1312 875 1491 955 propositis
1507 875 1631 939 fabulis
1647 875 1720 938 dra-

177 978 261 1042 κατά
275 978 316 1041 τά
329 977 523 1064 προκείμενα
534 978 688 1064 δράματα,
707 979 805 1055 οὕτως
820 979 874 1042 καί
887 975 925 1060 ἡ·
970 976 1103 1040 maticis
1125 982 1221 1057 optas
1244 973 1426 1059 accipiunt,
1442 980 1491 1042 sic
1506 997 1567 1042 nos
1583 997 1716 1061 quoque

177 1089 244 1165 μείς
265 1089 327 1146 τῶν
349 1080 569 1167 ἀντικειμένων
592 1081 764 1166 ἐνεργειῶν,
789 1081 841 1172 ότὲ
866 1081 924 1166 μὲν
970 1079 1072 1144 iacies
1097 1081 1264 1144 sumimus
1289 1082 1505 1146 inimicorum
1532 1084 1716 1162 vitiorum,

177 1185 284 1272 όργῆς,
300 1185 354 1250 ότὲ
370 1184 479 1270 ιρόόου,
495 1186 548 1250 ότὲ
563 1185 675 1270 λύπης.
963 1182 1068 1246 modo
1090 1183 1166 1264 irae,
1190 1184 1289 1249 modo
1312 1186 1454 1266 timoris,
1474 1186 1572 1250 modo
1595 1188 1717 1250 maesti·

970 1289 1036 1351 tire.

219 1415 251 1458 v.
268 1397 297 1460 5.
313 1393 368 1460 Ἐν
381 1394 487 1460 σκότει
501 1395 748 1480 διαπορεόονται.
1015 1413 1046 1456 ν.
1063 1395 1094 1457 5.
1110 1396 1154 1458 Io
1169 1394 1307 1460 temous
1322 1395 1497 1461 αναόαίααί.

220 1499 341 1577 Σκότος
357 1510 411 1565 νῦν
425 1503 485 1587 τὴν
500 1489 631 1586 άγνοίαν
646 1499 742 1586 λέγει.
1015 1499 1184 1562 Tenebras
1200 1517 1292 1563 nunc
1308 1500 1391 1564 dicit
1405 1501 1646 1580 ignorantiam.

219 1625 251 1669 v.
269 1607 299 1688 6,
318 1607 347 1686 7,
364 1605 449 1690 Ἐγὼ
471 1606 564 1670 είπα·
584 1605 660 1673 Θεοί
682 1607 764 1689 ἐστε,
788 1607 843 1671 καί
865 1605 925 1672 υἱοί
1015 1620 1046 1664 ν.
1064 1605 1093 1681 6,
1111 1603 1141 1666 7.
1157 1605 1224 1686 Epo
1239 1603 1329 1668 diri:
1353 1605 1412 1668 Dii
1428 1605 1507 1670 estis
1527 1609 1559 1669 et
1568 1606 1646 1688 filii
1667 1623 1720 1669 er·
1762 1625 1765 1636 ¹

174 1706 304 1793 ὑψίστου
326 1709 451 1786 πάντες.
468 1709 571 1795 Ὑμεῖς
593 1710 628 1774 δὲ
651 1709 693 1789 ὡς
715 1710 870 1796 ἄνθρωποι
890 1712 926 1776 ἀ-
969 1705 1048 1773 celsi
1062 1723 1187 1773 omuca-
1209 1713 1386 1774 vosautem
1399 1711 1642 1774 sictttomiucs
1657 1729 1722 1775 mo-

174 1811 379 1898 ποθνήσκετε,
395 1814 450 1878 καί
471 1813 512 1891 ὡς
534 1814 578 1890 είς
598 1823 660 1880 τῶν
675 1814 838 1901 ἀρχόντων
854 1814 925 1880 πίπ-
968 1811 1095 1890 rimini,
1113 1815 1145 1876 et
1168 1813 1255 1878 sicat
1278 1829 1364 1878 uuor
1390 1812 1428 1878 dc
1440 1813 1648 1894 pampino
1669 1831 1720 1882 co-

176 1935 257 1980 τετε.
969 1914 1061 1981 ditis.

219 2019 295 2104 Θεοί
309 2022 386 2088 εἰσιν
401 2023 469 2110 boot
480 2023 607 2108 ἔχοντες
617 2025 671 2088 τόν
682 2021 795 2108 Λόγον,
812 2033 924 2109 τηροῦ·
1011 2023 1056 2086 Η7
1075 2022 1124 2086 (777
1149 2026 1231 2087 sunt
1257 2024 1464 2104 quicumque
1486 2021 1635 2086 Verbum
1660 2023 1718 2086 ha-

176 2145 239 2188 σιν·
254 2125 271 2188 ό
287 2127 348 2210 γάρ
363 2126 441 2192 ἐνὼν
456 2129 561 2204 αίιτοῐς
572 2125 686 2212 Λόγος,
702 2129 761 2192 οὐκ
783 2128 821 2213 ἐᾷ
845 2128 923 2192 ἀττα-
967 2125 1095 2207 bentes,
1111 2129 1270 2191 retinent.
1286 2127 1434 2190 Verbum
1451 2127 1633 2190 enimcum
1648 2128 1717 2191 illis

174 2227 321 2314 θνήσκειν
340 2231 464 2311 αὐτοὺς,
480 2231 546 2316 ζωὴ
563 2230 737 2316 τυγχάνων.
754 2230 873 2296 Ἐπειδ’
884 2231 924 2296 άν
968 2233 1104 2295 unitum
1120 2249 1188 2296 non
1202 2233 1286 2295 sinit
1297 2248 1353 2296 eos
1365 2231 1461 2310 mori,
1475 2243 1581 2312 quum
1592 2233 1638 2294 sit
1648 2232 1717 2295 illis

175 2332 210 2396 δὲ
225 2331 409 2398 άτοόάλωσι
424 2337 478 2399 τὸν
492 2333 607 2420 Λόγον,
624 2337 699 2400 όντα
715 2335 811 2421 ζωὴν,
828 2335 924 2401 ἀποθ-
967 2337 1048 2400 vita.
1077 2340 1259 2417 Postquam
1286 2339 1401 2399 autem
1424 2335 1573 2398 Verbum
1595 2335 1727 2414 reJeoe·¹

174 2435 343 2522 νόστιουσι·
359 2436 595 2522 ἀποθνήσκουσι
608 2439 643 2504 δὲ
659 2440 730 2525 οὐχί
749 2441 802 2504 τὸν
818 2443 923 2506 κοινόν
966 2442 1046 2521 rint,
1069 2429 1272 2505 moriuntur.
1296 2441 1487 2504 Moriuntur
1508 2445 1633 2520 autem,
1650 2459 1717 2504 non
1763 2487 1767 2494 ,

174 2540 327 2622 θάνατον,
351 2541 435 2607 ἀλλὰ
461 2545 515 2608 τὸν
538 2543 690 2629 ἑπόμενον
712 2553 751 2629 τῇ
774 2543 922 2630 ἁμαρτίᾳ,
964 2548 1075 2609 solum
1097 2547 1270 2609 communi
1293 2549 1410 2624 morte,
1426 2543 1485 2608 sed
1509 2548 1543 2608 et
1566 2547 1626 2608 illa
1641 2562 1716 2625 quae

173 2644 339 2722 πίπτοντες
361 2646 589 2732 παραπλησίως
605 2647 649 2712 ἑνί
665 2657 726 2715 τῶν
742 2647 923 2735 ἀρχόντων·
965 2655 1141 2732 peccatum
1157 2651 1387 2732 consequitur,
1402 2650 1560 2714 cadentes
1575 2649 1718 2731 perinde

174 2751 265 2828 οὗτος
280 2749 315 2815 δέ
330 2750 413 2816 ἐστιν
433 2752 450 2816 ό
465 2751 620 2838 διάβολος.
965 2771 1004 2816 ao
1020 2771 1110 2817 unus
1132 2772 1174 2817 ex
1196 2753 1422 2836 principibus:
1447 2756 1510 2818 iste
1525 2760 1640 2819 autem
1663 2759 1715 2819 est

966 2857 1138 2922 Diabolus.

206 3063 234 3116 v,
247 3047 273 3102 5.
285 3046 353 3104 Vct.
371 3049 397 3102 ό.
410 3046 589 3102 Scholiolum
600 3045 663 3103 fers
675 3052 795 3104 recoxst
811 3047 923 3120 primus
998 3064 1026 3103 v.
1040 3048 1065 3103 6.
1078 3047 1146 3105 Vct.
1159 3047 1185 3102 4.
1198 3045 1343 3120 Didymus
1361 3046 1439 3120 apud
1451 3047 1623 3104 Gordsrium
1634 3051 1721 3124 plura

172 3133 305 3192 Oorderii
317 3151 489 3207 anonymus.
966 3132 1096 3205 retinuit,
1108 3132 1247 3207 pauciora
1259 3133 1338 3206 apud
1349 3133 1468 3190 Maium.

666 3378 668 3384 ¹
735 3387 906 3466 Psolmus
930 3386 1153 3467 LXXXII.

218 3662 250 3705 v.
266 3643 296 3705 4.
312 3639 385 3706 Ἐπί
399 3643 453 3704 τὸν
468 3637 546 3703 λαόν
569 3660 626 3704 σου
648 3625 920 3722 κατεπανουργεό-
1008 3658 1041 3702 ν.
1057 3641 1087 3702 4.
1104 3640 1210 3720 Super
1224 3639 1383 3719 popttlcm
1397 3644 1491 3704 tuum
1512 3645 1619 3706 astuto
1633 3645 1716 3726 copi-

173 3765 271 3812 σαντο
291 3744 431 3832 γνώμην,
446 3745 501 3808 καί
520 3742 746 3808 ἐόουλεάσαντο
761 3744 846 3807 κατὰ
860 3751 921 3808 τῶν
965 3747 1116 3808 tuoeruot
1137 3743 1319 3822 consilium,
1335 3749 1367 3808 ct
1380 3743 1647 3824 comprecemur
1661 3745 1716 3811 od

173 3848 272 3934 άγίων
288 3870 354 3913 σου.
380 3853 447 3916 Vct.
465 3850 539 3928 677,
556 3849 586 3911 2.
966 3863 1080 3912 beruto
1094 3851 1222 3911 sanctor
1237 3851 1317 3911 tuor.

218 3951 255 4018 ‘0
272 3952 307 4017 δὲ
323 3951 496 4037 Σύμμαχος
519 3953 635 4028 οότως·
650 3949 747 4015 Κατά
768 3951 821 4015 τόν
843 3948 922 4015 λαόν
1012 3951 1234 4033 Symmachus
1254 3954 1368 4014 autem
1390 3951 1460 4015 sicr
1482 3951 1600 4019 Contra
1614 3973 1717 4038 popo·

173 4078 231 4122 σου
246 4056 429 4141 πανούργως
452 4055 603 4142 ὁμιλοῦσι,
619 4059 674 4120 καί
697 4053 922 4141 συμόουλεύον·
967 4055 1037 4119 lum
1060 4059 1152 4120 tcum
1180 4058 1291 4120 astuto
1312 4055 1558 4138 colloquuntur,
1584 4063 1615 4124 ct
1636 4059 1716 4125 deli·

171 4183 224 4226 ται
249 4163 334 4225 κατά
348 4169 403 4224 τοῦ
420 4159 605 4245 ἀποκράρου
629 4181 695 4224 σου.
712 4159 841 4245 Ἐπειδὴ
859 4161 920 4244 γὰρ
965 4159 1077 4224 beraut
1097 4158 1252 4224 adversm
1281 4159 1439 4225 aratrum
1468 4164 1569 4226 tuum.
1605 4167 1714 4240 Quan-

172 4265 206 4344 ἐξ
224 4267 333 4330 αὐτῶν
356 4265 487 4351 ἔμελλεν
511 4264 699 4351 βλαστήσειν
722 4266 743 4330 ό
773 4265 919 4350 Χριστός,
965 4263 1145 4345 doquidem
1177 4281 1219 4326 ex
1250 4263 1319 4326 illis
1353 4264 1503 4343 oportuit
1540 4264 1712 4329 Christum

171 4369 361 4455 causidicis
377 4369 412 4433 δὲ
427 4371 472 4434 τά·
482 4369 555 4454 ἔθνη
573 4369 738 4454 πρόρριζον
754 4369 916 4434 άνασπᾶσ-
965 4369 1173 4448 germinari,
1209 4367 1442 4430 concurrerint
1473 4383 1553 4431 vero
1589 4373 1710 4446 gentes

171 4475 224 4540 θαι
244 4472 479 4540 τῶνἸουδαίιυν
494 4475 530 4539 τὸ
553 4473 649 4557 ἔθνος,
674 4473 815 4538 διδάσκει
834 4475 870 4536 τό
885 4475 920 4538 ά-
965 4473 1007 4536 ad
1037 4471 1252 4537 evellendum
1283 4471 1446 4534 radicitus
1483 4472 1624 4552 stirpem
1654 4475 1715 4537 Ju-

172 4600 240 4662 γιον
255 4578 395 4664 Πνεῦμα,
417 4579 465 4642 ότι
487 4578 523 4642 οὐ
545 4577 617 4642 καθ’
633 4575 723 4663 ἡμῶν
745 4575 920 4662 κέχρηνται
965 4579 1123 4658 daeorum,
1151 4579 1248 4642 docet
1270 4576 1415 4657 Spiritus
1441 4581 1597 4657 sanctus,
1626 4579 1716 4659 quod

171 4691 241 4761 ταῖς
255 4681 444 4766 ἐπιόουλαῖς,
460 4681 544 4746 ἀλλά
559 4683 614 4746 καὶ
629 4683 713 4746 κατά
728 4691 782 4746 τοῦ
795 4683 829 4747 ἐν
844 4679 919 4767 ἡμῖν
964 4681 1148 4746 adversarii
1164 4679 1304 4744 insidias
1320 4695 1388 4743 non
1403 4682 1542 4742 struunt
1553 4681 1715 4746 adversus

173 4785 453 4873 ἀποκεκρυμμένου
475 4786 624 4872 Χριστοῦ,
654 4787 689 4851 όν
712 4785 858 4871 άνθήσειν
880 4788 919 4852 ἐκ
963 4804 1034 4866 nos,
1057 4785 1116 4849 sed
1138 4788 1256 4848 contra
1278 4783 1450 4846 Christum
1479 4784 1514 4846 in
1537 4785 1635 4849 nobis
1658 4786 1715 4848 ab·

172 4899 229 4976 τῆς
239 4889 394 4968 Ἰουδαίας
405 4889 507 4976 φυλῆς
517 4873 772 4975 προσηγόρευσε·
787 4899 845 4975 τῆς
856 4893 918 4977 γάρ
961 4889 1162 4968 sconditum,
1178 4903 1279 4968 quem
1302 4885 1419 4949 florem
1442 4904 1484 4949 ex
1507 4889 1599 4952 tribu
1623 4889 1714 4952 Juda

205 5097 254 5152 Pe.
267 5111 422 5166 nxxx11,v.
435 5097 460 5151 4.
480 5097 547 5154 Vst.
560 5098 586 5166 2,
604 5095 628 5150 7.
647 5093 691 5150 Cf.
709 5055 795 5152 Fiald
808 5113 841 5168 11,
858 5096 920 5167 234,
964 5095 1080 5148 mutata
1100 5088 1223 5148 subinde
1240 5088 1376 5162 attexuit,
1393 5096 1544 5163 praeeunte
1561 5091 1715 5150 Theodoro

169 5182 296 5240 adducto
308 5181 500 5254 Theodoreto,
510 5181 671 5255 quinostra
679 5181 786 5241 leviter
795 5187 882 5241 sucta
891 5187 922 5240 et
966 5179 1083 5238 Heracl.
