4020 6098
986 439 1195 504 ORIGENES

917 682 1087 762 Psalmua
1113 680 1273 760 CVIII.

370 920 402 966 v.
420 903 450 966 3.
466 899 531 966 Καί
553 899 658 986 λόγοις
681 897 789 986 μίσους
816 896 1003 963 ἐκύκλωσαν
1029 916 1078 982 με,
1165 916 1197 960 v.
1215 900 1244 961 3.
1257 899 1302 965 Et
1310 897 1508 964 ευτιιεοοίθιιε
1518 899 1585 964 odii
1595 899 1875 966 circumdederunt

327 1006 382 1068 καί
397 1003 599 1091 ἐπολέμησάν
615 1025 653 1090 με
669 1003 799 1089 δωρεάν.
1120 1017 1178 1064 κιο.

368 1107 490 1195 Λόγους
511 1106 619 1195 μίσους
641 1107 814 1193 ὠνόμασεν,
829 1105 900 1191 ητοι
921 1107 995 1182 τοὺς
1015 1103 1078 1168 ἀπὸ
1164 1108 1340 1169 sermones
1356 1108 1424 1171 odii
1440 1109 1661 1190 nuncupavit,
1675 1127 1759 1190 quos
1775 1109 1870 1172 vide-

327 1211 434 1300 μίσους
450 1209 730 1297 προσφερομένους,
747 1212 768 1296 ἢ
784 1211 857 1287 τοὺς
872 1210 1022 1296 μισητοὺς
1038 1206 1075 1292 η·
1121 1210 1201 1274 licet
1215 1199 1330 1274 odium
1345 1213 1483 1294 profert,
1500 1220 1560 1277 aut
1575 1232 1631 1278 eos
1647 1217 1706 1296 qui
1722 1216 1791 1278 Deo
1807 1233 1870 1278 nos

326 1324 386 1402 μᾶς
401 1325 568 1394 ποιοῦντας
583 1316 670 1398 παρὰ
681 1314 763 1401 Θεῷ.
1118 1315 1259 1380 odibiles
1274 1317 1427 1381 reddunt.

368 1441 400 1485 ν.
417 1423 447 1485 4.
463 1419 551 1500 Ἀντί
571 1428 628 1484 τοῦ
650 1419 780 1504 ἀγαπᾶν
809 1437 857 1505 με,
880 1414 1078 1483 ἐνδιέδαλλύν
1162 1439 1194 1484 ν.
1210 1423 1241 1484 4.
1256 1424 1323 1486 Pro
1343 1441 1377 1487 eo
1391 1427 1430 1488 tit
1450 1440 1499 1487 αιε
1519 1423 1702 1506 depereat,
1720 1421 1867 1489 detrahe·

326 1546 376 1612 με,
392 1525 453 1611 ἐγὼ
470 1525 504 1589 δὲ
520 1523 759 1609 προσηυχύμην.
978 1581 980 1585 .
1117 1524 1193 1591 δαιτί
1206 1526 1298 1606 miii,
1316 1544 1370 1609 προ
1384 1531 1490 1591 σκίρτα
1505 1526 1642 1592 orabam.

368 1628 532 1695 Ἐντεῦθεν
546 1628 744 1713 γινώσκομεν
759 1625 815 1709 δτι,
836 1626 918 1700 τινδς
940 1643 1077 1709 κατηγο-
1162 1631 1244 1694 Inde
1259 1630 1427 1711 doeemur,
1450 1632 1571 1711 siquis
1594 1647 1655 1693 uos
1669 1635 1816 1710 accusat,
1835 1648 1869 1693 o-

325 1729 477 1816 ρουμένου
492 1729 586 1816 ἡμᾶς,
603 1729 652 1794 δεῖ
671 1726 903 1814 προσεύχεσθαι
917 1727 995 1811 ύπὲρ
1010 1735 1073 1793 τῶν
1117 1739 1249 1815 portare
1271 1752 1332 1815 pro
1354 1736 1501 1799 inimicis
1525 1752 1630 1814 orare,
1647 1751 1689 1797 ne
1712 1751 1864 1815 unquam

324 1834 455 1922 ἐχθρῶν,
471 1835 523 1899 ίνα
538 1831 659 1919 μήποτε
683 1829 877 1919 μνησικακίᾳ
891 1830 1072 1916 περιπεσόν-
1117 1856 1236 1920 aspera
1252 1837 1457 1919 injuriarum
1478 1839 1640 1902 memoria
1655 1838 1795 1919 abrepti,
1811 1837 1867 1901 de·

325 1960 386 2022 τες,
402 1937 640 2023 ἐκκρουσθῦμεν
656 1936 719 2000 ἀπὸ
734 1945 791 2020 της
806 1933 961 2021 γνύισεως.
1118 1944 1290 2006 cutiamur
1306 1961 1326 2005 a
1340 1945 1491 2007 scientia.

369 2065 400 2109 v.
420 2045 448 2108 i.
464 2040 565 2126 Καίη
582 2043 745 2128 προσευχὴ
762 2043 859 2106 αῦτοῦ
873 2038 1011 2125 γενέσθω
1028 2041 1070 2116 εἰς
1160 2045 1238 2109 ui.
1255 2047 1300 2112 Et
1312 2047 1416 2112 oratio
1431 2047 1503 2128 ejus
1512 2046 1583 2129 ficit
1597 2047 1820 2128 inprecatam.

325 2145 492 2233 ἁμαρτίαν.
1197 2209 1200 2214 .

370 2247 471 2317 Ὅταν
486 2251 620 2336 αἰτῶμεν
642 2247 775 2335 ἐπίγεια,
790 2250 845 2314 καί
860 2251 919 2314 οῦκ
941 2247 1073 2332 ἐπουρά-
1161 2252 1300 2330 Quando
1322 2253 1469 2335 petimua
1492 2255 1675 2332 terrestria,
1695 2270 1762 2317 non
1785 2270 1865 2316 vero

327 2377 388 2438 νια,
401 2353 425 2440 ἡ
440 2356 602 2440 προσευχὴ
618 2351 707 2440 ἡμῶν
719 2352 836 2439 γίνεται
848 2353 892 2430 εἰς
904 2350 1073 2440 ἁμαρτίαν.
1117 2359 1276 2436 ooelestie,
1291 2351 1398 2420 oratio
1413 2361 1528 2420 nostra
1544 2356 1583 2420 iit
1597 2357 1633 2419 in
1647 2361 1833 2438 peccatum.

372 2481 405 2525 v.
426 2463 455 2526 8.
476 2458 704 2546 Γενηθήτωσαν
719 2456 752 2523 αἱ
766 2455 883 2543 ἡμέραι
901 2459 998 2522 αύτοῦ
1013 2454 1075 2521 δλί-
1160 2481 1192 2525 v.
1208 2463 1238 2527 8.
1254 2464 1355 2528 Fiant
1366 2463 1436 2527 dies
1449 2463 1520 2544 ejici
1528 2461 1638 2543 patiri.

328 2585 392 2650 γαι.

374 2666 417 2734 Αἱ
432 2668 492 2733 ὑπὸ
508 2677 564 2732 τοῦ
575 2676 690 2752 νοητοῦ
700 2663 792 2750 ἡλίου
804 2673 862 2751 τῆς
877 2664 1075 2748 δικαιοσύνης
1160 2674 1234 2736 Νοιι
1243 2668 1345 2751 μονα·
1355 2674 1436 2732 sunt
1451 2667 1522 2732 dies
1533 2668 1598 2732 sub
1611 2667 1781 2748 spirituali
1798 2669 1868 2731 soie

329 2769 489 2857 γινόμεναι
504 2771 576 2856 [οῦκ
597 2771 673 2836 είσίν
693 2769 826 2856 δλίγαι]·
840 2771 910 2854 περί
936 2769 997 2854 γὰρ
1020 2778 1075 2833 τοῦ
1113 2763 1256 2858 justitiae
1278 2773 1450 2838 transaeti.
1478 2774 1526 2836 De
1556 2773 1728 2835 Abraham
1755 2777 1869 2835 autem

329 2875 478 2962 Ἀθραὰμ
492 2878 559 2962 ἔχει
581 2877 628 2941 δτι
643 2873 781 2941 ἀπέθανε
800 2872 925 2958 πλήρης
940 2870 1075 2958 ἡμερῶν.
1117 2882 1261 2946 habetur
1276 2878 1366 2962 quod
1381 2879 1465 2942 obiit
1479 2879 1599 2958 plenus
1617 2876 1760 2939 dierum.

370 2977 435 3045 Καί
449 2982 508 3066 τὴν
523 2981 698 3064 ἐπισκοπὴν
713 2981 810 3044 αθτοῦ
827 2976 919 3043 λάθοι
934 2979 1049 3062 ἕτερος.
1162 3005 1193 3048 ν.
1210 2987 1240 3048 8.
1255 2986 1300 3050 Et
1312 2983 1527 3064 epiicopatttm
1541 2981 1613 3061 ejus
1623 2981 1764 3062 accipiar
1773 2980 1869 3044 alter.

371 3084 416 3149 Te
438 3086 509 3168 περὶ
531 3093 586 3148 τοῦ
609 3082 735 3149 Ματθία
757 3081 871 3169 φησίν·
895 3084 989 3159 αθτδς
1011 3083 1073 3167 γὰρ
1163 3087 1252 3153 Illud
1263 3087 1304 3150 de
1317 3086 1457 3150 Matthia
1472 3087 1533 3148 ait:
1549 3107 1566 3145 ‹<
1581 3086 1645 3148 Hir
1657 3089 1873 3165 computatus

326 3187 475 3275 ἐλογίσθη
492 3190 535 3265 εἰς
550 3191 603 3254 τὸν
618 3187 746 3273 κλῆρον·
764 3187 883 3254 Τοῦτον
898 3189 951 3253 τὶν
966 3185 1075 3271 στίχον
1119 3197 1171 3257 est
1185 3194 1383 3256 insortam»
1399 3215 1405 3252 :
1425 3190 1517 3252 hunc
1532 3189 1644 3268 ipsum
1660 3189 1867 3262 versiculum

326 3293 380 3358 ἐπί
401 3302 457 3357 τοῦ
480 3291 584 3358 Ἰούδα
607 3292 624 3356 ὁ
647 3291 766 3376 Πέτρος
789 3291 926 3358 τέθεικεν
948 3292 982 3357 ἐν
1004 3301 1073 3368 ταῖς
1119 3297 1160 3361 de
1181 3296 1272 3361 Juda
1294 3297 1413 3358 Petrus
1436 3293 1593 3374 apposuit
1617 3293 1653 3355 in
1677 3293 1818 3357 Actibus
1838 3312 1872 3356 a·
1990 3285 1991 3323 ί

330 3396 467 3482 Πράξεσι
481 3405 543 3462 τῶν
558 3395 752 3461 ἀποστόλων.
785 3469 800 3504 ·
1117 3403 1333 3485 postolorum.

369 3521 401 3564 v.
417 3501 447 3580 9,
466 3501 515 3564 10.
531 3498 760 3585 Γενηθήτωσαν
783 3499 811 3564 οί
826 3499 885 3564 υἱοὶ
909 3501 1005 3564 αῦτοῦ
1021 3501 1073 3584 δρ·
1162 3525 1193 3569 ν.
1211 3509 1241 3584 9;
1260 3506 1309 3567 10.
1325 3503 1428 3567 Fiant
1438 3501 1515 3585 filii
1530 3501 1603 3581 ejus
1616 3500 1763 3582 orphani,
1782 3506 1815 3567 τί
1834 3517 1872 3564 τι·

325 3604 428 3689 φανοὶ,
450 3603 508 3668 καί
527 3603 549 3688 ἡ
572 3605 651 3688 γυνη
668 3605 764 3668 αυτοῦ
787 3601 889 3697 χήρα·
911 3601 1070 3691 ἑκβλητω
1117 3627 1177 3674 σον
1191 3609 1262 3690 ejas
1275 3606 1385 3686 aidica,
1415 3605 1626 3686 expellantur
1639 3622 1678 3669 οα
1704 3605 1873 3672 mitrata

327 3727 387 3772 σαν
401 3705 440 3770 ἐκ
454 3714 515 3771 τῶν
530 3705 703 3772 οἰκοπέδων
718 3707 832 3772 αὐτῶν.
1119 3714 1214 3779 aibas
1229 3729 1348 3778 αανιαε.

236 3865 241 3880 .
373 3810 486 3876 Ἔστιν
498 3812 542 3874 ἔτι
554 3819 598 3895 τῷ
613 3811 699 3896 ῥητῷ
711 3812 765 3874 καί
777 3813 874 3888 οὕτως
885 3808 1076 3896 χρήσασθαι,
1162 3819 1254 3882 Licet
1269 3817 1372 3879 etiam
1388 3814 1479 3877 hune
1496 3811 1637 3876 effatum
1661 3812 1697 3875 iu
1713 3829 1752 3876 eo
1768 3829 1871 3876 sensu

328 3917 377 3982 δτι
391 3925 453 3993 πᾶς
468 3915 484 3980 δ
501 3916 666 3996 διδάσκων,
683 3915 724 3991 ὡς
746 3913 853 3999 Ἰησοῦ
868 3919 909 3981 τδι
925 3915 1075 3999 ἀλλότρια
1118 3939 1294 4002 usurpare,
1320 3919 1449 3982 scilicet
1471 3922 1510 3980 ut
1539 3918 1746 3997 quicumque
1773 3914 1870 3978 docet

323 4017 1071 4104 αύτοῦ,προδίδουσιτδνἸησοῦνὡςδἸούδας·ού
1117 4028 1168 4089 uti
1183 4025 1287 4088 verba
1308 4025 1392 4087 Jesu
1407 4039 1447 4084 ea
1469 4039 1545 4102 quae
1561 4022 1613 4084 illi
1639 4021 1755 4084 aliena
1777 4025 1869 4098 sunt,

323 4126 403 4210 γυνη
417 4125 472 4210 μὲν
486 4122 576 4210 ἡτῶν
584 4117 841 4209 πονηρευομένων
849 4124 884 4188 ἐν
895 4133 958 4202 τοῖς
967 4124 1071 4210 λύγοις
1116 4133 1137 4195 J
1140 4149 1200 4194 esu
1215 4127 1356 4192 traditor
1372 4129 1432 4204 est,
1454 4127 1504 4188 uti
1520 4126 1541 4189 J
1545 4124 1643 4188 udas:
1667 4124 1767 4204 cuius
1783 4142 1870 4188 uxor

326 4231 422 4292 αύτοῦ
432 4227 597 4313 ἐκκλησία,
609 4227 706 4293 τέκνα
717 4226 863 4292 δέδκαθ
874 4231 930 4294 ἕνα
942 4238 1002 4295 τῶν
1015 4251 1072 4315 μα·
1117 4233 1255 4316 quidem
1273 4233 1318 4295 sit
1340 4233 1529 4294 conventus
1552 4246 1669 4292 eorum
1693 4229 1752 4311 qui
1775 4230 1872 4292 maii·

325 4331 551 4419 θητευομένων.
568 4331 618 4397 Τὰ
633 4333 687 4396 ούν
709 4330 866 4417 λεγόμενα
880 4335 953 4417 περὶ
968 4347 1073 4419 γυναι·
1116 4337 1214 4415 gnati
1229 4337 1311 4398 sunt
1321 4334 1357 4396 ia
1369 4332 1471 4395 verbo
1484 4330 1567 4414 ejus3
1580 4330 1643 4395 filii
1655 4337 1780 4412 autem,
1795 4333 1864 4394 sin-

324 4439 380 4513 κδς
396 4435 502 4501 Ἰούδα
516 4437 571 4500 καί
586 4433 713 4516 τέκνων,
729 4435 849 4513 τούτοις
864 4436 1070 4523 ἑφαρμύισεις.
1117 4441 1194 4520 guli
1209 4455 1325 4504 eorum
1349 4437 1408 4518 qui
1424 4435 1497 4515 eius
1520 4435 1679 4515 discipuli
1703 4441 1793 4499 aunt.
1817 4437 1867 4497 Ea

324 4539 446 4617 Ἰούδας
463 4541 519 4625 μέν
542 4539 559 4603 ὁ
582 4542 666 4604 κατὰ
677 4537 786 4623 Ἰησοῦ
807 4543 894 4624 παρὰ
909 4538 1072 4619 Ἰουδαίοις
1119 4561 1203 4624 ergo
1219 4559 1295 4623 ηοω
1310 4541 1471 4604 dicuntur
1487 4539 1527 4602 de
1543 4539 1641 4602 Judae
1662 4556 1767 4603 uxore
1783 4545 1817 4602 et
1832 4538 1870 4600 fi-

324 4643 429 4729 λύγος,
444 4645 524 4729 γυνη
540 4641 611 4726 δέη
629 4644 808 4728 συναγωγὴ,
825 4642 922 4709 τέκνα
936 4643 999 4709 δέδ
1014 4667 1073 4710 κα-
1117 4649 1184 4728 liis,
1200 4647 1242 4710 ad
1257 4647 1357 4709 hosce
1374 4643 1544 4706 adulteros
1567 4643 1708 4723 aptabis.
1732 4645 1868 4707 Etenim

324 4747 388 4826 θεῖς
413 4747 453 4813 έκ
473 4755 535 4813 τῶν
559 4746 727 4831 μισούντων
753 4747 878 4833 Ἰησοῦν
899 4759 955 4814 τοῦ
982 4749 1072 4815 λαοῦ.
1118 4751 1225 4817 ‚Iudas
1241 4755 1292 4814 est
1302 4765 1412 4812 sermo
1423 4749 1444 4812 J
1447 4747 1620 4811 udaeorum
1633 4749 1795 4812 adversus
1811 4749 1867 4812 Je-

326 4850 391 4916 Καὶ
415 4847 502 4936 τάχα
523 4859 577 4916 νῦν
599 4849 757 4937 ἐπώνυμοί
778 4853 865 4936 είσιν,
889 4850 994 4918 οῦκέτι
1017 4863 1073 4918 τοῦ
1118 4875 1205 4936 sum,
1225 4854 1349 4918 mulier
1371 4856 1486 4916 autem
1508 4867 1697 4935 synagoga,
1714 4857 1787 4916 tum
1803 4852 1866 4917 iiiii

360 5039 411 5094 Pa.
425 5053 510 5096 cviii.
523 5057 551 5095 v.
564 5039 589 5095 θ.
603 5040 670 5098 Vat.
683 5039 709 5109 4,
722 5041 747 5096 5.
1154 5059 1182 5099 ν.
1195 5041 1220 5110 i,
1232 5041 1259 5096 8.
1273 5039 1339 5096 Vat.
1353 5039 1378 5094 4.
1392 5038 1429 5095 ef.
1442 5039 1507 5095 Aoi.
1518 5039 1573 5112 Ap.
1588 5040 1612 5108 1,
1626 5039 1667 5096 15.

362 5141 390 5180 ν.
403 5123 429 5178 4.
442 5126 508 5182 Vat.
522 5127 547 5180 5.
1155 5147 1183 5186 v.
1197 5131 1222 5198 9,
1237 5129 1279 5184 10.
1291 5128 1359 5183 vau
1372 5126 1398 5181 4.
