4044 6104
313 447 379 509 878
995 455 1207 520 ORIGENES

362 607 393 653 ν.
413 591 442 668 7,
455 591 485 654 8.
505 585 652 666 Ἀπολεῖς
668 589 873 671 πίνταςτούς
888 591 1064 671 λαλοῦντας
1153 613 1184 659 ν.
1209 598 1240 675 7,
1261 599 1292 660 8.
1315 596 1434 662 Perdes
1463 615 1570 662 cmm
1598 599 1656 679 qui
1684 602 1857 680 οροτοιιικν

316 695 355 757 τύ
371 693 494 778 ψεῦδος,
519 694 618 777 ἄνδρα
641 694 780 781 αἱμάτων
794 698 849 760 καὶ
871 695 975 762 δόλιον
997 695 1064 784 βδε-
1109 698 1750 784 Μιάαοέαια,1ιοονάιιοπιοοοιμαάιοαοκοι
1772 703 1854 766 dolo·

316 796 467 863 λύσσεται
482 797 607 883 Κύριος.
1110 819 1184 868 muru
1200 803 1403 869 abominetur
1417 806 1585 870 Dominus.

362 899 456 986 Παρὰ
471 901 591 981 πάντας
607 904 642 969 u
657 903 793 982 τούτους
807 903 949 989 ἀπωλείᾳ
963 925 1064 990 παρα-
1154 911 1226 970 Prae
1241 908 1405 974 omnibus
1426 927 1506 972 vero
1521 910 1700 992 perditioni
1721 929 1777 975 eos
1791 917 1858 976 tra-

317 1004 408 1084 δίδως
420 1010 492 1084 τοὺς
504 1008 548 1093 μὴ
562 1007 654 1094 μόνον
667 1011 750 1073 κατά
762 1008 888 1092 ἀπάτην
900 1007 1061 1094 λογιζομέ-
1108 1010 1171 1090 dis,
1194 1012 1253 1092 qui
1278 1029 1343 1075 non
1367 1014 1478 1076 solum
1503 1015 1607 1078 errori
1631 1013 1791 1096 faventes,
1807 1033 1860 1079 oo-

315 1131 388 1188 νους
411 1111 451 1176 τά
473 1112 583 1196 ψεύδη,
609 1111 693 1177 ἀλλά
708 1116 762 1177 καὶ
784 1113 959 1191 λαλοῦντας
982 1115 1064 1179 αύτά
1106 1116 1222 1193 girant
1245 1117 1429 1197 mendacio,
1451 1116 1510 1180 sed
1533 1119 1592 1198 qui
1618 1135 1658 1181 ca
1673 1118 1858 1199 proferunt,

317 1216 371 1278 καὶ
391 1213 508 1300 ἑτέροις
530 1215 800 1302 διακονουμένους
823 1220 926 1282 δποῐοι
947 1217 1065 1303 τυγχά-
1108 1221 1308 1302 caterisque
1324 1222 1529 1301 ministrant,
1542 1224 1661 1304 quales
1673 1230 1754 1285 sunt
1767 1224 1858 1287 othei

318 1337 422 1382 νουσιν
441 1317 474 1382 οἱ
496 1317 582 1383 άθεοι
603 1319 799 1404 αἱρτσιῶτοα·
833 1323 888 1386 καὶ
911 1319 962 1385 ἐπὶ
987 1329 1063 1388 πάσι
1109 1322 1417 1405 haereti0i5ssdprae
1431 1324 1523 1388 hisce
1536 1326 1859 1390 omnioustcmircm

314 1421 435 1499 τούτοις
450 1426 503 1488 τὸν
518 1421 616 1507 ἄνδρα
628 1423 767 1509 αἱμάτων
782 1421 987 1509 βδελύσσεται
1000 1421 1064 1488 Κύ-
1107 1426 1303 1508 conquiram
1331 1427 1533 1492 aluminum
1553 1431 1720 1509 Dumium,
1750 1431 1854 1494 simili

316 1547 381 1610 ριος
396 1526 430 1591 ἐν
451 1536 490 1611 τῇ
509 1528 562 1610 ἴση
584 1527 703 1593 τούτων
721 1526 853 1613 τιμωρίᾳ
866 1529 921 1592 καὶ
943 1530 996 1592 τὸν
1012 1526 1062 1593 δύ·
1108 1546 1206 1611 porro
1232 1530 1353 1594 horum
1380 1535 1548 1614 supplicio
1574 1535 1677 1597 etiam
1704 1539 1856 1598 mactans

313 1629 383 1696 λιον
398 1629 635 1717 τιύε1ς,ο1οςήν
650 1633 667 1696 δ
682 1631 803 1709 Ἰούδας
820 1630 973 1719 φιλήματι
988 1651 1063 1717 προ·
1108 1633 1272 1716 dolosum,
1291 1636 1403 1716 qualis
1423 1642 1496 1700 erat
1513 1639 1534 1700 J
1538 1638 1632 1717 udas,
1656 1639 1715 1718 qui
1739 1639 1854 1701 osculo

317 1732 391 1810 δούς
413 1735 466 1799 τδν
490 1733 624 1820 Κύριον·
646 1746 701 1800 τού
716 1736 751 1800 δύ
770 1734 946 1822 βδελυγμού
969 1735 1062 1819 ύπερ-
1109 1738 1291 1801 Dominum
1306 1739 1459 1803 tradidit:
1478 1741 1513 1803 in
1534 1756 1603 1820 quo
1616 1731 1858 1818 significarat-

316 1835 496 1904 ύάλλουσαν
526 1840 754 1926 ἀποστροφὴν,
783 1837 824 1917 ύις
854 1841 906 1906 ἐπὶ
935 1839 1064 1925 μεγάλω
1108 1857 1227 1904 versus
1242 1842 1354 1904 virum
1367 1847 1589 1922 exsecratum,
1609 1849 1725 1925 utpote
1742 1845 1778 1908 in
1793 1846 1856 1908 im-

314 1942 477 2028 μιάσματι,
493 1954 549 2009 τού
571 1942 821 2032 βδελυσσομένοο
843 1946 921 2030 πρὸς
936 1945 972 2009 τὸ
995 1943 1063 2030 βδε-
1108 1946 1200 2008 mani
1220 1946 1363 2026 piaculo,
1376 1952 1563 2010 extremam
1576 1947 1802 2012 abominantis
1821 1967 1856 2011 a·

316 2046 441 2131 λυκτδν,
456 2049 674 2133 παριστάντος.
1109 2049 1298 2113 versionem
1314 2050 1356 2113 ab
1372 2067 1411 2112 eo
1426 2067 1528 2131 quem
1544 2050 1767 2115 abominetur.

352 2172 391 2222 .v.
413 2155 444 2217 9.
464 2151 663 2219 Καττύύυνον
685 2152 817 2220 δνύπιύν
832 2173 890 2220 σου
911 2155 971 2242 τὴν
992 2151 1064 2219 δδύν
1153 2169 1184 2215 ν.
1202 2157 1231 2217 9.
1254 2155 1372 2237 Ράνίρε
1386 2171 1493 2221 coram
1509 2158 1540 2219 tc
1553 2156 1641 2220 οιαιιι
1655 2173 1767 2222 ποτα.

319 2276 388 2340 μου.
708 2319 718 2324 .,

252 2361 255 2370 ’
361 2358 455 2424 'Eua
476 2359 512 2425 ol
535 2369 596 2427 τῶν
622 2360 829 2448 ἀντιγράφων,
851 2359 983 2430 ἀνύπιύν
1005 2383 1064 2450 μου
1156 2360 1314 2437 Quaedam
1341 2360 1549 2443 exemplaria
1576 2361 1719 2425 habent:
1746 2361 1859 2428 coram

319 2463 379 2548 τὴν
394 2463 466 2530 ὀδύν
481 2485 549 2547 σου,
565 2467 642 2551 ἔχει.
1107 2466 1371 2542 προελομένων.

361 2586 393 2632 v.
412 2565 615 2652 10,11.·οτι
637 2570 793 2635 οὐκέστιν
815 2568 908 2655 ἀντῷ
930 2570 1062 2655 στόματι
1152 2587 1184 2632 ν.
1202 2572 1319 2649 10,11.
1346 2568 1502 2646 mmmm
1524 2587 1588 2634 κοιι
1609 2574 1659 2636 cst
1678 2571 1716 2635 ia
1737 2587 1790 2634 crc
1811 2587 1859 2634 cc

319 2671 423 2737 αὐτῶν
437 2671 580 2758 ἀλήθεια,
592 2673 613 2760 ἡ
625 2673 742 2759 καρδία
752 2675 855 2739 αὐτῶν
868 2671 997 2760 ματαία,
1008 2674 1063 2739 τά·
1109 2689 1185 2738 rum
1198 2673 1332 2752 centu,
1350 2690 1404 2739 tur
1417 2689 1526 2738 corum
1539 2689 1659 2738 acaum
1672 2679 1729 2754 est,
1754 2673 1860 2755 sepol-

317 2775 741 2864 φοςάνεφγμένοςδλάρυγξ
751 2779 867 2861 αύτῶν,
880 2783 948 2856 ταῖς
963 2776 1064 2863 γλύσ-
1108 2775 1220 2841 chum
1234 2781 1353 2857 poteras
1375 2781 1424 2842 cst
1445 2781 1561 2860 uultur
1582 2794 1701 2857 σοιτωιι,
1731 2777 1857 2860 limus

316 2901 387 2958 σατς
402 2881 712 2948 comessuram.
1109 2881 1458 2965 nuncuparunt.

360 2985 433 3052 Εῐιν
448 2987 477 3053 δ’
487 2988 527 3052 άν
542 2989 628 3053 ούτοι
649 2987 679 3052 οἱ
693 2986 883 3072 καλούμενοι
896 2988 990 3073 σοφοὶ
1004 2995 1061 3052 τού
1151 2987 1233 3050 Esto
1251 2986 1341 3068 quod
1367 2988 1424 3052 isti
1453 2988 1523 3052 sint
1552 2989 1663 3052 vocati
1690 2989 1858 3070 sapientes

319 3091 432 3168 αἰῶνος
445 3092 567 3174 τούτου,
583 3094 653 3176 περὶ
668 3093 711 3157 ύν
724 3092 867 3176 τύνηται·
888 3090 1004 3177 Κύριος
1019 3113 1064 3177 γι-
1108 3090 1211 3171 hrrjus
1221 3093 1347 3171 sacculi,
1359 3091 1400 3155 de
1413 3092 1540 3175 quibus
1551 3091 1680 3156 dictum
1692 3098 1753 3156 est:
1772 3095 1858 3156 «llo-

316 3193 429 3260 νύσκτι
451 3197 522 3274 τούς
545 3195 764 3282 διαλογισμούς
786 3204 847 3261 τῶν
867 3205 993 3282 σοφῶν,
1017 3197 1065 3262 ύτι
1108 3196 1859 3278 minusnovitcogitationessapientumquo-

315 3299 393 3364 εἰσὶν
408 3299 543 3384 μάταιοι.
559 3299 687 3365 Τούτων
702 3301 719 3364 b
734 3298 853 3386 λάρυγξ
868 3300 1004 3365 ἀποπνεῖ
1017 3320 1064 3364 νε·
1108 3299 1200 3363 niam
1215 3315 1311 3368 vanae
1326 3303 1416 3362 sunt
1431 3320 1448 3358 ο
1474 3301 1603 3362 Horum
1615 3305 1737 3378 guttur
1751 3302 1858 3381 spirat

316 3403 379 3486 κρά
394 3403 548 3490 δύγματα,
564 3403 615 3468 διά
629 3405 665 3469 τὸ
686 3405 728 3491 μὴ
745 3402 903 3470 διδάσκειν
918 3407 971 3470 τδν
986 3403 1063 3483 ζωο-
1107 3407 1195 3467 tetra
1209 3402 1379 3482 dogmata,
1394 3403 1469 3466 idco
1484 3402 1575 3485 quod
1591 3421 1658 3467 non
1675 3405 1794 3468 docent
1804 3408 1854 3469 vi·

314 3515 464 3572 ποιοῦντα
484 3508 569 3575 Θεού
591 3507 698 3594 λύγον,
714 3507 799 3574 ἀλλά
817 3511 870 3575 τὸν
885 3507 986 3594 ψευδῆ
1008 3509 1064 3572 καὶ
1109 3507 1248 3572 vilicum
1260 3509 1322 3571 Dei
1334 3508 1485 3587 verbnm,
1498 3508 1556 3572 sed
1567 3510 1754 3574 doctrinam
1764 3528 1856 3575 men-

314 3614 426 3695 ντκρδν
447 3614 503 3676 καὶ
525 3613 631 3699 πάοιγς
652 3611 788 3680 πνέοντα
803 3611 1005 3699 ψυχοφθύρου
1020 3611 1063 3676 δι·
1107 3612 1223 3676 dacem
1244 3616 1277 3675 et
1303 3617 1470 3676 mortuam
1497 3630 1537 3676 ac
1564 3612 1737 3677 foetcntem
1762 3617 1854 3688 omni

318 3715 504 3794 δασκαλύας.
527 3715 605 3794 Ταῖς
625 3715 783 3803 γλύσοοας
802 3718 904 3782 αὐτῶν
927 3714 1063 3781 ἀδολιού-
1107 3716 1326 3780 scientiarum
1342 3717 1541 3796 corruptela.
1556 3718 1695 3799 Linquit
1709 3720 1781 3783 ntis
1802 3719 1854 3782 do·

317 3842 390 3887 σαν·
412 3820 622 3908 χαλεπώτερα
634 3830 696 3887 τῶν
707 3819 948 3908 προφιρομένων
964 3819 1064 3905 pupi·
1107 3817 1172 3884 lucc
1196 3819 1353 3902 αμούαινά,
1383 3836 1489 3900 quum
1523 3819 1688 3884 deteriora
1715 3823 1855 3903 prolatis

323 3948 384 3992 των
396 3928 436 3992 τά
456 3925 676 4013 κεκρυμμένα·
691 3925 773 4010 δύλιρ
788 3927 850 4011 γάρ
872 3923 1065 4011 κεχρημένοι
1106 3925 1177 3987 sint
1202 3924 1305 3988 verba
1331 3924 1536 3988 abscondita.
1570 3925 1634 4000 Qui
1661 3927 1752 3988 enim
1780 3927 1855 3998 dolo

322 4029 417 4118 μυρίοι
431 4050 500 4096 τινα
514 4032 599 4096 κατά
613 4039 675 4096 τῶν
689 4027 789 4106 πέλας
804 4027 993 4113 τυρεύουσιν.
1108 4033 1262 4108 utuntur,
1290 4033 1448 4092 sexcenta
1474 4029 1714 4094 machinantur
1739 4028 1855 4096 adver-

1107 4150 1166 4196 sus
1182 4148 1362 4214 proximos.

362 4257 395 4303 v.
414 4233 1062 4322 11.Κρτνοναύτούςδθεύςάποπτσά·
1150 4252 1182 4298 v.
1202 4237 1252 4300 11.
1275 4234 1395 4301 Iudico
1413 4234 1501 4316 illos,
1531 4238 1640 4316 Deum
1666 4238 1858 4314 άοοίάοινάο

315 4364 420 4408 τωοαν
435 4341 497 4407 ἀπὸ
518 4351 579 4408 τῶν
594 4340 900 4422 διαύουλιῶναύτῶν,
923 4341 1009 4404 κατά
1027 4343 1063 4405 τδ
1107 4338 1352 4423 οομέύούύοοέύνο
1375 4339 1457 4418 suit,
1484 4341 1656 4406 seucum
1678 4344 1859 4420 multitudi-

313 4445 434 4532 πλῆθος
445 4455 507 4512 των
519 4444 668 4512 ἀστύιιων
683 4446 795 4525 αὐτων,
811 4443 927 4523 ἔξωσον
938 4443 1061 4527 αὐτοὺς,
1106 4461 1178 4510 uem
1198 4444 1401 4525 immicos
1419 4461 1538 4524 σοινιυι,
1557 4446 1679 4528 erpelle
1700 4465 1760 4526 eor,
1784 4465 1858 4531 quc

313 4551 365 4616 δτι
379 4550 617 4636 παρετάνιρανάν
631 4571 677 4634 σε,
694 4548 800 4635 Κύριε.
1105 4547 1196 4612 ἀέκον
1210 4548 1427 4614 &nicotrum
1441 4553 1481 4629 tt,
1499 4551 1643 4615 Domine.
1817 4607 1831 4620 ..

360 4652 442 4733 Τοὺς
457 4653 701 4741 προειρημένους
722 4654 866 4742 λχθρούς,
881 4655 954 4731 τούς
976 4653 1016 4740 δὴ
1032 4652 1062 4719 ἐ·
1153 4655 1222 4717 Hos
1237 4652 1415 4736 praedictos
1427 4653 1549 4734 hostes,
1565 4656 1696 4720 scilicet
1706 4657 1766 4738 qui
1778 4657 1858 4720 insi-

351 4928 379 4967 v.
388 4909 522 4980 lavat.
533 4908 574 4965 13.
586 4907 622 4964 Iu
634 4907 692 4964 fine
702 4908 868 4981 exemplum
879 4906 935 4964 tibi
947 4907 1063 4964 sistitur
1107 4905 1241 4962 dorsuna
1258 4910 1290 4963 et
1306 4905 1374 4962 Bar.
1395 4905 1562 4976 Hebraeum,
1581 4904 1659 4978 quod
1676 4905 1795 4977 longine
1816 4905 1853 4961 ab

311 4995 485 5068 tautologia
503 5000 534 5050 et
546 4995 693 5068 perplexa
714 4993 835 5068 periodi,
852 5011 917 5067 quac
935 4993 1063 5052 Eusebio
1106 4993 1233 5051 Eusebio
1251 4999 1283 5050 ct
1299 4993 1337 5050 ab
1355 4991 1483 5064 Origene
1497 4992 1706 5070 repetundum,
1728 4992 1760 5050 id
1777 4992 1855 5066 quod

299 5081 343 5144 in
355 5083 469 5139 deliciis
481 5089 573 5138 crant
988 5131 991 5138 .
1107 5077 1577 5153 saepissimaadvcrtendumarat.

349 5185 377 5224 ν.
390 5171 416 5224 9.
429 5167 505 5232 ltin
517 5167 600 5250 Idam
612 5173 732 5226 nomtnr
744 5166 858 5225 Fisldio
869 5168 947 5242 apud
962 5169 1062 5240 ‘'Phao-
1143 5183 1170 5223 ν.
1185 5167 1227 5237 10,
1240 5167 1283 5223 11.
1295 5164 1369 5221 Ibid.
1379 5165 1428 5222 Po.
1443 5181 1530 5236 xum,
1544 5182 1576 5223 11.
