<?xml version="1.0" encoding="UTF-8"?>
<!DOCTYPE html PUBLIC "-//W3C//DTD XHTML 1.0 Transitional//EN"
    "http://www.w3.org/TR/xhtml1/DTD/xhtml1-transitional.dtd">
<html xmlns="http://www.w3.org/1999/xhtml" xml:lang="en" lang="en">
 <head>
  <title>
</title>
<meta http-equiv="Content-Type" content="text/html;charset=utf-8" />
  <meta name='ocr-system' content='tesseract 3.04.00' />
  <meta name='ocr-capabilities' content='ocr_page ocr_carea ocr_par ocr_line ocrx_word'/>
</head>
<body>
  <div class='ocr_page' id='page_1' title='image "./analectasacrasp00pitrgoog_0605.png"; bbox 0 0 3966 6104; ppageno 0'>
   <div class='ocr_carea' id='block_1_1' title="bbox 283 449 1282 571">
    <p class='ocr_par' dir='ltr' id='par_1_1' title="bbox 283 449 1282 571">
     <span class='ocr_line' id='line_1_1' title="bbox 283 449 1282 571; baseline 0.003 -3"><span class='ocrx_word' id='word_1_1' title='bbox 283 504 347 570; x_wconf 85' lang='lat'><strong>592</strong></span> <span class='ocrx_word' id='word_1_2' title='bbox 577 449 584 470; x_wconf 89' lang='lat'><strong>·</strong></span> <span class='ocrx_word' id='word_1_3' title='bbox 827 503 1013 567; x_wconf 83' lang='lat' dir='ltr'>SANCTUS</span> <span class='ocrx_word' id='word_1_4' title='bbox 1036 505 1282 571; x_wconf 86' lang='lat' dir='ltr'>GREGOBIUS</span> 
     </span>
    </p>
   </div>
   <div class='ocr_carea' id='block_1_2' title="bbox 278 639 1865 2609">
    <p class='ocr_par' dir='ltr' id='par_1_2' title="bbox 280 639 1831 1149">
     <span class='ocr_line' id='line_1_2' title="bbox 280 639 1830 734; baseline 0.003 -23"><span class='ocrx_word' id='word_1_5' title='bbox 280 653 476 734; x_wconf 82' lang='grc' dir='ltr'><strong>γραμματεῖς</strong></span> <span class='ocrx_word' id='word_1_6' title='bbox 490 645 545 709; x_wconf 87' lang='grc' dir='ltr'><strong>καί</strong></span> <span class='ocrx_word' id='word_1_7' title='bbox 560 649 721 729; x_wconf 88' lang='grc' dir='ltr'><strong>φαρισαῖοι</strong></span> <span class='ocrx_word' id='word_1_8' title='bbox 736 639 910 726; x_wconf 80' lang='grc' dir='ltr'><strong>ὑποκριταί,</strong></span> <span class='ocrx_word' id='word_1_9' title='bbox 934 661 1026 706; x_wconf 90' lang='grc' dir='ltr'><strong>κεκο-</strong></span> <span class='ocrx_word' id='word_1_10' title='bbox 1074 646 1235 710; x_wconf 82' lang='lat' dir='ltr'><strong>Pharisaei</strong></span> <span class='ocrx_word' id='word_1_11' title='bbox 1262 647 1483 731; x_wconf 62' lang='lat' dir='ltr'><strong>hypocrita»</strong></span> <span class='ocrx_word' id='word_1_12' title='bbox 1507 651 1664 733; x_wconf 88' lang='lat' dir='ltr'><strong>sepulcra</strong></span> <span class='ocrx_word' id='word_1_13' title='bbox 1691 651 1830 716; x_wconf 90' lang='lat' dir='ltr'><strong>dealba·</strong></span> 
     </span>
     <span class='ocr_line' id='line_1_3' title="bbox 281 745 1830 838; baseline 0 -19"><span class='ocrx_word' id='word_1_14' title='bbox 281 750 444 838; x_wconf 89' lang='grc' dir='ltr'><strong>νιαμένους</strong></span> <span class='ocrx_word' id='word_1_15' title='bbox 465 750 586 834; x_wconf 85' lang='grc' dir='ltr'><strong>τάφους</strong></span> <span class='ocrx_word' id='word_1_16' title='bbox 608 746 782 812; x_wconf 76' lang='grc' dir='ltr'>ἀποκαλῶν</span> <span class='ocrx_word' id='word_1_17' title='bbox 802 747 926 829; x_wconf 83' lang='grc' dir='ltr'><strong>αὐτοὺς,</strong></span> <span class='ocrx_word' id='word_1_18' title='bbox 947 745 976 811; x_wconf 86' lang='grc' dir='ltr'><strong>οἱ</strong></span> <span class='ocrx_word' id='word_1_19' title='bbox 999 747 1029 811; x_wconf 88' lang='grc' dir='ltr'><strong>έ-</strong></span> <span class='ocrx_word' id='word_1_20' title='bbox 1073 754 1109 814; x_wconf 89' lang='lat' dir='ltr'><strong>ta</strong></span> <span class='ocrx_word' id='word_1_21' title='bbox 1127 768 1183 815; x_wconf 90' lang='lat' dir='ltr'><strong>eos</strong></span> <span class='ocrx_word' id='word_1_22' title='bbox 1197 769 1332 833; x_wconf 87' lang='lat' dir='ltr'><strong>vocans,</strong></span> <span class='ocrx_word' id='word_1_23' title='bbox 1349 771 1424 835; x_wconf 80' lang='lat' dir='ltr'><strong>qua</strong></span> <span class='ocrx_word' id='word_1_24' title='bbox 1440 772 1461 816; x_wconf 92' lang='lat' dir='ltr'><strong>a</strong></span> <span class='ocrx_word' id='word_1_25' title='bbox 1478 751 1559 818; x_wconf 86' lang='lat' dir='ltr'><strong>ioris</strong></span> <span class='ocrx_word' id='word_1_26' title='bbox 1575 759 1696 836; x_wconf 89' lang='lat' dir='ltr'><strong>parent</strong></span> <span class='ocrx_word' id='word_1_27' title='bbox 1719 756 1830 819; x_wconf 90' lang='lat' dir='ltr'><strong>homi·</strong></span> 
     </span>
     <span class='ocr_line' id='line_1_4' title="bbox 280 849 1831 940; baseline 0 -20"><span class='ocrx_word' id='word_1_28' title='bbox 280 855 378 936; x_wconf 85' lang='grc' dir='ltr'><strong>ξωθεν</strong></span> <span class='ocrx_word' id='word_1_29' title='bbox 394 855 449 940; x_wconf 87' lang='grc' dir='ltr'><strong>μέν</strong></span> <span class='ocrx_word' id='word_1_30' title='bbox 465 850 629 938; x_wconf 90' lang='grc' dir='ltr'><strong>φαίνονται</strong></span> <span class='ocrx_word' id='word_1_31' title='bbox 643 857 708 929; x_wconf 88' lang='grc' dir='ltr'><strong>τοῖς</strong></span> <span class='ocrx_word' id='word_1_32' title='bbox 724 849 898 936; x_wconf 83' lang='grc' dir='ltr'><strong>ἀνθρώποις</strong></span> <span class='ocrx_word' id='word_1_33' title='bbox 910 849 1029 936; x_wconf 80' lang='grc' dir='ltr'><strong>ὡραῖοι,</strong></span> <span class='ocrx_word' id='word_1_34' title='bbox 1074 855 1175 918; x_wconf 75' lang='grc' dir='ltr'><strong>εἰδετε</strong></span> <span class='ocrx_word' id='word_1_35' title='bbox 1204 857 1365 937; x_wconf 86' lang='lat' dir='ltr'><strong>speciosa,</strong></span> <span class='ocrx_word' id='word_1_36' title='bbox 1397 857 1490 920; x_wconf 85' lang='lat' dir='ltr'><strong>intua</strong></span> <span class='ocrx_word' id='word_1_37' title='bbox 1520 875 1600 921; x_wconf 88' lang='lat' dir='ltr'><strong>vero</strong></span> <span class='ocrx_word' id='word_1_38' title='bbox 1622 859 1724 940; x_wconf 91' lang='lat' dir='ltr'><strong>plena</strong></span> <span class='ocrx_word' id='word_1_39' title='bbox 1743 865 1831 922; x_wconf 89' lang='lat' dir='ltr'><strong>sunt</strong></span> 
     </span>
     <span class='ocr_line' id='line_1_5' title="bbox 281 954 1781 1044; baseline -0.001 -19"><span class='ocrx_word' id='word_1_40' title='bbox 281 959 398 1025; x_wconf 81' lang='grc' dir='ltr'>ἔσωθεν</span> <span class='ocrx_word' id='word_1_41' title='bbox 414 959 449 1022; x_wconf 81' lang='grc' dir='ltr'><strong>δὲ</strong></span> <span class='ocrx_word' id='word_1_42' title='bbox 470 955 619 1043; x_wconf 80' lang='grc' dir='ltr'>γέμουσιν</span> <span class='ocrx_word' id='word_1_43' title='bbox 634 954 753 1021; x_wconf 80' lang='grc' dir='ltr'>ὀστέων</span> <span class='ocrx_word' id='word_1_44' title='bbox 768 964 887 1040; x_wconf 78' lang='grc' dir='ltr'><strong>νεκρῶν</strong></span> <span class='ocrx_word' id='word_1_45' title='bbox 900 957 956 1020; x_wconf 86' lang='grc' dir='ltr'><strong>καί</strong></span> <span class='ocrx_word' id='word_1_46' title='bbox 970 955 1030 1021; x_wconf 90' lang='grc' dir='ltr'><strong>πά-</strong></span> <span class='ocrx_word' id='word_1_47' title='bbox 1075 959 1207 1024; x_wconf 87' lang='lat' dir='ltr'><strong>ossibus</strong></span> <span class='ocrx_word' id='word_1_48' title='bbox 1222 963 1432 1023; x_wconf 89' lang='lat' dir='ltr'><strong>mortuorum</strong></span> <span class='ocrx_word' id='word_1_49' title='bbox 1448 965 1483 1044; x_wconf 87' lang='lat' dir='ltr'><strong>et</strong></span> <span class='ocrx_word' id='word_1_50' title='bbox 1498 962 1590 1024; x_wconf 88' lang='lat' dir='ltr'><strong>omni</strong></span> <span class='ocrx_word' id='word_1_51' title='bbox 1602 964 1781 1043; x_wconf 80' lang='lat' dir='ltr'><strong>spurcitia.</strong></span> 
     </span>
     <span class='ocr_line' id='line_1_6' title="bbox 280 1059 563 1149; baseline -0.018 -21"><span class='ocrx_word' id='word_1_52' title='bbox 280 1081 340 1149; x_wconf 85' lang='grc' dir='ltr'><strong>σης</strong></span> <span class='ocrx_word' id='word_1_53' title='bbox 356 1059 563 1148; x_wconf 88' lang='grc' dir='ltr'><strong>ἀκαθαρσίας.</strong></span> 
     </span>
    </p>

    <p class='ocr_par' dir='ltr' id='par_1_3' title="bbox 278 1161 1865 2609">
     <span class='ocr_line' id='line_1_7' title="bbox 323 1161 1831 1254; baseline 0.001 -20"><span class='ocrx_word' id='word_1_54' title='bbox 323 1168 402 1234; x_wconf 86' lang='grc' dir='ltr'><strong>Ἐόιν</strong></span> <span class='ocrx_word' id='word_1_55' title='bbox 417 1168 480 1254; x_wconf 83' lang='grc' dir='ltr'><strong>γάρ</strong></span> <span class='ocrx_word' id='word_1_56' title='bbox 501 1187 531 1231; x_wconf 90' lang='grc' dir='ltr'><strong>τι</strong></span> <span class='ocrx_word' id='word_1_57' title='bbox 547 1167 590 1243; x_wconf 88' lang='grc' dir='ltr'><strong>εἰς</strong></span> <span class='ocrx_word' id='word_1_58' title='bbox 612 1168 667 1230; x_wconf 90' lang='grc' dir='ltr'><strong>τόν</strong></span> <span class='ocrx_word' id='word_1_59' title='bbox 688 1161 823 1250; x_wconf 79' lang='grc' dir='ltr'><strong>πλησίον</strong></span> <span class='ocrx_word' id='word_1_60' title='bbox 838 1162 957 1249; x_wconf 79' lang='grc' dir='ltr'><strong>ἀγαθόν</strong></span> <span class='ocrx_word' id='word_1_61' title='bbox 978 1162 1029 1248; x_wconf 82' lang='grc' dir='ltr'><strong>έρ-</strong></span> <span class='ocrx_word' id='word_1_62' title='bbox 1117 1169 1153 1232; x_wconf 81' lang='lat' dir='ltr'><strong>si</strong></span> <span class='ocrx_word' id='word_1_63' title='bbox 1171 1169 1253 1250; x_wconf 91' lang='lat' dir='ltr'><strong>quid</strong></span> <span class='ocrx_word' id='word_1_64' title='bbox 1275 1170 1368 1233; x_wconf 88' lang='lat' dir='ltr'><strong>enim</strong></span> <span class='ocrx_word' id='word_1_65' title='bbox 1391 1171 1427 1233; x_wconf 92' lang='lat' dir='ltr'><strong>iu</strong></span> <span class='ocrx_word' id='word_1_66' title='bbox 1450 1173 1644 1254; x_wconf 85' lang='lat' dir='ltr'><strong>proximum</strong></span> <span class='ocrx_word' id='word_1_67' title='bbox 1660 1173 1831 1236; x_wconf 83' lang='lat' dir='ltr'><strong>charitate</strong></span> 
     </span>
     <span class='ocr_line' id='line_1_8' title="bbox 278 1268 1830 1361; baseline 0.001 -22"><span class='ocrx_word' id='word_1_68' title='bbox 278 1272 451 1361; x_wconf 84' lang='grc' dir='ltr'><strong>γασὼμεθα</strong></span> <span class='ocrx_word' id='word_1_69' title='bbox 466 1271 517 1335; x_wconf 87' lang='grc' dir='ltr'><strong>διόι</strong></span> <span class='ocrx_word' id='word_1_70' title='bbox 532 1279 589 1356; x_wconf 79' lang='grc' dir='ltr'><strong>της</strong></span> <span class='ocrx_word' id='word_1_71' title='bbox 612 1268 820 1354; x_wconf 76' lang='grc' dir='ltr'><strong>ἀνυποκρίτου</strong></span> <span class='ocrx_word' id='word_1_72' title='bbox 836 1268 975 1354; x_wconf 78' lang='grc' dir='ltr'><strong>ἀγάπης,</strong></span> <span class='ocrx_word' id='word_1_73' title='bbox 992 1268 1028 1358; x_wconf 88' lang='grc' dir='ltr'><strong>ἀ·</strong></span> <span class='ocrx_word' id='word_1_74' title='bbox 1073 1291 1141 1338; x_wconf 90' lang='lat' dir='ltr'><strong>non</strong></span> <span class='ocrx_word' id='word_1_75' title='bbox 1157 1274 1236 1339; x_wconf 88' lang='lat' dir='ltr'><strong>ficta</strong></span> <span class='ocrx_word' id='word_1_76' title='bbox 1250 1275 1505 1356; x_wconf 79' lang='lat' dir='ltr'><strong>contulerimus,</strong></span> <span class='ocrx_word' id='word_1_77' title='bbox 1524 1277 1683 1341; x_wconf 89' lang='lat' dir='ltr'><strong>audimus</strong></span> <span class='ocrx_word' id='word_1_78' title='bbox 1707 1295 1728 1338; x_wconf 92' lang='lat' dir='ltr'><strong>a</strong></span> <span class='ocrx_word' id='word_1_79' title='bbox 1750 1279 1830 1340; x_wconf 84' lang='lat' dir='ltr'><strong>Ser·</strong></span> 
     </span>
     <span class='ocr_line' id='line_1_9' title="bbox 278 1373 1832 1463; baseline -0.001 -19"><span class='ocrx_word' id='word_1_80' title='bbox 278 1378 415 1463; x_wconf 86' lang='grc' dir='ltr'><strong>κοόομεν</strong></span> <span class='ocrx_word' id='word_1_81' title='bbox 438 1377 525 1460; x_wconf 80' lang='grc' dir='ltr'><strong>παρὰ</strong></span> <span class='ocrx_word' id='word_1_82' title='bbox 546 1383 603 1440; x_wconf 80' lang='grc' dir='ltr'><strong>τοῦ</strong></span> <span class='ocrx_word' id='word_1_83' title='bbox 630 1383 789 1459; x_wconf 70' lang='grc' dir='ltr'><strong>σωτῆρος·</strong></span> <span class='ocrx_word' id='word_1_84' title='bbox 811 1373 882 1459; x_wconf 86' lang='grc' dir='ltr'><strong>Ἐφ’</strong></span> <span class='ocrx_word' id='word_1_85' title='bbox 894 1374 968 1440; x_wconf 90' lang='grc' dir='ltr'><strong>δσον</strong></span> <span class='ocrx_word' id='word_1_86' title='bbox 998 1373 1028 1438; x_wconf 78' lang='grc' dir='ltr'><strong>ἑ·</strong></span> <span class='ocrx_word' id='word_1_87' title='bbox 1072 1383 1202 1443; x_wconf 86' lang='lat' dir='ltr'><strong>vatore:</strong></span> <span class='ocrx_word' id='word_1_88' title='bbox 1221 1379 1413 1461; x_wconf 79' lang='lat' dir='ltr'><strong>«Quidquid</strong></span> <span class='ocrx_word' id='word_1_89' title='bbox 1426 1380 1552 1444; x_wconf 80' lang='lat' dir='ltr'><strong>fecistis</strong></span> <span class='ocrx_word' id='word_1_90' title='bbox 1566 1381 1680 1444; x_wconf 84' lang='lat' dir='ltr'><strong>uniex</strong></span> <span class='ocrx_word' id='word_1_91' title='bbox 1695 1379 1832 1444; x_wconf 89' lang='lat' dir='ltr'><strong>hisfra-</strong></span> 
     </span>
     <span class='ocr_line' id='line_1_10' title="bbox 278 1475 1865 1567; baseline 0.002 -18"><span class='ocrx_word' id='word_1_92' title='bbox 278 1482 434 1567; x_wconf 67' lang='lat' dir='ltr'><strong>corticata</strong></span> <span class='ocrx_word' id='word_1_93' title='bbox 450 1480 494 1546; x_wconf 86' lang='grc' dir='ltr'><strong>ένί</strong></span> <span class='ocrx_word' id='word_1_94' title='bbox 508 1475 625 1544; x_wconf 83' lang='grc' dir='ltr'><strong>τούτων</strong></span> <span class='ocrx_word' id='word_1_95' title='bbox 647 1488 709 1545; x_wconf 84' lang='grc' dir='ltr'><strong>τῶν</strong></span> <span class='ocrx_word' id='word_1_96' title='bbox 732 1477 876 1562; x_wconf 82' lang='grc' dir='ltr'>ἀδελφῶν</span> <span class='ocrx_word' id='word_1_97' title='bbox 893 1497 952 1562; x_wconf 93' lang='grc' dir='ltr'><strong>μου</strong></span> <span class='ocrx_word' id='word_1_98' title='bbox 967 1486 1028 1543; x_wconf 83' lang='grc' dir='ltr'><strong>τῶν</strong></span> <span class='ocrx_word' id='word_1_99' title='bbox 1072 1485 1182 1548; x_wconf 73' lang='grc' dir='ltr'><strong>δείδιτε</strong></span> <span class='ocrx_word' id='word_1_100' title='bbox 1198 1485 1282 1548; x_wconf 90' lang='lat' dir='ltr'><strong>meis</strong></span> <span class='ocrx_word' id='word_1_101' title='bbox 1298 1485 1460 1566; x_wconf 90' lang='lat' dir='ltr'><strong>minimis,</strong></span> <span class='ocrx_word' id='word_1_102' title='bbox 1476 1484 1560 1548; x_wconf 90' lang='lat' dir='ltr'><strong>mihi</strong></span> <span class='ocrx_word' id='word_1_103' title='bbox 1572 1483 1742 1548; x_wconf 83' lang='lat' dir='ltr'><strong>lecistis.»</strong></span> <span class='ocrx_word' id='word_1_104' title='bbox 1762 1486 1831 1548; x_wconf 87' lang='lat' dir='ltr'><strong>Ea·</strong></span> <span class='ocrx_word' id='word_1_105' title='bbox 1861 1545 1865 1552; x_wconf 88' lang='lat'><em>.</em></span> 
     </span>
     <span class='ocr_line' id='line_1_11' title="bbox 278 1577 1832 1672; baseline -0.001 -20"><span class='ocrx_word' id='word_1_106' title='bbox 278 1585 463 1672; x_wconf 78' lang='grc' dir='ltr'><strong>ἐλαχίστων,</strong></span> <span class='ocrx_word' id='word_1_107' title='bbox 480 1585 550 1669; x_wconf 79' lang='grc' dir='ltr'><strong>ἰμοὶ</strong></span> <span class='ocrx_word' id='word_1_108' title='bbox 568 1579 739 1666; x_wconf 79' lang='grc' dir='ltr'><strong>ἐποιήσατε</strong></span> <span class='ocrx_word' id='word_1_109' title='bbox 756 1577 792 1666; x_wconf 75' lang='lat'><strong>⁴).</strong></span> <span class='ocrx_word' id='word_1_110' title='bbox 817 1578 908 1646; x_wconf 84' lang='grc' dir='ltr'><strong>Οότω</strong></span> <span class='ocrx_word' id='word_1_111' title='bbox 924 1581 960 1644; x_wconf 85' lang='grc' dir='ltr'><strong>δέ</strong></span> <span class='ocrx_word' id='word_1_112' title='bbox 973 1582 1029 1645; x_wconf 89' lang='grc' dir='ltr'><strong>καί</strong></span> <span class='ocrx_word' id='word_1_113' title='bbox 1073 1587 1150 1651; x_wconf 92' lang='lat' dir='ltr'><strong>dem</strong></span> <span class='ocrx_word' id='word_1_114' title='bbox 1161 1589 1292 1652; x_wconf 91' lang='lat' dir='ltr'><strong>ratione</strong></span> <span class='ocrx_word' id='word_1_115' title='bbox 1307 1593 1341 1651; x_wconf 92' lang='lat' dir='ltr'><strong>et</strong></span> <span class='ocrx_word' id='word_1_116' title='bbox 1356 1589 1385 1652; x_wconf 92' lang='lat' dir='ltr'><strong>si</strong></span> <span class='ocrx_word' id='word_1_117' title='bbox 1401 1587 1483 1669; x_wconf 89' lang='lat' dir='ltr'><strong>quid</strong></span> <span class='ocrx_word' id='word_1_118' title='bbox 1495 1589 1588 1666; x_wconf 90' lang='lat' dir='ltr'><strong>mali,</strong></span> <span class='ocrx_word' id='word_1_119' title='bbox 1606 1587 1720 1652; x_wconf 83' lang='lat' dir='ltr'><strong>fucata</strong></span> <span class='ocrx_word' id='word_1_120' title='bbox 1735 1587 1832 1650; x_wconf 88' lang='lat' dir='ltr'><strong>frau-</strong></span> 
     </span>
     <span class='ocr_line' id='line_1_12' title="bbox 280 1685 1831 1774; baseline -0.005 -13"><span class='ocrx_word' id='word_1_121' title='bbox 280 1691 352 1755; x_wconf 80' lang='grc' dir='ltr'><strong>εῐτι</strong></span> <span class='ocrx_word' id='word_1_122' title='bbox 366 1688 486 1774; x_wconf 77' lang='grc' dir='ltr'><strong>φαῦλον</strong></span> <span class='ocrx_word' id='word_1_123' title='bbox 503 1688 556 1752; x_wconf 76' lang='grc' dir='ltr'><strong>διὰ</strong></span> <span class='ocrx_word' id='word_1_124' title='bbox 578 1695 636 1770; x_wconf 73' lang='grc' dir='ltr'><strong>τῆς</strong></span> <span class='ocrx_word' id='word_1_125' title='bbox 652 1685 821 1771; x_wconf 59' lang='lat' dir='ltr'><strong>&amp;defodit</strong></span> <span class='ocrx_word' id='word_1_126' title='bbox 843 1685 898 1749; x_wconf 64' lang='grc' dir='ltr'><strong>καὶ</strong></span> <span class='ocrx_word' id='word_1_127' title='bbox 914 1693 1028 1770; x_wconf 72' lang='grc' dir='ltr'><strong>μιαρᾶς</strong></span> <span class='ocrx_word' id='word_1_128' title='bbox 1074 1692 1281 1773; x_wconf 90' lang='lat' dir='ltr'><strong>dulentaqua</strong></span> <span class='ocrx_word' id='word_1_129' title='bbox 1310 1692 1549 1771; x_wconf 80' lang='lat' dir='ltr'><strong>simulatione,</strong></span> <span class='ocrx_word' id='word_1_130' title='bbox 1584 1692 1639 1755; x_wconf 89' lang='lat' dir='ltr'><strong>vel</strong></span> <span class='ocrx_word' id='word_1_131' title='bbox 1666 1708 1831 1773; x_wconf 89' lang='lat' dir='ltr'><strong>quocum-</strong></span> 
     </span>
     <span class='ocr_line' id='line_1_13' title="bbox 279 1785 1829 1877; baseline 0 -18"><span class='ocrx_word' id='word_1_132' title='bbox 279 1791 484 1877; x_wconf 79' lang='grc' dir='ltr'><strong>ὑποκρίσεως,</strong></span> <span class='ocrx_word' id='word_1_133' title='bbox 500 1792 522 1876; x_wconf 80' lang='grc' dir='ltr'><strong>ῆ</strong></span> <span class='ocrx_word' id='word_1_134' title='bbox 538 1790 592 1855; x_wconf 89' lang='grc' dir='ltr'><strong>καί</strong></span> <span class='ocrx_word' id='word_1_135' title='bbox 609 1790 660 1853; x_wconf 89' lang='grc' dir='ltr'><strong>διόι</strong></span> <span class='ocrx_word' id='word_1_136' title='bbox 675 1789 844 1854; x_wconf 83' lang='grc' dir='ltr'><strong>ὁποιασοῦν</strong></span> <span class='ocrx_word' id='word_1_137' title='bbox 868 1785 978 1872; x_wconf 79' lang='grc' dir='ltr'><strong>ἑτέρας</strong></span> <span class='ocrx_word' id='word_1_138' title='bbox 994 1787 1030 1852; x_wconf 87' lang='grc' dir='ltr'><strong>ά-</strong></span> <span class='ocrx_word' id='word_1_139' title='bbox 1074 1811 1140 1876; x_wconf 89' lang='lat' dir='ltr'><strong>que</strong></span> <span class='ocrx_word' id='word_1_140' title='bbox 1155 1796 1223 1858; x_wconf 92' lang='lat' dir='ltr'><strong>alio</strong></span> <span class='ocrx_word' id='word_1_141' title='bbox 1244 1797 1391 1876; x_wconf 88' lang='lat' dir='ltr'><strong>peccato,</strong></span> <span class='ocrx_word' id='word_1_142' title='bbox 1410 1793 1506 1857; x_wconf 81' lang='lat' dir='ltr'><strong>fratri</strong></span> <span class='ocrx_word' id='word_1_143' title='bbox 1528 1794 1759 1877; x_wconf 82' lang='lat' dir='ltr'><strong>intulerimus,</strong></span> <span class='ocrx_word' id='word_1_144' title='bbox 1783 1795 1829 1859; x_wconf 91' lang='lat' dir='ltr'><strong>si-</strong></span> 
     </span>
     <span class='ocr_line' id='line_1_14' title="bbox 281 1888 1830 1986; baseline 0 -23"><span class='ocrx_word' id='word_1_145' title='bbox 281 1894 423 1986; x_wconf 88' lang='grc' dir='ltr'><strong>μαρτίας,</strong></span> <span class='ocrx_word' id='word_1_146' title='bbox 455 1896 499 1972; x_wconf 87' lang='grc' dir='ltr'><strong>εἰς</strong></span> <span class='ocrx_word' id='word_1_147' title='bbox 521 1896 576 1960; x_wconf 89' lang='grc' dir='ltr'><strong>τόν</strong></span> <span class='ocrx_word' id='word_1_148' title='bbox 598 1892 735 1978; x_wconf 87' lang='grc' dir='ltr'><strong>ἀδελφόν</strong></span> <span class='ocrx_word' id='word_1_149' title='bbox 757 1889 973 1976; x_wconf 78' lang='grc' dir='ltr'><strong>ἐνδειξώμεθα,</strong></span> <span class='ocrx_word' id='word_1_150' title='bbox 998 1888 1030 1955; x_wconf 85' lang='grc' dir='ltr'><strong>ὁ·</strong></span> <span class='ocrx_word' id='word_1_151' title='bbox 1074 1898 1201 1961; x_wconf 89' lang='lat' dir='ltr'><strong>militer</strong></span> <span class='ocrx_word' id='word_1_152' title='bbox 1212 1899 1247 1961; x_wconf 94' lang='lat' dir='ltr'><strong>in</strong></span> <span class='ocrx_word' id='word_1_153' title='bbox 1259 1898 1367 1962; x_wconf 87' lang='lat' dir='ltr'><strong>Deum</strong></span> <span class='ocrx_word' id='word_1_154' title='bbox 1379 1899 1620 1980; x_wconf 88' lang='lat' dir='ltr'><strong>delinquimus.</strong></span> <span class='ocrx_word' id='word_1_155' title='bbox 1637 1899 1748 1962; x_wconf 83' lang='lat' dir='ltr'><strong>Grave</strong></span> <span class='ocrx_word' id='word_1_156' title='bbox 1761 1901 1830 1979; x_wconf 82' lang='lat' dir='ltr'><strong>igi·</strong></span> 
     </span>
     <span class='ocr_line' id='line_1_15' title="bbox 280 1995 1830 2090; baseline 0.001 -24"><span class='ocrx_word' id='word_1_157' title='bbox 280 1998 375 2090; x_wconf 88' lang='grc' dir='ltr'><strong>μοίως</strong></span> <span class='ocrx_word' id='word_1_158' title='bbox 391 1999 612 2086; x_wconf 79' lang='grc' dir='ltr'><strong>ἁμαρτάνομεν</strong></span> <span class='ocrx_word' id='word_1_159' title='bbox 626 1998 737 2075; x_wconf 84' lang='grc' dir='ltr'><strong>καίείς</strong></span> <span class='ocrx_word' id='word_1_160' title='bbox 753 1995 909 2064; x_wconf 82' lang='grc' dir='ltr'><strong>τὸνθεόν.</strong></span> <span class='ocrx_word' id='word_1_161' title='bbox 922 1995 1029 2063; x_wconf 90' lang='grc' dir='ltr'><strong>Δεῖνον</strong></span> <span class='ocrx_word' id='word_1_162' title='bbox 1074 2005 1131 2064; x_wconf 89' lang='lat' dir='ltr'><strong>tur</strong></span> <span class='ocrx_word' id='word_1_163' title='bbox 1146 2001 1277 2080; x_wconf 89' lang='lat' dir='ltr'><strong>aliquid</strong></span> <span class='ocrx_word' id='word_1_164' title='bbox 1296 2005 1347 2065; x_wconf 90' lang='lat' dir='ltr'><strong>est</strong></span> <span class='ocrx_word' id='word_1_165' title='bbox 1364 2003 1547 2080; x_wconf 85' lang='lat' dir='ltr'><strong>simulatio,</strong></span> <span class='ocrx_word' id='word_1_166' title='bbox 1564 2001 1694 2081; x_wconf 81' lang='lat' dir='ltr'><strong>tratres,</strong></span> <span class='ocrx_word' id='word_1_167' title='bbox 1712 2007 1747 2066; x_wconf 88' lang='lat' dir='ltr'><strong>et</strong></span> <span class='ocrx_word' id='word_1_168' title='bbox 1771 2004 1830 2067; x_wconf 90' lang='lat' dir='ltr'><strong>ho-</strong></span> 
     </span>
     <span class='ocr_line' id='line_1_16' title="bbox 280 2101 1827 2191; baseline -0.001 -18"><span class='ocrx_word' id='word_1_169' title='bbox 280 2105 371 2191; x_wconf 82' lang='grc' dir='ltr'><strong>οὔνὴ</strong></span> <span class='ocrx_word' id='word_1_170' title='bbox 388 2106 559 2191; x_wconf 84' lang='grc' dir='ltr'><strong>ὑπόκρισις,</strong></span> <span class='ocrx_word' id='word_1_171' title='bbox 575 2103 716 2188; x_wconf 86' lang='grc' dir='ltr'><strong>ἀδελφοί,</strong></span> <span class='ocrx_word' id='word_1_172' title='bbox 732 2105 786 2168; x_wconf 86' lang='grc' dir='ltr'><strong>καί</strong></span> <span class='ocrx_word' id='word_1_173' title='bbox 800 2101 962 2188; x_wconf 89' lang='grc' dir='ltr'><strong>πολέμιον·</strong></span> <span class='ocrx_word' id='word_1_174' title='bbox 974 2103 1029 2166; x_wconf 88' lang='grc' dir='ltr'><strong>καί</strong></span> <span class='ocrx_word' id='word_1_175' title='bbox 1073 2105 1167 2185; x_wconf 88' lang='lat' dir='ltr'><strong>stile;</strong></span> <span class='ocrx_word' id='word_1_176' title='bbox 1190 2122 1252 2169; x_wconf 88' lang='lat' dir='ltr'><strong>nec</strong></span> <span class='ocrx_word' id='word_1_177' title='bbox 1273 2106 1341 2170; x_wconf 90' lang='lat' dir='ltr'><strong>nisi</strong></span> <span class='ocrx_word' id='word_1_178' title='bbox 1357 2105 1572 2170; x_wconf 83' lang='lat' dir='ltr'><strong>absconditus</strong></span> <span class='ocrx_word' id='word_1_179' title='bbox 1593 2106 1628 2169; x_wconf 93' lang='lat' dir='ltr'><strong>in</strong></span> <span class='ocrx_word' id='word_1_180' title='bbox 1644 2107 1744 2171; x_wconf 91' lang='lat' dir='ltr'><strong>corde</strong></span> <span class='ocrx_word' id='word_1_181' title='bbox 1767 2107 1827 2171; x_wconf 93' lang='lat' dir='ltr'><strong>do-</strong></span> 
     </span>
     <span class='ocr_line' id='line_1_17' title="bbox 280 2203 1827 2295; baseline -0.001 -19"><span class='ocrx_word' id='word_1_182' title='bbox 280 2208 496 2295; x_wconf 90' lang='grc' dir='ltr'><strong>κεκρυμμένος</strong></span> <span class='ocrx_word' id='word_1_183' title='bbox 511 2209 545 2274; x_wconf 85' lang='grc' dir='ltr'><strong>ἰν</strong></span> <span class='ocrx_word' id='word_1_184' title='bbox 567 2217 607 2292; x_wconf 78' lang='grc' dir='ltr'><strong>τῇ</strong></span> <span class='ocrx_word' id='word_1_185' title='bbox 627 2203 742 2291; x_wconf 78' lang='grc' dir='ltr'><strong>καρδίᾳ</strong></span> <span class='ocrx_word' id='word_1_186' title='bbox 764 2206 866 2289; x_wconf 84' lang='grc' dir='ltr'><strong>δόλος,</strong></span> <span class='ocrx_word' id='word_1_187' title='bbox 889 2207 934 2284; x_wconf 88' lang='grc' dir='ltr'><strong>εἰς</strong></span> <span class='ocrx_word' id='word_1_188' title='bbox 949 2205 1032 2270; x_wconf 88' lang='grc' dir='ltr'><strong>άπά-</strong></span> <span class='ocrx_word' id='word_1_189' title='bbox 1074 2209 1149 2291; x_wconf 83' lang='grc' dir='ltr'><strong>ἰυε,</strong></span> <span class='ocrx_word' id='word_1_190' title='bbox 1172 2209 1215 2272; x_wconf 88' lang='lat' dir='ltr'><strong>ad</strong></span> <span class='ocrx_word' id='word_1_191' title='bbox 1237 2209 1451 2292; x_wconf 89' lang='lat' dir='ltr'><strong>decipiendos</strong></span> <span class='ocrx_word' id='word_1_192' title='bbox 1477 2212 1677 2293; x_wconf 88' lang='lat' dir='ltr'><strong>simpliciter</strong></span> <span class='ocrx_word' id='word_1_193' title='bbox 1706 2229 1827 2275; x_wconf 86' lang='lat' dir='ltr'><strong>secum</strong></span> 
     </span>
     <span class='ocr_line' id='line_1_18' title="bbox 279 2307 1827 2401; baseline 0.001 -22"><span class='ocrx_word' id='word_1_194' title='bbox 279 2335 338 2401; x_wconf 92' lang='grc' dir='ltr'><strong>την</strong></span> <span class='ocrx_word' id='word_1_195' title='bbox 353 2322 415 2378; x_wconf 83' lang='grc' dir='ltr'><strong>των</strong></span> <span class='ocrx_word' id='word_1_196' title='bbox 444 2310 551 2389; x_wconf 81' lang='grc' dir='ltr'><strong>άπλῶς</strong></span> <span class='ocrx_word' id='word_1_197' title='bbox 573 2308 846 2395; x_wconf 81' lang='grc' dir='ltr'><strong>προσφερομένων,</strong></span> <span class='ocrx_word' id='word_1_198' title='bbox 861 2317 927 2387; x_wconf 88' lang='grc' dir='ltr'><strong>τοῖς</strong></span> <span class='ocrx_word' id='word_1_199' title='bbox 953 2307 1032 2393; x_wconf 86' lang='grc' dir='ltr'><strong>ἀγά·</strong></span> <span class='ocrx_word' id='word_1_200' title='bbox 1074 2313 1301 2395; x_wconf 86' lang='lat' dir='ltr'><strong>procedentes,</strong></span> <span class='ocrx_word' id='word_1_201' title='bbox 1320 2331 1403 2395; x_wconf 90' lang='lat' dir='ltr'><strong>quos</strong></span> <span class='ocrx_word' id='word_1_202' title='bbox 1426 2314 1626 2378; x_wconf 88' lang='lat' dir='ltr'><strong>charitatem</strong></span> <span class='ocrx_word' id='word_1_203' title='bbox 1649 2315 1827 2397; x_wconf 86' lang='lat' dir='ltr'><strong>habentes,</strong></span> 
     </span>
     <span class='ocr_line' id='line_1_19' title="bbox 280 2412 1829 2506; baseline 0.001 -21"><span class='ocrx_word' id='word_1_204' title='bbox 280 2440 345 2506; x_wconf 83' lang='grc' dir='ltr'><strong>ττην</strong></span> <span class='ocrx_word' id='word_1_205' title='bbox 355 2413 574 2502; x_wconf 84' lang='grc' dir='ltr'><strong>κεκτημένοις,</strong></span> <span class='ocrx_word' id='word_1_206' title='bbox 590 2413 675 2480; x_wconf 88' lang='grc' dir='ltr'><strong>άλλα</strong></span> <span class='ocrx_word' id='word_1_207' title='bbox 687 2415 744 2500; x_wconf 84' lang='grc' dir='ltr'><strong>μὲν</strong></span> <span class='ocrx_word' id='word_1_208' title='bbox 754 2413 793 2478; x_wconf 89' lang='grc' dir='ltr'><strong>έκ</strong></span> <span class='ocrx_word' id='word_1_209' title='bbox 806 2413 964 2500; x_wconf 88' lang='grc' dir='ltr'><strong>στόματος</strong></span> <span class='ocrx_word' id='word_1_210' title='bbox 975 2412 1032 2477; x_wconf 89' lang='grc' dir='ltr'><strong>λα-</strong></span> <span class='ocrx_word' id='word_1_211' title='bbox 1075 2416 1173 2483; x_wconf 85' lang='grc' dir='ltr'><strong>όοίυε</strong></span> <span class='ocrx_word' id='word_1_212' title='bbox 1188 2434 1244 2482; x_wconf 87' lang='lat' dir='ltr'><strong>ore</strong></span> <span class='ocrx_word' id='word_1_213' title='bbox 1260 2419 1432 2500; x_wconf 84' lang='lat' dir='ltr'><strong>proterens</strong></span> <span class='ocrx_word' id='word_1_214' title='bbox 1447 2420 1524 2501; x_wconf 90' lang='lat' dir='ltr'><strong>alia,</strong></span> <span class='ocrx_word' id='word_1_215' title='bbox 1541 2421 1610 2483; x_wconf 92' lang='lat' dir='ltr'><strong>alia</strong></span> <span class='ocrx_word' id='word_1_216' title='bbox 1625 2427 1759 2504; x_wconf 89' lang='lat' dir='ltr'><strong>pectore</strong></span> <span class='ocrx_word' id='word_1_217' title='bbox 1776 2439 1829 2485; x_wconf 89' lang='lat' dir='ltr'><strong>re-</strong></span> 
     </span>
     <span class='ocr_line' id='line_1_20' title="bbox 281 2516 1690 2609; baseline -0.001 -18"><span class='ocrx_word' id='word_1_218' title='bbox 281 2527 394 2609; x_wconf 81' lang='grc' dir='ltr'><strong>λοδσα,</strong></span> <span class='ocrx_word' id='word_1_219' title='bbox 409 2522 493 2589; x_wconf 88' lang='grc' dir='ltr'><strong>άλλα</strong></span> <span class='ocrx_word' id='word_1_220' title='bbox 508 2522 543 2587; x_wconf 82' lang='grc' dir='ltr'><strong>δὲ</strong></span> <span class='ocrx_word' id='word_1_221' title='bbox 559 2522 593 2587; x_wconf 81' lang='grc' dir='ltr'><strong>έν</strong></span> <span class='ocrx_word' id='word_1_222' title='bbox 605 2518 744 2606; x_wconf 83' lang='grc' dir='ltr'><strong>στέρνοις</strong></span> <span class='ocrx_word' id='word_1_223' title='bbox 760 2517 910 2604; x_wconf 91' lang='grc' dir='ltr'><strong>φέρουσα,</strong></span> <span class='ocrx_word' id='word_1_224' title='bbox 922 2516 1031 2584; x_wconf 84' lang='grc' dir='ltr'><strong>δελεά·</strong></span> <span class='ocrx_word' id='word_1_225' title='bbox 1074 2523 1232 2604; x_wconf 88' lang='lat' dir='ltr'><strong>condens,</strong></span> <span class='ocrx_word' id='word_1_226' title='bbox 1248 2523 1465 2588; x_wconf 85' lang='lat' dir='ltr'><strong>fraudulenta</strong></span> <span class='ocrx_word' id='word_1_227' title='bbox 1481 2541 1558 2588; x_wconf 88' lang='lat' dir='ltr'><strong>esca</strong></span> <span class='ocrx_word' id='word_1_228' title='bbox 1573 2525 1690 2590; x_wconf 86' lang='lat' dir='ltr'><strong>allicit</strong></span> 
     </span>
    </p>
   </div>
   <div class='ocr_carea' id='block_1_3' title="bbox 204 2629 1827 2818">
    <p class='ocr_par' dir='ltr' id='par_1_4' title="bbox 204 2629 1827 2818">
     <span class='ocr_line' id='line_1_21' title="bbox 204 2629 1827 2818; baseline -0.001 -19"><span class='ocrx_word' id='word_1_229' title='bbox 204 2697 210 2702; x_wconf 32' lang='grc'><em>“</em></span> <span class='ocrx_word' id='word_1_230' title='bbox 281 2629 394 2799; x_wconf 61' lang='grc' dir='ltr'><strong>ζει(λίικ</strong></span> <span class='ocrx_word' id='word_1_231' title='bbox 405 2725 816 2818; x_wconf 63' lang='grc' dir='ltr'><strong>ἀγαθόν’)ἡὺπερηφανία,</strong></span> <span class='ocrx_word' id='word_1_232' title='bbox 828 2722 1032 2812; x_wconf 80' lang='grc' dir='ltr'><strong>ψευδοδοξίαν</strong></span> <span class='ocrx_word' id='word_1_233' title='bbox 1120 2733 1220 2796; x_wconf 86' lang='lat' dir='ltr'><strong>Haud</strong></span> <span class='ocrx_word' id='word_1_234' title='bbox 1241 2733 1368 2796; x_wconf 90' lang='lat' dir='ltr'><strong>bonum</strong></span> <span class='ocrx_word' id='word_1_235' title='bbox 1387 2734 1556 2816; x_wconf 85' lang='lat' dir='ltr'><strong>superbia,</strong></span> <span class='ocrx_word' id='word_1_236' title='bbox 1576 2751 1656 2799; x_wconf 89' lang='lat' dir='ltr'><strong>oum</strong></span> <span class='ocrx_word' id='word_1_237' title='bbox 1678 2735 1827 2798; x_wconf 87' lang='lat' dir='ltr'><strong>multam</strong></span> 
     </span>
    </p>
   </div>
   <div class='ocr_carea' id='block_1_4' title="bbox 137 2813 1828 2924">
    <p class='ocr_par' dir='ltr' id='par_1_5' title="bbox 137 2813 1828 2924">
     <span class='ocr_line' id='line_1_22' title="bbox 137 2813 1828 2924; baseline -0.001 -21"><span class='ocrx_word' id='word_1_238' title='bbox 137 2813 143 2820; x_wconf 36' lang='lat'>⁸</span> <span class='ocrx_word' id='word_1_239' title='bbox 280 2839 402 2924; x_wconf 80' lang='grc' dir='ltr'><strong>ἔχουσα</strong></span> <span class='ocrx_word' id='word_1_240' title='bbox 415 2833 556 2920; x_wconf 79' lang='grc' dir='ltr'><strong>πολλήν·</strong></span> <span class='ocrx_word' id='word_1_241' title='bbox 579 2832 677 2918; x_wconf 78' lang='grc' dir='ltr'><strong>δῆλον</strong></span> <span class='ocrx_word' id='word_1_242' title='bbox 691 2833 763 2918; x_wconf 77' lang='grc' dir='ltr'><strong>γὰρ,</strong></span> <span class='ocrx_word' id='word_1_243' title='bbox 778 2830 887 2917; x_wconf 77' lang='grc' dir='ltr'><strong>δῆλον,</strong></span> <span class='ocrx_word' id='word_1_244' title='bbox 910 2829 953 2907; x_wconf 76' lang='grc' dir='ltr'><strong>ὥς</strong></span> <span class='ocrx_word' id='word_1_245' title='bbox 967 2837 1031 2894; x_wconf 76' lang='grc' dir='ltr'><strong>πᾶν</strong></span> <span class='ocrx_word' id='word_1_246' title='bbox 1075 2835 1170 2901; x_wconf 75' lang='lat' dir='ltr'><strong>falsae</strong></span> <span class='ocrx_word' id='word_1_247' title='bbox 1192 2838 1312 2916; x_wconf 82' lang='lat' dir='ltr'><strong>gloriae</strong></span> <span class='ocrx_word' id='word_1_248' title='bbox 1339 2837 1524 2901; x_wconf 86' lang='lat' dir='ltr'><strong>vanitatem</strong></span> <span class='ocrx_word' id='word_1_249' title='bbox 1547 2840 1729 2904; x_wconf 89' lang='lat' dir='ltr'><strong>contineat.</strong></span> <span class='ocrx_word' id='word_1_250' title='bbox 1766 2842 1828 2902; x_wconf 88' lang='lat' dir='ltr'><strong>Pa·</strong></span> 
     </span>
    </p>
   </div>
   <div class='ocr_carea' id='block_1_5' title="bbox 280 2931 1827 3859">
    <p class='ocr_par' dir='ltr' id='par_1_6' title="bbox 280 2931 1827 3859">
     <span class='ocr_line' id='line_1_23' title="bbox 281 2931 1827 3027; baseline 0.001 -20"><span class='ocrx_word' id='word_1_251' title='bbox 281 2941 402 3027; x_wconf 84' lang='grc' dir='ltr'><strong>ἀγαθόν</strong></span> <span class='ocrx_word' id='word_1_252' title='bbox 415 2939 535 3006; x_wconf 86' lang='grc' dir='ltr'><strong>τέλειον</strong></span> <span class='ocrx_word' id='word_1_253' title='bbox 557 2938 671 3005; x_wconf 71' lang='grc' dir='ltr'><strong>θεόθεν</strong></span> <span class='ocrx_word' id='word_1_254' title='bbox 691 2939 819 3024; x_wconf 83' lang='grc' dir='ltr'><strong>ἔρχεται</strong></span> <span class='ocrx_word' id='word_1_255' title='bbox 832 2931 871 3021; x_wconf 74' lang='grc'><strong>5)·</strong></span> <span class='ocrx_word' id='word_1_256' title='bbox 895 2935 950 2999; x_wconf 86' lang='grc' dir='ltr'><strong>καί</strong></span> <span class='ocrx_word' id='word_1_257' title='bbox 972 2933 1032 2998; x_wconf 82' lang='grc' dir='ltr'><strong>οὐκ</strong></span> <span class='ocrx_word' id='word_1_258' title='bbox 1075 2943 1126 3004; x_wconf 81' lang='lat' dir='ltr'><strong>tet</strong></span> <span class='ocrx_word' id='word_1_259' title='bbox 1141 2942 1242 3020; x_wconf 89' lang='lat' dir='ltr'><strong>enim,</strong></span> <span class='ocrx_word' id='word_1_260' title='bbox 1264 2945 1358 3023; x_wconf 88' lang='lat' dir='ltr'><strong>patet</strong></span> <span class='ocrx_word' id='word_1_261' title='bbox 1379 2943 1469 3024; x_wconf 93' lang='lat' dir='ltr'><strong>quod</strong></span> <span class='ocrx_word' id='word_1_262' title='bbox 1487 2943 1728 3008; x_wconf 90' lang='lat' dir='ltr'><strong>omnebonum</strong></span> <span class='ocrx_word' id='word_1_263' title='bbox 1751 2961 1827 3026; x_wconf 89' lang='lat' dir='ltr'><strong>per-</strong></span> 
     </span>
     <span class='ocr_line' id='line_1_24' title="bbox 280 3036 1826 3129; baseline 0.001 -18"><span class='ocrx_word' id='word_1_264' title='bbox 280 3047 348 3111; x_wconf 85' lang='grc' dir='ltr'><strong>έστι</strong></span> <span class='ocrx_word' id='word_1_265' title='bbox 369 3043 490 3129; x_wconf 83' lang='grc' dir='ltr'><strong>ληπτὸν</strong></span> <span class='ocrx_word' id='word_1_266' title='bbox 512 3041 617 3119; x_wconf 91' lang='grc' dir='ltr'><strong>άλλως</strong></span> <span class='ocrx_word' id='word_1_267' title='bbox 640 3040 802 3125; x_wconf 82' lang='grc' dir='ltr'><strong>ἀνθρώπω,</strong></span> <span class='ocrx_word' id='word_1_268' title='bbox 819 3039 861 3117; x_wconf 82' lang='grc' dir='ltr'><strong>ὡς</strong></span> <span class='ocrx_word' id='word_1_269' title='bbox 885 3039 982 3114; x_wconf 80' lang='grc' dir='ltr'><strong>όντως</strong></span> <span class='ocrx_word' id='word_1_270' title='bbox 997 3036 1031 3102; x_wconf 87' lang='grc' dir='ltr'><strong>ἀ·</strong></span> <span class='ocrx_word' id='word_1_271' title='bbox 1075 3043 1202 3109; x_wconf 83' lang='lat' dir='ltr'><strong>lectum</strong></span> <span class='ocrx_word' id='word_1_272' title='bbox 1229 3063 1250 3109; x_wconf 91' lang='lat' dir='ltr'><strong>a</strong></span> <span class='ocrx_word' id='word_1_273' title='bbox 1271 3047 1340 3110; x_wconf 88' lang='lat' dir='ltr'><strong>Deo</strong></span> <span class='ocrx_word' id='word_1_274' title='bbox 1371 3048 1475 3129; x_wconf 78' lang='lat' dir='ltr'><strong>venit,</strong></span> <span class='ocrx_word' id='word_1_275' title='bbox 1498 3066 1561 3112; x_wconf 89' lang='lat' dir='ltr'><strong>nec</strong></span> <span class='ocrx_word' id='word_1_276' title='bbox 1583 3049 1701 3113; x_wconf 87' lang='lat' dir='ltr'><strong>baberi</strong></span> <span class='ocrx_word' id='word_1_277' title='bbox 1725 3051 1826 3113; x_wconf 86' lang='lat' dir='ltr'><strong>aliter</strong></span> 
     </span>
     <span class='ocr_line' id='line_1_25' title="bbox 281 3141 1827 3235; baseline 0.001 -19"><span class='ocrx_word' id='word_1_278' title='bbox 281 3147 477 3235; x_wconf 83' lang='grc' dir='ltr'><strong>ληθέστατον</strong></span> <span class='ocrx_word' id='word_1_279' title='bbox 500 3146 580 3213; x_wconf 84' lang='grc' dir='ltr'><strong>εῖναι</strong></span> <span class='ocrx_word' id='word_1_280' title='bbox 602 3144 727 3212; x_wconf 92' lang='grc' dir='ltr'><strong>πάντων</strong></span> <span class='ocrx_word' id='word_1_281' title='bbox 742 3145 778 3209; x_wconf 91' lang='grc' dir='ltr'><strong>τό</strong></span> <span class='ocrx_word' id='word_1_282' title='bbox 793 3141 966 3229; x_wconf 80' lang='grc' dir='ltr'><strong>εἰρημένον,</strong></span> <span class='ocrx_word' id='word_1_283' title='bbox 985 3141 1032 3206; x_wconf 87' lang='grc' dir='ltr'><strong>ότι</strong></span> <span class='ocrx_word' id='word_1_284' title='bbox 1076 3147 1119 3211; x_wconf 87' lang='lat' dir='ltr'><strong>ab</strong></span> <span class='ocrx_word' id='word_1_285' title='bbox 1134 3147 1272 3211; x_wconf 90' lang='lat' dir='ltr'><strong>homine</strong></span> <span class='ocrx_word' id='word_1_286' title='bbox 1287 3153 1406 3232; x_wconf 89' lang='lat' dir='ltr'><strong>potest,</strong></span> <span class='ocrx_word' id='word_1_287' title='bbox 1428 3150 1477 3214; x_wconf 87' lang='lat' dir='ltr'><strong>ita</strong></span> <span class='ocrx_word' id='word_1_288' title='bbox 1491 3156 1532 3214; x_wconf 87' lang='lat' dir='ltr'><strong>ut</strong></span> <span class='ocrx_word' id='word_1_289' title='bbox 1554 3154 1706 3218; x_wconf 90' lang='lat' dir='ltr'><strong>omnium</strong></span> <span class='ocrx_word' id='word_1_290' title='bbox 1721 3155 1827 3218; x_wconf 86' lang='lat' dir='ltr'><strong>veris·</strong></span> 
     </span>
     <span class='ocr_line' id='line_1_26' title="bbox 281 3245 1822 3342; baseline 0.001 -21"><span class='ocrx_word' id='word_1_291' title='bbox 281 3253 348 3321; x_wconf 88' lang='grc' dir='ltr'><strong>δέοτ</strong></span> <span class='ocrx_word' id='word_1_292' title='bbox 361 3254 416 3319; x_wconf 89' lang='grc' dir='ltr'><strong>τόν</strong></span> <span class='ocrx_word' id='word_1_293' title='bbox 432 3251 594 3337; x_wconf 82' lang='grc' dir='ltr'><strong>αὐχοῦντα</strong></span> <span class='ocrx_word' id='word_1_294' title='bbox 608 3248 662 3315; x_wconf 79' lang='grc' dir='ltr'><strong>ἒπί</strong></span> <span class='ocrx_word' id='word_1_295' title='bbox 677 3269 736 3314; x_wconf 92' lang='grc' dir='ltr'><strong>τινι</strong></span> <span class='ocrx_word' id='word_1_296' title='bbox 749 3247 851 3334; x_wconf 81' lang='grc' dir='ltr'><strong>τούτῳ</strong></span> <span class='ocrx_word' id='word_1_297' title='bbox 871 3245 964 3334; x_wconf 85' lang='grc' dir='ltr'><strong>μόνον</strong></span> <span class='ocrx_word' id='word_1_298' title='bbox 980 3265 1031 3310; x_wconf 81' lang='grc' dir='ltr'><strong>σε·</strong></span> <span class='ocrx_word' id='word_1_299' title='bbox 1076 3254 1160 3318; x_wconf 89' lang='lat' dir='ltr'><strong>sime</strong></span> <span class='ocrx_word' id='word_1_300' title='bbox 1176 3255 1222 3318; x_wconf 88' lang='lat' dir='ltr'><strong>sit</strong></span> <span class='ocrx_word' id='word_1_301' title='bbox 1244 3253 1383 3336; x_wconf 87' lang='lat' dir='ltr'><strong>dictum,</strong></span> <span class='ocrx_word' id='word_1_302' title='bbox 1400 3255 1490 3337; x_wconf 90' lang='lat' dir='ltr'><strong>quod</strong></span> <span class='ocrx_word' id='word_1_303' title='bbox 1512 3256 1630 3320; x_wconf 90' lang='lat' dir='ltr'><strong>deceat</strong></span> <span class='ocrx_word' id='word_1_304' title='bbox 1652 3259 1687 3321; x_wconf 94' lang='lat' dir='ltr'><strong>in</strong></span> <span class='ocrx_word' id='word_1_305' title='bbox 1704 3259 1822 3342; x_wconf 90' lang='lat' dir='ltr'><strong>aliquo</strong></span> 
     </span>
     <span class='ocr_line' id='line_1_27' title="bbox 280 3347 1824 3450; baseline 0.004 -29"><span class='ocrx_word' id='word_1_306' title='bbox 280 3356 457 3450; x_wconf 67' lang='lat' dir='ltr'><strong>priscella,</strong></span> <span class='ocrx_word' id='word_1_307' title='bbox 480 3358 536 3422; x_wconf 88' lang='grc' dir='ltr'><strong>καί</strong></span> <span class='ocrx_word' id='word_1_308' title='bbox 549 3355 601 3420; x_wconf 65' lang='lat' dir='ltr'><strong>aar</strong></span> <span class='ocrx_word' id='word_1_309' title='bbox 621 3353 665 3439; x_wconf 83' lang='grc' dir='ltr'><strong>τῷ</strong></span> <span class='ocrx_word' id='word_1_310' title='bbox 686 3350 823 3418; x_wconf 73' lang='grc' dir='ltr'><strong>συνιέναι</strong></span> <span class='ocrx_word' id='word_1_311' title='bbox 844 3352 900 3416; x_wconf 78' lang='grc' dir='ltr'><strong>καί</strong></span> <span class='ocrx_word' id='word_1_312' title='bbox 920 3347 1032 3438; x_wconf 81' lang='grc' dir='ltr'><strong>γινώσ·</strong></span> <span class='ocrx_word' id='word_1_313' title='bbox 1077 3359 1293 3438; x_wconf 86' lang='lat' dir='ltr'><strong>gloriantem,</strong></span> <span class='ocrx_word' id='word_1_314' title='bbox 1308 3360 1343 3422; x_wconf 92' lang='lat' dir='ltr'><strong>in</strong></span> <span class='ocrx_word' id='word_1_315' title='bbox 1355 3359 1419 3422; x_wconf 88' lang='lat' dir='ltr'><strong>hoe</strong></span> <span class='ocrx_word' id='word_1_316' title='bbox 1430 3359 1502 3424; x_wconf 91' lang='lat' dir='ltr'><strong>solo</strong></span> <span class='ocrx_word' id='word_1_317' title='bbox 1513 3361 1649 3425; x_wconf 85' lang='lat' dir='ltr'><strong>laudem</strong></span> <span class='ocrx_word' id='word_1_318' title='bbox 1662 3379 1824 3444; x_wconf 83' lang='lat' dir='ltr'><strong>quarere,</strong></span> 
     </span>
     <span class='ocr_line' id='line_1_28' title="bbox 283 3453 1825 3545; baseline 0.003 -17"><span class='ocrx_word' id='word_1_319' title='bbox 283 3484 351 3530; x_wconf 89' lang='grc' dir='ltr'><strong>κειν</strong></span> <span class='ocrx_word' id='word_1_320' title='bbox 366 3463 414 3528; x_wconf 83' lang='grc' dir='ltr'><strong>ότι</strong></span> <span class='ocrx_word' id='word_1_321' title='bbox 436 3460 553 3545; x_wconf 83' lang='grc' dir='ltr'><strong>Κύριος</strong></span> <span class='ocrx_word' id='word_1_322' title='bbox 576 3457 670 3537; x_wconf 83' lang='grc' dir='ltr'><strong>αὐτός</strong></span> <span class='ocrx_word' id='word_1_323' title='bbox 691 3459 775 3522; x_wconf 81' lang='grc' dir='ltr'><strong>ἔστιν</strong></span> <span class='ocrx_word' id='word_1_324' title='bbox 790 3455 808 3522; x_wconf 81' lang='grc' dir='ltr'>ὁ</span> <span class='ocrx_word' id='word_1_325' title='bbox 822 3464 920 3522; x_wconf 75' lang='grc' dir='ltr'><strong>ποιῶν</strong></span> <span class='ocrx_word' id='word_1_326' title='bbox 941 3453 1031 3530; x_wconf 74' lang='grc' dir='ltr'><strong>ἔλεος</strong></span> <span class='ocrx_word' id='word_1_327' title='bbox 1077 3463 1166 3545; x_wconf 93' lang='lat' dir='ltr'><strong>quod</strong></span> <span class='ocrx_word' id='word_1_328' title='bbox 1182 3464 1357 3542; x_wconf 80' lang='lat' dir='ltr'><strong>intelligat</strong></span> <span class='ocrx_word' id='word_1_329' title='bbox 1373 3468 1406 3527; x_wconf 88' lang='lat' dir='ltr'><strong>et</strong></span> <span class='ocrx_word' id='word_1_330' title='bbox 1420 3470 1604 3543; x_wconf 80' lang='lat' dir='ltr'><strong>cognoscat</strong></span> <span class='ocrx_word' id='word_1_331' title='bbox 1625 3467 1734 3530; x_wconf 89' lang='lat' dir='ltr'><strong>Deum</strong></span> <span class='ocrx_word' id='word_1_332' title='bbox 1751 3485 1825 3532; x_wconf 86' lang='lat' dir='ltr'><strong>esse</strong></span> 
     </span>
     <span class='ocr_line' id='line_1_29' title="bbox 281 3556 1826 3652; baseline 0.002 -20"><span class='ocrx_word' id='word_1_333' title='bbox 281 3568 337 3632; x_wconf 89' lang='grc' dir='ltr'><strong>καί</strong></span> <span class='ocrx_word' id='word_1_334' title='bbox 351 3565 449 3652; x_wconf 88' lang='grc' dir='ltr'><strong>κρίμα</strong></span> <span class='ocrx_word' id='word_1_335' title='bbox 464 3566 519 3630; x_wconf 86' lang='grc' dir='ltr'><strong>καί</strong></span> <span class='ocrx_word' id='word_1_336' title='bbox 534 3562 735 3647; x_wconf 75' lang='grc' dir='ltr'><strong>δικαιοσύνην</strong></span> <span class='ocrx_word' id='word_1_337' title='bbox 750 3557 789 3645; x_wconf 71' lang='lat'><strong>⁴),</strong></span> <span class='ocrx_word' id='word_1_338' title='bbox 812 3561 868 3626; x_wconf 87' lang='grc' dir='ltr'><strong>καί</strong></span> <span class='ocrx_word' id='word_1_339' title='bbox 883 3556 1031 3642; x_wconf 77' lang='grc' dir='ltr'><strong>ἐντούτῳ</strong></span> <span class='ocrx_word' id='word_1_340' title='bbox 1077 3567 1137 3647; x_wconf 91' lang='lat' dir='ltr'><strong>qui</strong></span> <span class='ocrx_word' id='word_1_341' title='bbox 1166 3567 1248 3630; x_wconf 80' lang='lat' dir='ltr'><strong>iacit</strong></span> <span class='ocrx_word' id='word_1_342' title='bbox 1276 3568 1559 3648; x_wconf 89' lang='lat' dir='ltr'><strong>misericordiam,</strong></span> <span class='ocrx_word' id='word_1_343' title='bbox 1586 3569 1756 3649; x_wconf 88' lang='lat' dir='ltr'><strong>judicium</strong></span> <span class='ocrx_word' id='word_1_344' title='bbox 1791 3578 1826 3635; x_wconf 93' lang='lat' dir='ltr'><strong>et</strong></span> 
     </span>
     <span class='ocr_line' id='line_1_30' title="bbox 280 3663 1824 3755; baseline -0.002 -18"><span class='ocrx_word' id='word_1_345' title='bbox 280 3671 347 3738; x_wconf 83' lang='grc' dir='ltr'><strong>ἰστί</strong></span> <span class='ocrx_word' id='word_1_346' title='bbox 367 3674 402 3735; x_wconf 90' lang='grc' dir='ltr'><strong>τό</strong></span> <span class='ocrx_word' id='word_1_347' title='bbox 424 3669 549 3755; x_wconf 86' lang='grc' dir='ltr'><strong>θέλημα</strong></span> <span class='ocrx_word' id='word_1_348' title='bbox 571 3677 626 3732; x_wconf 84' lang='grc' dir='ltr'><strong>τοῦ</strong></span> <span class='ocrx_word' id='word_1_349' title='bbox 649 3664 743 3733; x_wconf 82' lang='grc' dir='ltr'><strong>Θεοῦ.</strong></span> <span class='ocrx_word' id='word_1_350' title='bbox 758 3663 947 3749; x_wconf 85' lang='grc' dir='ltr'><strong>Ἀρέσκεται</strong></span> <span class='ocrx_word' id='word_1_351' title='bbox 968 3664 1031 3747; x_wconf 83' lang='grc' dir='ltr'><strong>γόιρ</strong></span> <span class='ocrx_word' id='word_1_352' title='bbox 1071 3670 1254 3750; x_wconf 86' lang='lat' dir='ltr'><strong>justitiam,</strong></span> <span class='ocrx_word' id='word_1_353' title='bbox 1267 3676 1300 3735; x_wconf 90' lang='lat' dir='ltr'><strong>et</strong></span> <span class='ocrx_word' id='word_1_354' title='bbox 1316 3673 1351 3735; x_wconf 94' lang='lat' dir='ltr'><strong>in</strong></span> <span class='ocrx_word' id='word_1_355' title='bbox 1363 3671 1426 3736; x_wconf 91' lang='lat' dir='ltr'><strong>hoc</strong></span> <span class='ocrx_word' id='word_1_356' title='bbox 1439 3690 1511 3736; x_wconf 90' lang='lat' dir='ltr'><strong>esse</strong></span> <span class='ocrx_word' id='word_1_357' title='bbox 1527 3675 1736 3738; x_wconf 87' lang='lat' dir='ltr'><strong>voluntatem</strong></span> <span class='ocrx_word' id='word_1_358' title='bbox 1751 3675 1824 3738; x_wconf 89' lang='lat' dir='ltr'><strong>Dei.</strong></span> 
     </span>
     <span class='ocr_line' id='line_1_31' title="bbox 281 3765 1822 3859; baseline 0 -19"><span class='ocrx_word' id='word_1_359' title='bbox 281 3776 317 3840; x_wconf 86' lang='grc' dir='ltr'><strong>τὸ</strong></span> <span class='ocrx_word' id='word_1_360' title='bbox 342 3774 432 3840; x_wconf 70' lang='grc' dir='ltr'><strong>θεῖον</strong></span> <span class='ocrx_word' id='word_1_361' title='bbox 454 3781 498 3859; x_wconf 79' lang='grc' dir='ltr'><strong>τῷ</strong></span> <span class='ocrx_word' id='word_1_362' title='bbox 520 3771 650 3853; x_wconf 86' lang='grc' dir='ltr'><strong>τοιούτῳ</strong></span> <span class='ocrx_word' id='word_1_363' title='bbox 673 3767 835 3854; x_wconf 83' lang='grc' dir='ltr'><strong>ἀνθρώπῳ,</strong></span> <span class='ocrx_word' id='word_1_364' title='bbox 860 3765 975 3853; x_wconf 80' lang='grc' dir='ltr'><strong>μόνιμίι</strong></span> <span class='ocrx_word' id='word_1_365' title='bbox 996 3785 1032 3830; x_wconf 79' lang='grc' dir='ltr'><strong>τε</strong></span> <span class='ocrx_word' id='word_1_366' title='bbox 1077 3774 1539 3840; x_wconf 86' lang='lat' dir='ltr'><strong>HoceniminhomineDeus</strong></span> <span class='ocrx_word' id='word_1_367' title='bbox 1552 3777 1822 3857; x_wconf 88' lang='lat' dir='ltr'><strong>sibicomplacet;</strong></span> 
     </span>
    </p>
   </div>
   <div class='ocr_carea' id='block_1_6' title="bbox 281 3859 1954 3964">
    <p class='ocr_par' dir='ltr' id='par_1_7' title="bbox 281 3859 1954 3964">
     <span class='ocr_line' id='line_1_32' title="bbox 281 3859 1954 3964; baseline -0.001 -20"><span class='ocrx_word' id='word_1_368' title='bbox 281 3880 337 3945; x_wconf 89' lang='grc' dir='ltr'><strong>καί</strong></span> <span class='ocrx_word' id='word_1_369' title='bbox 353 3876 464 3964; x_wconf 82' lang='grc' dir='ltr'><strong>βέόαια</strong></span> <span class='ocrx_word' id='word_1_370' title='bbox 478 3874 566 3961; x_wconf 91' lang='grc' dir='ltr'><strong>φέρει</strong></span> <span class='ocrx_word' id='word_1_371' title='bbox 577 3875 630 3939; x_wconf 84' lang='grc' dir='ltr'><strong>διά</strong></span> <span class='ocrx_word' id='word_1_372' title='bbox 645 3876 762 3950; x_wconf 85' lang='grc' dir='ltr'><strong>παντὸς</strong></span> <span class='ocrx_word' id='word_1_373' title='bbox 773 3873 814 3936; x_wconf 86' lang='grc' dir='ltr'><strong>τότ</strong></span> <span class='ocrx_word' id='word_1_374' title='bbox 825 3870 940 3957; x_wconf 78' lang='grc' dir='ltr'><strong>ἀγαθά,</strong></span> <span class='ocrx_word' id='word_1_375' title='bbox 954 3870 1029 3934; x_wconf 85' lang='grc' dir='ltr'><strong>όταν</strong></span> <span class='ocrx_word' id='word_1_376' title='bbox 1075 3884 1305 3960; x_wconf 82' lang='lat' dir='ltr'><strong>perpetuaque</strong></span> <span class='ocrx_word' id='word_1_377' title='bbox 1333 3883 1367 3942; x_wconf 93' lang='lat' dir='ltr'><strong>et</strong></span> <span class='ocrx_word' id='word_1_378' title='bbox 1393 3878 1492 3942; x_wconf 88' lang='lat' dir='ltr'><strong>firma</strong></span> <span class='ocrx_word' id='word_1_379' title='bbox 1513 3897 1645 3960; x_wconf 89' lang='lat' dir='ltr'><strong>semper</strong></span> <span class='ocrx_word' id='word_1_380' title='bbox 1675 3879 1826 3961; x_wconf 84' lang='lat' dir='ltr'><strong>possidet</strong></span> <span class='ocrx_word' id='word_1_381' title='bbox 1953 3859 1954 3870; x_wconf 13' lang='grc' dir='ltr'><strong>ά</strong></span> 
     </span>
    </p>
   </div>
   <div class='ocr_carea' id='block_1_7' title="bbox 281 3973 1828 4482">
    <p class='ocr_par' dir='ltr' id='par_1_8' title="bbox 281 3973 1825 4067">
     <span class='ocr_line' id='line_1_33' title="bbox 281 3973 1825 4067; baseline 0 -19"><span class='ocrx_word' id='word_1_382' title='bbox 281 3983 382 4067; x_wconf 80' lang='grc' dir='ltr'><strong>τούτῳ</strong></span> <span class='ocrx_word' id='word_1_383' title='bbox 397 3984 455 4066; x_wconf 71' lang='grc' dir='ltr'><strong>τὴν</strong></span> <span class='ocrx_word' id='word_1_384' title='bbox 471 3978 571 4045; x_wconf 87' lang='grc' dir='ltr'><strong>αἰτίαν</strong></span> <span class='ocrx_word' id='word_1_385' title='bbox 586 3978 726 4063; x_wconf 80' lang='grc' dir='ltr'><strong>ἀποδιδῷ</strong></span> <span class='ocrx_word' id='word_1_386' title='bbox 741 3987 802 4064; x_wconf 85' lang='grc' dir='ltr'><strong>τῷν</strong></span> <span class='ocrx_word' id='word_1_387' title='bbox 817 3976 981 4061; x_wconf 86' lang='grc' dir='ltr'><strong>παρόντων</strong></span> <span class='ocrx_word' id='word_1_388' title='bbox 994 3973 1030 4038; x_wconf 89' lang='grc' dir='ltr'><strong>ἀ·</strong></span> <span class='ocrx_word' id='word_1_389' title='bbox 1076 3983 1175 4062; x_wconf 87' lang='lat' dir='ltr'><strong>bona,</strong></span> <span class='ocrx_word' id='word_1_390' title='bbox 1187 3983 1216 4046; x_wconf 90' lang='lat' dir='ltr'><strong>si</strong></span> <span class='ocrx_word' id='word_1_391' title='bbox 1233 3984 1268 4045; x_wconf 91' lang='lat' dir='ltr'><strong>in</strong></span> <span class='ocrx_word' id='word_1_392' title='bbox 1281 3983 1393 4063; x_wconf 88' lang='lat' dir='ltr'><strong>ipsum</strong></span> <span class='ocrx_word' id='word_1_393' title='bbox 1409 3984 1559 4064; x_wconf 87' lang='lat' dir='ltr'><strong>quivere</strong></span> <span class='ocrx_word' id='word_1_394' title='bbox 1575 4001 1708 4046; x_wconf 90' lang='lat' dir='ltr'><strong>summa</strong></span> <span class='ocrx_word' id='word_1_395' title='bbox 1720 4001 1825 4048; x_wconf 89' lang='lat' dir='ltr'><strong>causa</strong></span> 
     </span>
    </p>

    <p class='ocr_par' dir='ltr' id='par_1_9' title="bbox 282 4077 1826 4170">
     <span class='ocr_line' id='line_1_34' title="bbox 282 4077 1826 4170; baseline 0.001 -20"><span class='ocrx_word' id='word_1_396' title='bbox 282 4084 387 4170; x_wconf 82' lang='grc' dir='ltr'><strong>γαόων</strong></span> <span class='ocrx_word' id='word_1_397' title='bbox 410 4093 454 4168; x_wconf 84' lang='grc' dir='ltr'><strong>τῷ</strong></span> <span class='ocrx_word' id='word_1_398' title='bbox 477 4085 572 4160; x_wconf 89' lang='grc' dir='ltr'><strong>όντως</strong></span> <span class='ocrx_word' id='word_1_399' title='bbox 594 4082 777 4165; x_wconf 84' lang='grc' dir='ltr'><strong>αἰτιωτάτῳ,</strong></span> <span class='ocrx_word' id='word_1_400' title='bbox 798 4084 823 4167; x_wconf 82' lang='grc' dir='ltr'>ᾧ</span> <span class='ocrx_word' id='word_1_401' title='bbox 845 4083 903 4165; x_wconf 74' lang='grc' dir='ltr'><strong>τὴν</strong></span> <span class='ocrx_word' id='word_1_402' title='bbox 927 4077 1029 4145; x_wconf 91' lang='grc' dir='ltr'><strong>αἰτίαν</strong></span> <span class='ocrx_word' id='word_1_403' title='bbox 1076 4086 1410 4168; x_wconf 70' lang='lat' dir='ltr'><strong>estetprasentium</strong></span> <span class='ocrx_word' id='word_1_404' title='bbox 1425 4091 1544 4149; x_wconf 85' lang='lat' dir='ltr'><strong>auctor</strong></span> <span class='ocrx_word' id='word_1_405' title='bbox 1557 4086 1733 4167; x_wconf 85' lang='lat' dir='ltr'><strong>bonorum,</strong></span> <span class='ocrx_word' id='word_1_406' title='bbox 1746 4106 1826 4151; x_wconf 88' lang='lat' dir='ltr'><strong>cau·</strong></span> 
     </span>
    </p>

    <p class='ocr_par' dir='ltr' id='par_1_10' title="bbox 282 4183 1828 4375">
     <span class='ocr_line' id='line_1_35' title="bbox 282 4183 1828 4274; baseline 0.003 -21"><span class='ocrx_word' id='word_1_407' title='bbox 282 4185 448 4274; x_wconf 83' lang='grc' dir='ltr'><strong>ἀναφέρειν</strong></span> <span class='ocrx_word' id='word_1_408' title='bbox 463 4187 513 4252; x_wconf 87' lang='grc' dir='ltr'><strong>δεῖ</strong></span> <span class='ocrx_word' id='word_1_409' title='bbox 524 4188 579 4251; x_wconf 89' lang='grc' dir='ltr'><strong>καί</strong></span> <span class='ocrx_word' id='word_1_410' title='bbox 592 4196 648 4251; x_wconf 84' lang='grc' dir='ltr'><strong>τοῦ</strong></span> <span class='ocrx_word' id='word_1_411' title='bbox 661 4185 763 4272; x_wconf 89' lang='grc' dir='ltr'><strong>μένειν</strong></span> <span class='ocrx_word' id='word_1_412' title='bbox 778 4187 819 4250; x_wconf 87' lang='grc' dir='ltr'><strong>τότ</strong></span> <span class='ocrx_word' id='word_1_413' title='bbox 834 4183 949 4269; x_wconf 85' lang='grc' dir='ltr'><strong>ἀγαθά.</strong></span> <span class='ocrx_word' id='word_1_414' title='bbox 1076 4207 1148 4254; x_wconf 89' lang='lat' dir='ltr'><strong>sam</strong></span> <span class='ocrx_word' id='word_1_415' title='bbox 1164 4189 1396 4271; x_wconf 75' lang='lat' dir='ltr'><strong>refertaque</strong></span> <span class='ocrx_word' id='word_1_416' title='bbox 1412 4191 1515 4253; x_wconf 90' lang='lat' dir='ltr'><strong>etiam</strong></span> <span class='ocrx_word' id='word_1_417' title='bbox 1539 4191 1758 4272; x_wconf 90' lang='lat' dir='ltr'><strong>repetendum</strong></span> <span class='ocrx_word' id='word_1_418' title='bbox 1777 4199 1828 4257; x_wconf 86' lang='lat' dir='ltr'><strong>est</strong></span> 
     </span>
     <span class='ocr_line' id='line_1_36' title="bbox 1077 4290 1475 4375; baseline 0 -19"><span class='ocrx_word' id='word_1_419' title='bbox 1077 4292 1166 4375; x_wconf 92' lang='lat' dir='ltr'><strong>quod</strong></span> <span class='ocrx_word' id='word_1_420' title='bbox 1181 4290 1269 4356; x_wconf 94' lang='lat' dir='ltr'><strong>bona</strong></span> <span class='ocrx_word' id='word_1_421' title='bbox 1284 4292 1475 4374; x_wconf 88' lang='lat' dir='ltr'><strong>perdurent</strong></span> 
     </span>
    </p>

    <p class='ocr_par' dir='ltr' id='par_1_11' title="bbox 325 4390 1828 4482">
     <span class='ocr_line' id='line_1_37' title="bbox 325 4390 1828 4482; baseline 0.003 -21"><span class='ocrx_word' id='word_1_422' title='bbox 325 4395 399 4475; x_wconf 81' lang='grc' dir='ltr'><strong>Πῶς</strong></span> <span class='ocrx_word' id='word_1_423' title='bbox 414 4391 442 4482; x_wconf 69' lang='grc'><strong>5)</strong></span> <span class='ocrx_word' id='word_1_424' title='bbox 465 4392 749 4480; x_wconf 82' lang='grc' dir='ltr'><strong>περιτετμημένους</strong></span> <span class='ocrx_word' id='word_1_425' title='bbox 771 4393 932 4482; x_wconf 86' lang='grc' dir='ltr'><strong>όνομάσας</strong></span> <span class='ocrx_word' id='word_1_426' title='bbox 947 4390 965 4456; x_wconf 85' lang='grc' dir='ltr'><strong>ὁ</strong></span> <span class='ocrx_word' id='word_1_427' title='bbox 981 4391 1032 4457; x_wconf 91' lang='grc' dir='ltr'><strong>λό-</strong></span> <span class='ocrx_word' id='word_1_428' title='bbox 1121 4397 1301 4475; x_wconf 91' lang='lat' dir='ltr'><strong>Quomodo,</strong></span> <span class='ocrx_word' id='word_1_429' title='bbox 1313 4413 1390 4459; x_wconf 87' lang='lat' dir='ltr'><strong>cum</strong></span> <span class='ocrx_word' id='word_1_430' title='bbox 1398 4413 1616 4462; x_wconf 76' lang='lat' dir='ltr'><strong>circumcisos</strong></span> <span class='ocrx_word' id='word_1_431' title='bbox 1629 4399 1704 4463; x_wconf 81' lang='lat' dir='ltr'><strong>illos</strong></span> <span class='ocrx_word' id='word_1_432' title='bbox 1714 4417 1828 4465; x_wconf 70' lang='lat' dir='ltr'><strong>vocas</strong></span> 
     </span>
    </p>
   </div>
   <div class='ocr_carea' id='block_1_8' title="bbox 281 4498 1952 4596">
    <p class='ocr_par' dir='ltr' id='par_1_12' title="bbox 281 4498 1952 4596">
     <span class='ocr_line' id='line_1_38' title="bbox 281 4498 1952 4596; baseline -0.001 -28"><span class='ocrx_word' id='word_1_433' title='bbox 281 4524 347 4590; x_wconf 87' lang='grc' dir='ltr'><strong>γος,</strong></span> <span class='ocrx_word' id='word_1_434' title='bbox 364 4502 479 4568; x_wconf 89' lang='grc' dir='ltr'><strong>είτα</strong></span> <span class='ocrx_word' id='word_1_435' title='bbox 448 4521 507 4566; x_wconf 91' lang='grc' dir='ltr'><strong>ουκ</strong></span> <span class='ocrx_word' id='word_1_436' title='bbox 517 4498 688 4575; x_wconf 88' lang='grc' dir='ltr'><strong>Ιουδαίους</strong></span> <span class='ocrx_word' id='word_1_437' title='bbox 700 4498 794 4584; x_wconf 92' lang='grc' dir='ltr'><strong>μόνον</strong></span> <span class='ocrx_word' id='word_1_438' title='bbox 806 4499 965 4585; x_wconf 77' lang='grc' dir='ltr'><strong>ὀνομάζει</strong></span> <span class='ocrx_word' id='word_1_439' title='bbox 981 4498 1032 4562; x_wconf 59' lang='grc' dir='ltr'><strong>οἰκ</strong></span> <span class='ocrx_word' id='word_1_440' title='bbox 1076 4505 1137 4580; x_wconf 89' lang='lat' dir='ltr'><strong>set,</strong></span> <span class='ocrx_word' id='word_1_441' title='bbox 1152 4517 1221 4562; x_wconf 91' lang='lat' dir='ltr'><strong>non</strong></span> <span class='ocrx_word' id='word_1_442' title='bbox 1233 4498 1353 4562; x_wconf 82' lang='lat' dir='ltr'><strong>derude</strong></span> <span class='ocrx_word' id='word_1_443' title='bbox 1363 4499 1499 4563; x_wconf 82' lang='lat' dir='ltr'><strong>Judaeos</strong></span> <span class='ocrx_word' id='word_1_444' title='bbox 1511 4503 1633 4583; x_wconf 91' lang='lat' dir='ltr'><strong>solum,</strong></span> <span class='ocrx_word' id='word_1_445' title='bbox 1643 4521 1711 4567; x_wconf 89' lang='lat' dir='ltr'><strong>non</strong></span> <span class='ocrx_word' id='word_1_446' title='bbox 1724 4505 1830 4568; x_wconf 76' lang='lat' dir='ltr'><strong>lsrae-</strong></span> <span class='ocrx_word' id='word_1_447' title='bbox 1951 4563 1952 4596; x_wconf 65' lang='grc'><strong>,</strong></span> 
     </span>
    </p>
   </div>
   <div class='ocr_carea' id='block_1_9' title="bbox 282 4601 1828 4796">
    <p class='ocr_par' dir='ltr' id='par_1_13' title="bbox 282 4601 1828 4796">
     <span class='ocr_line' id='line_1_39' title="bbox 283 4601 1828 4691; baseline 0 -19"><span class='ocrx_word' id='word_1_448' title='bbox 283 4607 319 4671; x_wconf 81' lang='grc' dir='ltr'><strong>δέ</strong></span> <span class='ocrx_word' id='word_1_449' title='bbox 332 4603 542 4691; x_wconf 91' lang='grc' dir='ltr'><strong>Ισραηλίτας,</strong></span> <span class='ocrx_word' id='word_1_450' title='bbox 559 4604 632 4669; x_wconf 82' lang='grc' dir='ltr'><strong>ουδὲ</strong></span> <span class='ocrx_word' id='word_1_451' title='bbox 646 4603 700 4669; x_wconf 89' lang='grc' dir='ltr'><strong>τόν</strong></span> <span class='ocrx_word' id='word_1_452' title='bbox 716 4603 802 4669; x_wconf 85' lang='grc' dir='ltr'><strong>οἰκον</strong></span> <span class='ocrx_word' id='word_1_453' title='bbox 817 4601 942 4687; x_wconf 89' lang='grc' dir='ltr'><strong>Ἰακὼό,</strong></span> <span class='ocrx_word' id='word_1_454' title='bbox 958 4602 1032 4668; x_wconf 81' lang='grc' dir='ltr'><strong>οὐδὲ</strong></span> <span class='ocrx_word' id='word_1_455' title='bbox 1076 4607 1165 4684; x_wconf 89' lang='lat' dir='ltr'><strong>litas,</strong></span> <span class='ocrx_word' id='word_1_456' title='bbox 1177 4623 1245 4668; x_wconf 92' lang='lat' dir='ltr'><strong>non</strong></span> <span class='ocrx_word' id='word_1_457' title='bbox 1256 4604 1394 4668; x_wconf 92' lang='lat' dir='ltr'><strong>domum</strong></span> <span class='ocrx_word' id='word_1_458' title='bbox 1405 4607 1520 4688; x_wconf 86' lang='lat' dir='ltr'><strong>Jacob,</strong></span> <span class='ocrx_word' id='word_1_459' title='bbox 1531 4623 1597 4670; x_wconf 90' lang='lat' dir='ltr'><strong>nou</strong></span> <span class='ocrx_word' id='word_1_460' title='bbox 1611 4607 1757 4688; x_wconf 90' lang='lat' dir='ltr'><strong>denique</strong></span> <span class='ocrx_word' id='word_1_461' title='bbox 1772 4627 1828 4672; x_wconf 93' lang='lat' dir='ltr'><strong>no·</strong></span> 
     </span>
     <span class='ocr_line' id='line_1_40' title="bbox 282 4707 1828 4796; baseline -0.001 -19"><span class='ocrx_word' id='word_1_462' title='bbox 282 4711 410 4777; x_wconf 80' lang='grc' dir='ltr'><strong>αὐτότὸ</strong></span> <span class='ocrx_word' id='word_1_463' title='bbox 432 4708 575 4796; x_wconf 89' lang='grc' dir='ltr'><strong>κείμενον</strong></span> <span class='ocrx_word' id='word_1_464' title='bbox 598 4709 699 4793; x_wconf 89' lang='grc' dir='ltr'><strong>όνομα</strong></span> <span class='ocrx_word' id='word_1_465' title='bbox 717 4709 753 4774; x_wconf 92' lang='grc' dir='ltr'><strong>τό</strong></span> <span class='ocrx_word' id='word_1_466' title='bbox 775 4709 900 4792; x_wconf 88' lang='grc' dir='ltr'><strong>οἰκεῖον,</strong></span> <span class='ocrx_word' id='word_1_467' title='bbox 916 4707 1031 4790; x_wconf 83' lang='grc' dir='ltr'><strong>Ἰούδα,</strong></span> <span class='ocrx_word' id='word_1_468' title='bbox 1077 4709 1169 4772; x_wconf 91' lang='lat' dir='ltr'><strong>mine</strong></span> <span class='ocrx_word' id='word_1_469' title='bbox 1192 4725 1309 4772; x_wconf 91' lang='lat' dir='ltr'><strong>eorum</strong></span> <span class='ocrx_word' id='word_1_470' title='bbox 1332 4707 1493 4772; x_wconf 82' lang='lat' dir='ltr'><strong>familiari</strong></span> <span class='ocrx_word' id='word_1_471' title='bbox 1514 4711 1535 4772; x_wconf 86' lang='lat' dir='ltr'>J</span> <span class='ocrx_word' id='word_1_472' title='bbox 1539 4710 1640 4773; x_wconf 91' lang='lat' dir='ltr'><strong>udam</strong></span> <span class='ocrx_word' id='word_1_473' title='bbox 1670 4714 1828 4795; x_wconf 88' lang='lat' dir='ltr'><strong>appellat,</strong></span> 
     </span>
    </p>
   </div>
   <div class='ocr_carea' id='block_1_10' title="bbox 317 4879 1829 5045">
    <p class='ocr_par' dir='ltr' id='par_1_14' title="bbox 317 4879 1829 5045">
     <span class='ocr_line' id='line_1_41' title="bbox 317 4879 1829 4958; baseline 0.005 -24"><span class='ocrx_word' id='word_1_474' title='bbox 317 4883 401 4958; x_wconf 85' lang='lat' dir='ltr'><strong>1)1d.</strong></span> <span class='ocrx_word' id='word_1_475' title='bbox 414 4901 489 4954; x_wconf 74' lang='lat' dir='ltr'><strong>xxv,</strong></span> <span class='ocrx_word' id='word_1_476' title='bbox 502 4891 546 4941; x_wconf 91' lang='grc'><strong>40.</strong></span> <span class='ocrx_word' id='word_1_477' title='bbox 1077 4881 1172 4953; x_wconf 80' lang='lat' dir='ltr'><strong>gistro</strong></span> <span class='ocrx_word' id='word_1_478' title='bbox 1196 4879 1316 4951; x_wconf 83' lang='lat' dir='ltr'><strong>dignam</strong></span> <span class='ocrx_word' id='word_1_479' title='bbox 1340 4880 1513 4951; x_wconf 82' lang='lat' dir='ltr'><strong>aggreditur</strong></span> <span class='ocrx_word' id='word_1_480' title='bbox 1538 4880 1769 4956; x_wconf 83' lang='lat' dir='ltr'><strong>disputationem</strong></span> <span class='ocrx_word' id='word_1_481' title='bbox 1792 4885 1829 4942; x_wconf 90' lang='lat' dir='ltr'><strong>de</strong></span> 
     </span>
     <span class='ocr_line' id='line_1_42' title="bbox 317 4967 1829 5045; baseline 0.001 -18.024"><span class='ocrx_word' id='word_1_482' title='bbox 317 4972 346 5045; x_wconf 81' lang='lat'><strong>2)</strong></span> <span class='ocrx_word' id='word_1_483' title='bbox 317 4972 395 5028; x_wconf 82' lang='lat'>2111</span> <span class='ocrx_word' id='word_1_484' title='bbox 407 4971 519 5028; x_wconf 74' lang='lat' dir='ltr'><strong>catena</strong></span> <span class='ocrx_word' id='word_1_485' title='bbox 531 4969 672 5028; x_wconf 83' lang='lat' dir='ltr'><strong>Ghialcrii</strong></span> <span class='ocrx_word' id='word_1_486' title='bbox 684 4968 722 5025; x_wconf 85' lang='lat' dir='ltr'><strong>ad</strong></span> <span class='ocrx_word' id='word_1_487' title='bbox 734 4987 761 5028; x_wconf 87' lang='grc' dir='ltr'><strong>ν.</strong></span> <span class='ocrx_word' id='word_1_488' title='bbox 775 4969 818 5038; x_wconf 80' lang='lat'><strong>23,</strong></span> <span class='ocrx_word' id='word_1_489' title='bbox 830 4974 873 5025; x_wconf 78' lang='grc'><strong>24.</strong></span> <span class='ocrx_word' id='word_1_490' title='bbox 1077 4967 1298 5024; x_wconf 83' lang='lat' dir='ltr'><strong>circumcisione</strong></span> <span class='ocrx_word' id='word_1_491' title='bbox 1310 4967 1387 5040; x_wconf 89' lang='lat' dir='ltr'><strong>apud</strong></span> <span class='ocrx_word' id='word_1_492' title='bbox 1399 4973 1515 5024; x_wconf 84' lang='lat' dir='ltr'><strong>vetares</strong></span> <span class='ocrx_word' id='word_1_493' title='bbox 1532 4977 1646 5040; x_wconf 83' lang='lat' dir='ltr'><strong>gentes,</strong></span> <span class='ocrx_word' id='word_1_494' title='bbox 1660 4987 1726 5043; x_wconf 79' lang='lat' dir='ltr'><strong>quoe</strong></span> <span class='ocrx_word' id='word_1_495' title='bbox 1738 4971 1829 5028; x_wconf 83' lang='lat' dir='ltr'><strong>etiam</strong></span> 
     </span>
    </p>
   </div>
   <div class='ocr_carea' id='block_1_11' title="bbox 359 5045 1950 5156">
    <p class='ocr_par' dir='ltr' id='par_1_15' title="bbox 359 5045 1950 5156">
     <span class='ocr_line' id='line_1_43' title="bbox 359 5045 1950 5156; baseline 0 -42"><span class='ocrx_word' id='word_1_496' title='bbox 359 5057 462 5114; x_wconf 86' lang='lat' dir='ltr'><strong>Jacob.</strong></span> <span class='ocrx_word' id='word_1_497' title='bbox 476 5059 501 5126; x_wconf 88' lang='lat'><strong>1,</strong></span> <span class='ocrx_word' id='word_1_498' title='bbox 513 5059 556 5114; x_wconf 76' lang='lat'><strong>17.</strong></span> <span class='ocrx_word' id='word_1_499' title='bbox 989 5045 992 5054; x_wconf 90' lang='grc'><strong>’</strong></span> <span class='ocrx_word' id='word_1_500' title='bbox 1077 5059 1145 5127; x_wconf 88' lang='lat' dir='ltr'><strong>post</strong></span> <span class='ocrx_word' id='word_1_501' title='bbox 1152 5053 1472 5127; x_wconf 82' lang='lat' dir='ltr'><strong>amplissimamHnetii</strong></span> <span class='ocrx_word' id='word_1_502' title='bbox 1481 5055 1830 5114; x_wconf 85' lang='lat' dir='ltr'><strong>adnotationeminaum-</strong></span> <span class='ocrx_word' id='word_1_503' title='bbox 1949 5083 1950 5156; x_wconf 46' lang='grc' dir='ltr'><strong>φ</strong></span> 
     </span>
    </p>
   </div>
   <div class='ocr_carea' id='block_1_12' title="bbox 317 5058 1830 5305">
    <p class='ocr_par' dir='ltr' id='par_1_16' title="bbox 317 5058 1829 5305">
     <span class='ocr_line' id='line_1_44' title="bbox 317 5058 1829 5218; baseline 0.001 -19.025"><span class='ocrx_word' id='word_1_504' title='bbox 317 5058 407 5218; x_wconf 44' lang='grc' dir='ltr'><strong>μάλα</strong></span> <span class='ocrx_word' id='word_1_505' title='bbox 420 5151 560 5214; x_wconf 69' lang='lat' dir='ltr'><strong>xxxtab.</strong></span> <span class='ocrx_word' id='word_1_506' title='bbox 1078 5140 1145 5198; x_wconf 90' lang='lat' dir='ltr'><strong>dam</strong></span> <span class='ocrx_word' id='word_1_507' title='bbox 1162 5139 1266 5210; x_wconf 90' lang='lat' dir='ltr'><strong>locum,</strong></span> <span class='ocrx_word' id='word_1_508' title='bbox 1284 5157 1338 5196; x_wconf 88' lang='lat' dir='ltr'><strong>nac</strong></span> <span class='ocrx_word' id='word_1_509' title='bbox 1355 5139 1503 5212; x_wconf 87' lang='lat' dir='ltr'><strong>theologo,</strong></span> <span class='ocrx_word' id='word_1_510' title='bbox 1526 5159 1621 5215; x_wconf 88' lang='lat' dir='ltr'><strong>neque</strong></span> <span class='ocrx_word' id='word_1_511' title='bbox 1643 5144 1829 5217; x_wconf 72' lang='lat' dir='ltr'><strong>archaeologo</strong></span> 
     </span>
     <span class='ocr_line' id='line_1_45' title="bbox 319 5226 1830 5305; baseline -0.002 -18"><span class='ocrx_word' id='word_1_512' title='bbox 319 5229 462 5304; x_wconf 78' lang='lat' dir='ltr'><strong>5)1ncat.</strong></span> <span class='ocrx_word' id='word_1_513' title='bbox 476 5230 554 5291; x_wconf 82' lang='lat' dir='ltr'><strong>adv.</strong></span> <span class='ocrx_word' id='word_1_514' title='bbox 567 5231 788 5303; x_wconf 64' lang='lat' dir='ltr'><strong>tutabatur</strong></span> <span class='ocrx_word' id='word_1_515' title='bbox 801 5231 1033 5305; x_wconf 82' lang='lat' dir='ltr'><strong>discipulusma·</strong></span> <span class='ocrx_word' id='word_1_516' title='bbox 1079 5227 1255 5302; x_wconf 85' lang='lat' dir='ltr'><strong>displicebit.</strong></span> <span class='ocrx_word' id='word_1_517' title='bbox 1268 5227 1312 5286; x_wconf 83' lang='lat' dir='ltr'><strong>of.</strong></span> <span class='ocrx_word' id='word_1_518' title='bbox 1326 5226 1406 5300; x_wconf 80' lang='lat' dir='ltr'><strong>Orig.</strong></span> <span class='ocrx_word' id='word_1_519' title='bbox 1419 5227 1522 5284; x_wconf 85' lang='lat' dir='ltr'><strong>Patrol.</strong></span> <span class='ocrx_word' id='word_1_520' title='bbox 1535 5246 1603 5300; x_wconf 83' lang='lat' dir='ltr'><strong>xm,</strong></span> <span class='ocrx_word' id='word_1_521' title='bbox 1621 5230 1677 5288; x_wconf 84' lang='lat' dir='ltr'><strong>col.</strong></span> <span class='ocrx_word' id='word_1_522' title='bbox 1689 5230 1750 5300; x_wconf 78' lang='lat' dir='ltr'><strong>otc,</strong></span> <span class='ocrx_word' id='word_1_523' title='bbox 1762 5237 1830 5288; x_wconf 78' lang='lat' dir='ltr'><strong>nl.</strong></span> 
     </span>
    </p>
   </div>
   <div class='ocr_carea' id='block_1_13' title="bbox 0 0 1988 6100">
    <p class='ocr_par' dir='ltr' id='par_1_17' title="bbox 0 0 1988 6100">
     <span class='ocr_line' id='line_1_46' title="bbox 0 0 1988 6100; baseline 0 0"><span class='ocrx_word' id='word_1_524' title='bbox 0 0 1988 6100; x_wconf 95' lang='lat' dir='ltr'><strong> </strong></span> 
     </span>
    </p>
   </div>
  </div>
 </body>
</html>
