<?xml version="1.0" encoding="UTF-8"?>
<!DOCTYPE html PUBLIC "-//W3C//DTD XHTML 1.0 Transitional//EN"
    "http://www.w3.org/TR/xhtml1/DTD/xhtml1-transitional.dtd">
<html xmlns="http://www.w3.org/1999/xhtml" xml:lang="en" lang="en">
 <head>
  <title>
</title>
<meta http-equiv="Content-Type" content="text/html;charset=utf-8" />
  <meta name='ocr-system' content='tesseract 3.04.00' />
  <meta name='ocr-capabilities' content='ocr_page ocr_carea ocr_par ocr_line ocrx_word'/>
</head>
<body>
  <div class='ocr_page' id='page_1' title='image "./analectasacrasp00pitrgoog_0394.png"; bbox 0 0 4044 6104; ppageno 0'>
   <div class='ocr_carea' id='block_1_1' title="bbox 850 447 1721 521">
    <p class='ocr_par' dir='ltr' id='par_1_1' title="bbox 850 447 1721 521">
     <span class='ocr_line' id='line_1_1' title="bbox 850 447 1721 521; baseline -0.005 -1"><span class='ocrx_word' id='word_1_1' title='bbox 850 452 1054 521; x_wconf 75' lang='lat' dir='ltr'>EUSEBIUS</span> <span class='ocrx_word' id='word_1_2' title='bbox 1656 447 1721 516; x_wconf 74' lang='grc'>383</span> 
     </span>
    </p>
   </div>
   <div class='ocr_carea' id='block_1_2' title="bbox 179 591 1727 2866">
    <p class='ocr_par' dir='ltr' id='par_1_2' title="bbox 180 591 1722 1304">
     <span class='ocr_line' id='line_1_2' title="bbox 182 591 1719 682; baseline -0.002 -20"><span class='ocrx_word' id='word_1_3' title='bbox 182 595 212 662; x_wconf 85' lang='grc' dir='ltr'>σί-</span> <span class='ocrx_word' id='word_1_4' title='bbox 226 593 432 682; x_wconf 78' lang='grc' dir='ltr'>έργαζομενσι</span> <span class='ocrx_word' id='word_1_5' title='bbox 454 597 512 681; x_wconf 83' lang='grc' dir='ltr'>τὴν</span> <span class='ocrx_word' id='word_1_6' title='bbox 533 591 673 680; x_wconf 81' lang='grc' dir='ltr'>ιἰνομίαν,</span> <span class='ocrx_word' id='word_1_7' title='bbox 697 597 745 660; x_wconf 89' lang='grc' dir='ltr'>δτι</span> <span class='ocrx_word' id='word_1_8' title='bbox 759 591 926 680; x_wconf 80' lang='grc' dir='ltr'>είσῆκουσε</span> <span class='ocrx_word' id='word_1_9' title='bbox 970 597 1093 660; x_wconf 72' lang='grc' dir='ltr'>κακίαι·</span> <span class='ocrx_word' id='word_1_10' title='bbox 1113 591 1338 677; x_wconf 79' lang='grc' dir='ltr'>-ίαὶμαίίαίοιιι,</span> <span class='ocrx_word' id='word_1_11' title='bbox 1372 593 1524 675; x_wconf 74' lang='grc' dir='ltr'>ριιοαιαπ</span> <span class='ocrx_word' id='word_1_12' title='bbox 1552 592 1719 660; x_wconf 72' lang='lat' dir='ltr'><strong>obaudivit</strong></span> 
     </span>
     <span class='ocr_line' id='line_1_3' title="bbox 182 696 1720 786; baseline -0.002 -21"><span class='ocrx_word' id='word_1_13' title='bbox 182 699 299 785; x_wconf 81' lang='grc' dir='ltr'>Κύριος</span> <span class='ocrx_word' id='word_1_14' title='bbox 313 710 370 784; x_wconf 86' lang='grc' dir='ltr'>τῆς</span> <span class='ocrx_word' id='word_1_15' title='bbox 385 701 491 786; x_wconf 85' lang='grc' dir='ltr'>φωνῆς</span> <span class='ocrx_word' id='word_1_16' title='bbox 505 708 561 765; x_wconf 85' lang='grc' dir='ltr'>τοῦ</span> <span class='ocrx_word' id='word_1_17' title='bbox 577 698 737 785; x_wconf 75' lang='grc' dir='ltr'>κλαυθμοῦ</span> <span class='ocrx_word' id='word_1_18' title='bbox 751 719 827 784; x_wconf 88' lang='grc' dir='ltr'>μου·</span> <span class='ocrx_word' id='word_1_19' title='bbox 843 697 928 782; x_wconf 80' lang='grc' dir='ltr'>είσῆ-</span> <span class='ocrx_word' id='word_1_20' title='bbox 970 701 1128 764; x_wconf 74' lang='lat' dir='ltr'><strong>Dominus</strong></span> <span class='ocrx_word' id='word_1_21' title='bbox 1142 715 1245 766; x_wconf 78' lang='lat' dir='ltr'><strong>cotem</strong></span> <span class='ocrx_word' id='word_1_22' title='bbox 1254 696 1359 782; x_wconf 74' lang='lat' dir='ltr'><strong>fletos</strong></span> <span class='ocrx_word' id='word_1_23' title='bbox 1379 698 1451 760; x_wconf 70' lang='lat' dir='ltr'><strong>ozei.</strong></span> <span class='ocrx_word' id='word_1_24' title='bbox 1468 697 1642 763; x_wconf 77' lang='grc' dir='ltr'>Εαααιίίυίί</span> <span class='ocrx_word' id='word_1_25' title='bbox 1657 699 1720 762; x_wconf 86' lang='lat' dir='ltr'>Do·</span> 
     </span>
     <span class='ocr_line' id='line_1_4' title="bbox 180 801 1721 889; baseline -0.001 -21"><span class='ocrx_word' id='word_1_26' title='bbox 180 823 278 868; x_wconf 91' lang='grc' dir='ltr'>κουσε</span> <span class='ocrx_word' id='word_1_27' title='bbox 299 802 414 887; x_wconf 81' lang='grc' dir='ltr'>Κύμας</span> <span class='ocrx_word' id='word_1_28' title='bbox 429 813 486 889; x_wconf 87' lang='grc' dir='ltr'>τῆς</span> <span class='ocrx_word' id='word_1_29' title='bbox 501 801 640 888; x_wconf 83' lang='grc' dir='ltr'>διῆσεώς</span> <span class='ocrx_word' id='word_1_30' title='bbox 654 822 724 889; x_wconf 86' lang='grc' dir='ltr'>μου,</span> <span class='ocrx_word' id='word_1_31' title='bbox 740 802 855 888; x_wconf 78' lang='grc' dir='ltr'>Κύριος</span> <span class='ocrx_word' id='word_1_32' title='bbox 868 804 927 889; x_wconf 83' lang='grc' dir='ltr'>τῆν</span> <span class='ocrx_word' id='word_1_33' title='bbox 970 805 1079 868; x_wconf 80' lang='grc' dir='ltr'>πίπτοι</span> <span class='ocrx_word' id='word_1_34' title='bbox 1117 803 1365 885; x_wconf 63' lang='lat' dir='ltr'>eneconem</span> <span class='ocrx_word' id='word_1_35' title='bbox 1404 817 1517 880; x_wconf 68' lang='lat' dir='ltr'><strong>cuam,</strong></span> <span class='ocrx_word' id='word_1_36' title='bbox 1561 804 1721 868; x_wconf 76' lang='lat' dir='ltr'><strong>Dominus</strong></span> 
     </span>
     <span class='ocr_line' id='line_1_5' title="bbox 181 903 1722 994; baseline -0.001 -23"><span class='ocrx_word' id='word_1_37' title='bbox 181 905 363 994; x_wconf 77' lang='grc' dir='ltr'>προσευχήν</span> <span class='ocrx_word' id='word_1_38' title='bbox 389 929 450 992; x_wconf 88' lang='grc' dir='ltr'>μου</span> <span class='ocrx_word' id='word_1_39' title='bbox 474 907 695 991; x_wconf 78' lang='grc' dir='ltr'>προσεδέξατο.</span> <span class='ocrx_word' id='word_1_40' title='bbox 723 903 927 993; x_wconf 82' lang='grc' dir='ltr'>Αίσχυνθείη-</span> <span class='ocrx_word' id='word_1_41' title='bbox 970 911 1146 974; x_wconf 68' lang='lat' dir='ltr'><strong>motionem</strong></span> <span class='ocrx_word' id='word_1_42' title='bbox 1169 921 1273 972; x_wconf 81' lang='grc' dir='ltr'>πιααπ</span> <span class='ocrx_word' id='word_1_43' title='bbox 1293 905 1444 986; x_wconf 72' lang='lat' dir='ltr'><strong>suscepit.</strong></span> <span class='ocrx_word' id='word_1_44' title='bbox 1473 905 1722 971; x_wconf 62' lang='lat' dir='ltr'><strong>erubescente</strong></span> 
     </span>
     <span class='ocr_line' id='line_1_6' title="bbox 181 1008 1719 1097; baseline -0.002 -21"><span class='ocrx_word' id='word_1_45' title='bbox 181 1032 242 1076; x_wconf 93' lang='grc' dir='ltr'>σαν</span> <span class='ocrx_word' id='word_1_46' title='bbox 265 1012 321 1076; x_wconf 90' lang='grc' dir='ltr'>καί</span> <span class='ocrx_word' id='word_1_47' title='bbox 346 1009 583 1097; x_wconf 87' lang='grc' dir='ltr'>ταραχθείησαν</span> <span class='ocrx_word' id='word_1_48' title='bbox 609 1009 731 1096; x_wconf 80' lang='grc' dir='ltr'>σφόδρα</span> <span class='ocrx_word' id='word_1_49' title='bbox 756 1010 871 1088; x_wconf 82' lang='grc' dir='ltr'>πάντες</span> <span class='ocrx_word' id='word_1_50' title='bbox 896 1010 927 1075; x_wconf 83' lang='lat' dir='ltr'>ol</span> <span class='ocrx_word' id='word_1_51' title='bbox 970 1011 1195 1077; x_wconf 66' lang='lat' dir='ltr'><strong>commiretur</strong></span> <span class='ocrx_word' id='word_1_52' title='bbox 1216 1025 1322 1073; x_wconf 75' lang='grc' dir='ltr'>σκιαρο</span> <span class='ocrx_word' id='word_1_53' title='bbox 1343 1008 1472 1073; x_wconf 57' lang='lat' dir='ltr'><strong>tolmai</strong></span> <span class='ocrx_word' id='word_1_54' title='bbox 1490 1009 1571 1087; x_wconf 55' lang='lat' dir='ltr'>Det}</span> <span class='ocrx_word' id='word_1_55' title='bbox 1585 1010 1719 1092; x_wconf 70' lang='lat' dir='ltr'>colisae-</span> 
     </span>
     <span class='ocr_line' id='line_1_7' title="bbox 181 1109 1620 1202; baseline -0.003 -22"><span class='ocrx_word' id='word_1_56' title='bbox 181 1112 289 1202; x_wconf 87' lang='grc' dir='ltr'>έχθροί</span> <span class='ocrx_word' id='word_1_57' title='bbox 301 1135 370 1201; x_wconf 89' lang='grc' dir='ltr'>μου,</span> <span class='ocrx_word' id='word_1_58' title='bbox 385 1111 652 1202; x_wconf 80' lang='grc' dir='ltr'>ἐπιστραφιίησαν</span> <span class='ocrx_word' id='word_1_59' title='bbox 662 1115 716 1179; x_wconf 81' lang='grc' dir='ltr'>καί</span> <span class='ocrx_word' id='word_1_60' title='bbox 732 1113 927 1200; x_wconf 86' lang='grc' dir='ltr'>αἰσχυνθείη·</span> <span class='ocrx_word' id='word_1_61' title='bbox 969 1116 1090 1181; x_wconf 73' lang='lat' dir='ltr'><strong>danim</strong></span> <span class='ocrx_word' id='word_1_62' title='bbox 1111 1122 1143 1182; x_wconf 78' lang='lat' dir='ltr'>et</span> <span class='ocrx_word' id='word_1_63' title='bbox 1156 1109 1343 1180; x_wconf 69' lang='grc' dir='ltr'>σταθευαααί</span> <span class='ocrx_word' id='word_1_64' title='bbox 1355 1112 1448 1177; x_wconf 76' lang='lat' dir='ltr'><strong>valde</strong></span> <span class='ocrx_word' id='word_1_65' title='bbox 1460 1111 1620 1178; x_wconf 74' lang='lat' dir='ltr'><strong>uelociter.</strong></span> 
     </span>
     <span class='ocr_line' id='line_1_8' title="bbox 181 1217 1439 1304; baseline 0.002 -22"><span class='ocrx_word' id='word_1_66' title='bbox 181 1239 241 1282; x_wconf 92' lang='grc' dir='ltr'>σαν</span> <span class='ocrx_word' id='word_1_67' title='bbox 256 1217 379 1304; x_wconf 82' lang='grc' dir='ltr'>σφόδρα</span> <span class='ocrx_word' id='word_1_68' title='bbox 392 1218 445 1283; x_wconf 81' lang='grc' dir='ltr'>διὰ</span> <span class='ocrx_word' id='word_1_69' title='bbox 459 1219 587 1304; x_wconf 80' lang='grc' dir='ltr'><strong>τάχους.</strong></span> <span class='ocrx_word' id='word_1_70' title='bbox 1438 1253 1439 1258; x_wconf 41' lang='lat'>1</span> 
     </span>
    </p>

    <p class='ocr_par' dir='ltr' id='par_1_3' title="bbox 179 1319 1727 2866">
     <span class='ocr_line' id='line_1_9' title="bbox 227 1319 1718 1408; baseline -0.001 -20"><span class='ocrx_word' id='word_1_71' title='bbox 227 1321 392 1408; x_wconf 85' lang='grc' dir='ltr'>Ἐπηκδου</span> <span class='ocrx_word' id='word_1_72' title='bbox 412 1323 516 1408; x_wconf 81' lang='grc' dir='ltr'>τυχὼν</span> <span class='ocrx_word' id='word_1_73' title='bbox 545 1331 602 1386; x_wconf 84' lang='grc' dir='ltr'>τοῦ</span> <span class='ocrx_word' id='word_1_74' title='bbox 626 1319 761 1407; x_wconf 85' lang='grc' dir='ltr'>Κυρίου,</span> <span class='ocrx_word' id='word_1_75' title='bbox 788 1319 930 1404; x_wconf 84' lang='grc' dir='ltr'>ἐπιστρέ-</span> <span class='ocrx_word' id='word_1_76' title='bbox 1016 1328 1099 1390; x_wconf 83' lang='lat' dir='ltr'>cum</span> <span class='ocrx_word' id='word_1_77' title='bbox 1116 1323 1297 1388; x_wconf 90' lang='lat' dir='ltr'><strong>Dominum</strong></span> <span class='ocrx_word' id='word_1_78' title='bbox 1313 1323 1497 1405; x_wconf 87' lang='lat' dir='ltr'><strong>propitium</strong></span> <span class='ocrx_word' id='word_1_79' title='bbox 1516 1322 1580 1386; x_wconf 86' lang='lat' dir='ltr'><strong>sibi</strong></span> <span class='ocrx_word' id='word_1_80' title='bbox 1598 1327 1718 1386; x_wconf 85' lang='lat' dir='ltr'><strong>nactus</strong></span> 
     </span>
     <span class='ocr_line' id='line_1_10' title="bbox 180 1425 1720 1511; baseline -0.001 -21"><span class='ocrx_word' id='word_1_81' title='bbox 180 1447 232 1511; x_wconf 84' lang='grc' dir='ltr'>ρει</span> <span class='ocrx_word' id='word_1_82' title='bbox 253 1425 348 1491; x_wconf 84' lang='grc' dir='ltr'>πάλιν</span> <span class='ocrx_word' id='word_1_83' title='bbox 369 1427 446 1510; x_wconf 83' lang='grc' dir='ltr'>πρὸς</span> <span class='ocrx_word' id='word_1_84' title='bbox 469 1427 522 1491; x_wconf 84' lang='grc' dir='ltr'>τὸν</span> <span class='ocrx_word' id='word_1_85' title='bbox 545 1425 626 1494; x_wconf 81' lang='grc' dir='ltr'>Θεὸν</span> <span class='ocrx_word' id='word_1_86' title='bbox 647 1426 707 1510; x_wconf 83' lang='grc' dir='ltr'>τῆν</span> <span class='ocrx_word' id='word_1_87' title='bbox 729 1426 849 1511; x_wconf 80' lang='grc' dir='ltr'>εὐχὴν,</span> <span class='ocrx_word' id='word_1_88' title='bbox 872 1427 927 1490; x_wconf 82' lang='grc' dir='ltr'>καί</span> <span class='ocrx_word' id='word_1_89' title='bbox 971 1430 1026 1509; x_wconf 88' lang='lat' dir='ltr'><strong>sit,</strong></span> <span class='ocrx_word' id='word_1_90' title='bbox 1041 1427 1151 1492; x_wconf 85' lang='lat' dir='ltr'><strong>denuo</strong></span> <span class='ocrx_word' id='word_1_91' title='bbox 1167 1427 1209 1490; x_wconf 89' lang='lat' dir='ltr'>ad</span> <span class='ocrx_word' id='word_1_92' title='bbox 1225 1427 1332 1491; x_wconf 91' lang='lat' dir='ltr'><strong>Deum</strong></span> <span class='ocrx_word' id='word_1_93' title='bbox 1349 1443 1430 1490; x_wconf 86' lang='lat' dir='ltr'><strong>suaa</strong></span> <span class='ocrx_word' id='word_1_94' title='bbox 1454 1427 1622 1489; x_wconf 82' lang='lat' dir='ltr'><strong>convertit</strong></span> <span class='ocrx_word' id='word_1_95' title='bbox 1647 1443 1720 1508; x_wconf 88' lang='lat' dir='ltr'><strong>pre-</strong></span> 
     </span>
     <span class='ocr_line' id='line_1_11' title="bbox 179 1528 1722 1616; baseline -0.001 -23"><span class='ocrx_word' id='word_1_96' title='bbox 179 1529 362 1614; x_wconf 86' lang='grc' dir='ltr'>παρακαλεῑ</span> <span class='ocrx_word' id='word_1_97' title='bbox 393 1531 436 1616; x_wconf 86' lang='grc' dir='ltr'>μῆ</span> <span class='ocrx_word' id='word_1_98' title='bbox 468 1528 562 1615; x_wconf 83' lang='grc' dir='ltr'>μόνον</span> <span class='ocrx_word' id='word_1_99' title='bbox 591 1529 798 1614; x_wconf 75' lang='grc' dir='ltr'>ἀναχωρῆσαι</span> <span class='ocrx_word' id='word_1_100' title='bbox 827 1532 926 1594; x_wconf 76' lang='grc' dir='ltr'>αὑτοῦ</span> <span class='ocrx_word' id='word_1_101' title='bbox 973 1551 1039 1612; x_wconf 85' lang='lat' dir='ltr'><strong>ces,</strong></span> <span class='ocrx_word' id='word_1_102' title='bbox 1056 1537 1090 1596; x_wconf 87' lang='lat' dir='ltr'>et</span> <span class='ocrx_word' id='word_1_103' title='bbox 1112 1535 1213 1609; x_wconf 78' lang='lat' dir='ltr'><strong>rogat</strong></span> <span class='ocrx_word' id='word_1_104' title='bbox 1237 1547 1305 1594; x_wconf 92' lang='lat' dir='ltr'>non</span> <span class='ocrx_word' id='word_1_105' title='bbox 1331 1531 1442 1594; x_wconf 87' lang='lat' dir='ltr'><strong>solum</strong></span> <span class='ocrx_word' id='word_1_106' title='bbox 1459 1533 1497 1593; x_wconf 87' lang='lat' dir='ltr'>ut</span> <span class='ocrx_word' id='word_1_107' title='bbox 1519 1530 1561 1593; x_wconf 86' lang='lat' dir='ltr'>ab</span> <span class='ocrx_word' id='word_1_108' title='bbox 1577 1546 1617 1593; x_wconf 87' lang='lat' dir='ltr'>eo</span> <span class='ocrx_word' id='word_1_109' title='bbox 1632 1549 1722 1593; x_wconf 82' lang='lat' dir='ltr'><strong>recc-</strong></span> 
     </span>
     <span class='ocr_line' id='line_1_12' title="bbox 180 1633 1723 1720; baseline 0 -22"><span class='ocrx_word' id='word_1_110' title='bbox 180 1635 253 1711; x_wconf 85' lang='grc' dir='ltr'>τοὺς</span> <span class='ocrx_word' id='word_1_111' title='bbox 281 1633 434 1720; x_wconf 73' lang='grc' dir='ltr'>ἐχθροὺς,</span> <span class='ocrx_word' id='word_1_112' title='bbox 458 1633 542 1699; x_wconf 79' lang='grc' dir='ltr'>ἀλλὰ</span> <span class='ocrx_word' id='word_1_113' title='bbox 571 1635 627 1698; x_wconf 81' lang='grc' dir='ltr'>καί</span> <span class='ocrx_word' id='word_1_114' title='bbox 652 1633 808 1720; x_wconf 82' lang='grc' dir='ltr'>αἰσχύνην</span> <span class='ocrx_word' id='word_1_115' title='bbox 828 1654 927 1698; x_wconf 88' lang='grc' dir='ltr'>κατα-</span> <span class='ocrx_word' id='word_1_116' title='bbox 971 1637 1063 1714; x_wconf 86' lang='lat' dir='ltr'><strong>dant,</strong></span> <span class='ocrx_word' id='word_1_117' title='bbox 1099 1634 1159 1698; x_wconf 84' lang='lat' dir='ltr'>sed</span> <span class='ocrx_word' id='word_1_118' title='bbox 1186 1635 1288 1697; x_wconf 88' lang='lat' dir='ltr'><strong>etiam</strong></span> <span class='ocrx_word' id='word_1_119' title='bbox 1318 1634 1444 1716; x_wconf 89' lang='lat' dir='ltr'><strong>pudore</strong></span> <span class='ocrx_word' id='word_1_120' title='bbox 1471 1633 1723 1714; x_wconf 82' lang='lat' dir='ltr'><strong>suffundantur,</strong></span> 
     </span>
     <span class='ocr_line' id='line_1_13' title="bbox 181 1735 1723 1832; baseline 0 -30"><span class='ocrx_word' id='word_1_121' title='bbox 181 1737 326 1832; x_wconf 73' lang='grc' dir='ltr'>χέασθαι,</span> <span class='ocrx_word' id='word_1_122' title='bbox 349 1737 568 1823; x_wconf 68' lang='grc' dir='ltr'>θεασαμένους</span> <span class='ocrx_word' id='word_1_123' title='bbox 590 1740 650 1823; x_wconf 83' lang='grc' dir='ltr'>τῆν</span> <span class='ocrx_word' id='word_1_124' title='bbox 663 1737 836 1825; x_wconf 76' lang='grc' dir='ltr'>ἐπιβουλὴν</span> <span class='ocrx_word' id='word_1_125' title='bbox 856 1737 928 1802; x_wconf 86' lang='grc' dir='ltr'>έαυ·</span> <span class='ocrx_word' id='word_1_126' title='bbox 972 1741 1054 1804; x_wconf 87' lang='lat' dir='ltr'>dum</span> <span class='ocrx_word' id='word_1_127' title='bbox 1071 1738 1219 1802; x_wconf 85' lang='lat' dir='ltr'><strong>viderint</strong></span> <span class='ocrx_word' id='word_1_128' title='bbox 1243 1735 1461 1802; x_wconf 83' lang='lat' dir='ltr'><strong>frustraneas&#39;</strong></span> <span class='ocrx_word' id='word_1_129' title='bbox 1478 1756 1550 1801; x_wconf 85' lang='lat' dir='ltr'><strong>esse</strong></span> <span class='ocrx_word' id='word_1_130' title='bbox 1566 1757 1645 1802; x_wconf 82' lang='lat' dir='ltr'><strong>snas</strong></span> <span class='ocrx_word' id='word_1_131' title='bbox 1673 1739 1723 1802; x_wconf 92' lang='lat' dir='ltr'>in·</span> 
     </span>
     <span class='ocr_line' id='line_1_14' title="bbox 182 1839 1723 1928; baseline -0.001 -20"><span class='ocrx_word' id='word_1_132' title='bbox 182 1850 243 1908; x_wconf 82' lang='grc' dir='ltr'>τῶν</span> <span class='ocrx_word' id='word_1_133' title='bbox 269 1843 431 1926; x_wconf 78' lang='grc' dir='ltr'>ἄπρακτον</span> <span class='ocrx_word' id='word_1_134' title='bbox 452 1839 685 1928; x_wconf 70' lang='grc' dir='ltr'>γεγενημένην,</span> <span class='ocrx_word' id='word_1_135' title='bbox 712 1841 764 1907; x_wconf 81' lang='grc' dir='ltr'>δια</span> <span class='ocrx_word' id='word_1_136' title='bbox 785 1851 842 1928; x_wconf 89' lang='grc' dir='ltr'>τῆς</span> <span class='ocrx_word' id='word_1_137' title='bbox 873 1852 928 1908; x_wconf 82' lang='grc' dir='ltr'>του</span> <span class='ocrx_word' id='word_1_138' title='bbox 973 1844 1087 1922; x_wconf 85' lang='lat' dir='ltr'><strong>sidias,</strong></span> <span class='ocrx_word' id='word_1_139' title='bbox 1103 1843 1146 1908; x_wconf 94' lang='lat' dir='ltr'>ob</span> <span class='ocrx_word' id='word_1_140' title='bbox 1167 1843 1313 1906; x_wconf 82' lang='lat' dir='ltr'><strong>salutem</strong></span> <span class='ocrx_word' id='word_1_141' title='bbox 1328 1859 1431 1924; x_wconf 87' lang='lat' dir='ltr'><strong>quam</strong></span> <span class='ocrx_word' id='word_1_142' title='bbox 1453 1844 1545 1907; x_wconf 86' lang='lat' dir='ltr'><strong>Deus</strong></span> <span class='ocrx_word' id='word_1_143' title='bbox 1563 1844 1723 1908; x_wconf 86' lang='lat' dir='ltr'><strong>insidiato</strong></span> 
     </span>
     <span class='ocr_line' id='line_1_15' title="bbox 183 1943 1724 2031; baseline 0.001 -20"><span class='ocrx_word' id='word_1_144' title='bbox 183 1944 456 2023; x_wconf 81' lang='grc' dir='ltr'>ἐπιθουλευθέντος</span> <span class='ocrx_word' id='word_1_145' title='bbox 479 1946 513 2011; x_wconf 77' lang='grc' dir='ltr'>ἐν</span> <span class='ocrx_word' id='word_1_146' title='bbox 528 1944 599 2031; x_wconf 81' lang='grc' dir='ltr'>Θεῷ</span> <span class='ocrx_word' id='word_1_147' title='bbox 619 1943 794 2031; x_wconf 81' lang='grc' dir='ltr'>σωτηρίας·</span> <span class='ocrx_word' id='word_1_148' title='bbox 808 1948 863 2011; x_wconf 85' lang='grc' dir='ltr'>καί</span> <span class='ocrx_word' id='word_1_149' title='bbox 876 1967 932 2011; x_wconf 83' lang='grc' dir='ltr'>τα·</span> <span class='ocrx_word' id='word_1_150' title='bbox 974 1948 1157 2026; x_wconf 79' lang='lat' dir='ltr'><strong>concessit3</strong></span> <span class='ocrx_word' id='word_1_151' title='bbox 1187 1951 1222 2008; x_wconf 88' lang='lat' dir='ltr'>et</span> <span class='ocrx_word' id='word_1_152' title='bbox 1251 1951 1326 2009; x_wconf 85' lang='lat' dir='ltr'><strong>orat</strong></span> <span class='ocrx_word' id='word_1_153' title='bbox 1347 1949 1387 2009; x_wconf 85' lang='lat' dir='ltr'>ut</span> <span class='ocrx_word' id='word_1_154' title='bbox 1410 1947 1656 2011; x_wconf 75' lang='lat' dir='ltr'><strong>conturbentur</strong></span> <span class='ocrx_word' id='word_1_155' title='bbox 1683 1967 1724 2012; x_wconf 82' lang='lat' dir='ltr'>ec</span> 
     </span>
     <span class='ocr_line' id='line_1_16' title="bbox 186 2049 1722 2136; baseline 0 -22"><span class='ocrx_word' id='word_1_156' title='bbox 186 2049 342 2135; x_wconf 69' lang='lat' dir='ltr'>paxillum</span> <span class='ocrx_word' id='word_1_157' title='bbox 364 2051 478 2128; x_wconf 83' lang='grc' dir='ltr'>αδτοὺς</span> <span class='ocrx_word' id='word_1_158' title='bbox 497 2051 625 2136; x_wconf 78' lang='grc' dir='ltr'>εὔχεται</span> <span class='ocrx_word' id='word_1_159' title='bbox 639 2051 694 2114; x_wconf 87' lang='grc' dir='ltr'>καὶ</span> <span class='ocrx_word' id='word_1_160' title='bbox 717 2049 840 2136; x_wconf 85' lang='grc' dir='ltr'>σρδδρα</span> <span class='ocrx_word' id='word_1_161' title='bbox 860 2060 931 2115; x_wconf 84' lang='grc' dir='ltr'>τοῦ·</span> <span class='ocrx_word' id='word_1_162' title='bbox 975 2055 1193 2117; x_wconf 83' lang='lat' dir='ltr'><strong>vehementer</strong></span> <span class='ocrx_word' id='word_1_163' title='bbox 1209 2049 1242 2112; x_wconf 92' lang='lat' dir='ltr'>id</span> <span class='ocrx_word' id='word_1_164' title='bbox 1257 2050 1442 2131; x_wconf 84' lang='lat' dir='ltr'><strong>patiantur,</strong></span> <span class='ocrx_word' id='word_1_165' title='bbox 1459 2049 1493 2113; x_wconf 92' lang='lat' dir='ltr'>id</span> <span class='ocrx_word' id='word_1_166' title='bbox 1520 2055 1572 2114; x_wconf 83' lang='lat' dir='ltr'>cst</span> <span class='ocrx_word' id='word_1_167' title='bbox 1597 2052 1722 2115; x_wconf 89' lang='lat' dir='ltr'><strong>mirum</strong></span> 
     </span>
     <span class='ocr_line' id='line_1_17' title="bbox 184 2151 1724 2241; baseline -0.001 -23"><span class='ocrx_word' id='word_1_168' title='bbox 184 2174 220 2218; x_wconf 89' lang='grc' dir='ltr'>το</span> <span class='ocrx_word' id='word_1_169' title='bbox 246 2152 366 2234; x_wconf 78' lang='grc' dir='ltr'>παθεῖν,</span> <span class='ocrx_word' id='word_1_170' title='bbox 389 2151 531 2219; x_wconf 86' lang='grc' dir='ltr'>τουτέστι</span> <span class='ocrx_word' id='word_1_171' title='bbox 556 2154 699 2238; x_wconf 78' lang='grc' dir='ltr'>σφοδρῶς</span> <span class='ocrx_word' id='word_1_172' title='bbox 720 2155 928 2241; x_wconf 89' lang='grc' dir='ltr'>ταραχθῆναι,</span> <span class='ocrx_word' id='word_1_173' title='bbox 974 2158 1010 2221; x_wconf 88' lang='lat' dir='ltr'>in</span> <span class='ocrx_word' id='word_1_174' title='bbox 1038 2156 1175 2219; x_wconf 87' lang='lat' dir='ltr'><strong>modum</strong></span> <span class='ocrx_word' id='word_1_175' title='bbox 1202 2153 1393 2232; x_wconf 76' lang='lat' dir='ltr'><strong>turbentur,</strong></span> <span class='ocrx_word' id='word_1_176' title='bbox 1410 2170 1449 2215; x_wconf 89' lang='lat' dir='ltr'>eo</span> <span class='ocrx_word' id='word_1_177' title='bbox 1469 2153 1559 2234; x_wconf 89' lang='lat' dir='ltr'><strong>quod</strong></span> <span class='ocrx_word' id='word_1_178' title='bbox 1586 2155 1724 2218; x_wconf 88' lang='lat' dir='ltr'><strong>omniuo</strong></span> 
     </span>
     <span class='ocr_line' id='line_1_18' title="bbox 183 2256 1725 2343; baseline 0.001 -22"><span class='ocrx_word' id='word_1_179' title='bbox 183 2257 341 2336; x_wconf 77' lang='grc' dir='ltr'>διιέντος</span> <span class='ocrx_word' id='word_1_180' title='bbox 356 2278 417 2323; x_wconf 86' lang='grc' dir='ltr'>που</span> <span class='ocrx_word' id='word_1_181' title='bbox 432 2258 546 2336; x_wconf 79' lang='grc' dir='ltr'>αὐτοὺς</span> <span class='ocrx_word' id='word_1_182' title='bbox 569 2260 654 2323; x_wconf 79' lang='grc' dir='ltr'>κατὰ</span> <span class='ocrx_word' id='word_1_183' title='bbox 677 2260 730 2326; x_wconf 88' lang='grc' dir='ltr'>τδν</span> <span class='ocrx_word' id='word_1_184' title='bbox 744 2262 856 2343; x_wconf 83' lang='grc' dir='ltr'>καιρὸν</span> <span class='ocrx_word' id='word_1_185' title='bbox 870 2267 927 2343; x_wconf 85' lang='grc' dir='ltr'>τῆς</span> <span class='ocrx_word' id='word_1_186' title='bbox 977 2279 1033 2326; x_wconf 86' lang='lat' dir='ltr'>eos</span> <span class='ocrx_word' id='word_1_187' title='bbox 1058 2260 1219 2340; x_wconf 87' lang='lat' dir='ltr'><strong>corripiet</strong></span> <span class='ocrx_word' id='word_1_188' title='bbox 1243 2259 1279 2322; x_wconf 88' lang='lat' dir='ltr'>in</span> <span class='ocrx_word' id='word_1_189' title='bbox 1306 2262 1456 2339; x_wconf 89' lang='lat' dir='ltr'><strong>tempore</strong></span> <span class='ocrx_word' id='word_1_190' title='bbox 1478 2256 1725 2340; x_wconf 67' lang='lat' dir='ltr'><strong>jusjudicii,</strong></span> 
     </span>
     <span class='ocr_line' id='line_1_19' title="bbox 184 2360 1723 2449; baseline 0 -23"><span class='ocrx_word' id='word_1_191' title='bbox 184 2360 411 2446; x_wconf 77' lang='grc' dir='ltr'>δικαιοκρισίας</span> <span class='ocrx_word' id='word_1_192' title='bbox 433 2360 607 2449; x_wconf 73' lang='grc' dir='ltr'>ἐκδέχεται.</span> <span class='ocrx_word' id='word_1_193' title='bbox 631 2361 696 2427; x_wconf 85' lang='grc' dir='ltr'>Καί</span> <span class='ocrx_word' id='word_1_194' title='bbox 717 2372 810 2429; x_wconf 82' lang='grc' dir='ltr'>τοῦτο</span> <span class='ocrx_word' id='word_1_195' title='bbox 825 2363 860 2428; x_wconf 74' lang='grc' dir='ltr'>δέ</span> <span class='ocrx_word' id='word_1_196' title='bbox 875 2364 930 2428; x_wconf 83' lang='grc' dir='ltr'>αδ-</span> <span class='ocrx_word' id='word_1_197' title='bbox 973 2383 1013 2429; x_wconf 83' lang='grc' dir='ltr'>ιιο</span> <span class='ocrx_word' id='word_1_198' title='bbox 1027 2369 1190 2447; x_wconf 72' lang='lat' dir='ltr'><strong>practerea</strong></span> <span class='ocrx_word' id='word_1_199' title='bbox 1205 2367 1305 2426; x_wconf 82' lang='lat' dir='ltr'><strong>vovet</strong></span> <span class='ocrx_word' id='word_1_200' title='bbox 1320 2367 1359 2425; x_wconf 89' lang='lat' dir='ltr'>ut</span> <span class='ocrx_word' id='word_1_201' title='bbox 1373 2362 1408 2425; x_wconf 89' lang='lat' dir='ltr'>id</span> <span class='ocrx_word' id='word_1_202' title='bbox 1415 2363 1528 2443; x_wconf 88' lang='lat' dir='ltr'><strong>ipsum</strong></span> <span class='ocrx_word' id='word_1_203' title='bbox 1536 2363 1571 2425; x_wconf 92' lang='lat' dir='ltr'>in</span> <span class='ocrx_word' id='word_1_204' title='bbox 1584 2380 1640 2426; x_wconf 90' lang='lat' dir='ltr'>eos</span> <span class='ocrx_word' id='word_1_205' title='bbox 1656 2364 1723 2426; x_wconf 91' lang='lat' dir='ltr'><strong>cito</strong></span> 
     </span>
     <span class='ocr_line' id='line_1_20' title="bbox 184 2464 1727 2553; baseline 0.001 -23"><span class='ocrx_word' id='word_1_206' title='bbox 184 2475 248 2543; x_wconf 77' lang='grc' dir='ltr'>τοῖς</span> <span class='ocrx_word' id='word_1_207' title='bbox 271 2464 427 2551; x_wconf 82' lang='grc' dir='ltr'>συμθῆναι</span> <span class='ocrx_word' id='word_1_208' title='bbox 445 2467 497 2530; x_wconf 78' lang='grc' dir='ltr'>διὰ</span> <span class='ocrx_word' id='word_1_209' title='bbox 518 2465 636 2553; x_wconf 81' lang='grc' dir='ltr'>τάχους</span> <span class='ocrx_word' id='word_1_210' title='bbox 659 2468 797 2552; x_wconf 80' lang='grc' dir='ltr'>εὔχεται,</span> <span class='ocrx_word' id='word_1_211' title='bbox 819 2487 931 2532; x_wconf 80' lang='grc' dir='ltr'>καται·</span> <span class='ocrx_word' id='word_1_212' title='bbox 975 2469 1205 2551; x_wconf 74' lang='lat' dir='ltr'><strong>superveniat,</strong></span> <span class='ocrx_word' id='word_1_213' title='bbox 1221 2468 1349 2550; x_wconf 89' lang='lat' dir='ltr'><strong>pudore</strong></span> <span class='ocrx_word' id='word_1_214' title='bbox 1374 2467 1528 2548; x_wconf 85' lang='lat' dir='ltr'><strong>perfusos</strong></span> <span class='ocrx_word' id='word_1_215' title='bbox 1554 2468 1596 2531; x_wconf 91' lang='lat' dir='ltr'>ob</span> <span class='ocrx_word' id='word_1_216' title='bbox 1616 2485 1727 2532; x_wconf 85' lang='lat' dir='ltr'><strong>resur·</strong></span> 
     </span>
     <span class='ocr_line' id='line_1_21' title="bbox 184 2568 1727 2656; baseline -0.001 -20"><span class='ocrx_word' id='word_1_217' title='bbox 184 2569 395 2656; x_wconf 82' lang='grc' dir='ltr'>σχυνυμένους</span> <span class='ocrx_word' id='word_1_218' title='bbox 407 2570 458 2634; x_wconf 83' lang='grc' dir='ltr'>ἐπί</span> <span class='ocrx_word' id='word_1_219' title='bbox 468 2580 507 2656; x_wconf 87' lang='grc' dir='ltr'>τῆ</span> <span class='ocrx_word' id='word_1_220' title='bbox 518 2580 576 2635; x_wconf 83' lang='grc' dir='ltr'>τοῦ</span> <span class='ocrx_word' id='word_1_221' title='bbox 586 2572 736 2647; x_wconf 83' lang='grc' dir='ltr'>πεσόντος</span> <span class='ocrx_word' id='word_1_222' title='bbox 747 2568 930 2652; x_wconf 81' lang='grc' dir='ltr'>ἀναστάσει,</span> <span class='ocrx_word' id='word_1_223' title='bbox 976 2573 1159 2636; x_wconf 88' lang='lat' dir='ltr'><strong>rectionem</strong></span> <span class='ocrx_word' id='word_1_224' title='bbox 1177 2570 1250 2652; x_wconf 88' lang='lat' dir='ltr'><strong>ejus</strong></span> <span class='ocrx_word' id='word_1_225' title='bbox 1276 2571 1336 2652; x_wconf 86' lang='lat' dir='ltr'>qui</span> <span class='ocrx_word' id='word_1_226' title='bbox 1351 2571 1528 2650; x_wconf 81' lang='lat' dir='ltr'><strong>ceciderat,</strong></span> <span class='ocrx_word' id='word_1_227' title='bbox 1555 2575 1589 2634; x_wconf 89' lang='lat' dir='ltr'>et</span> <span class='ocrx_word' id='word_1_228' title='bbox 1616 2571 1727 2635; x_wconf 91' lang='lat' dir='ltr'><strong>humi-</strong></span> 
     </span>
     <span class='ocr_line' id='line_1_22' title="bbox 184 2672 1725 2760; baseline -0.001 -20"><span class='ocrx_word' id='word_1_229' title='bbox 184 2676 240 2740; x_wconf 84' lang='grc' dir='ltr'>καί</span> <span class='ocrx_word' id='word_1_230' title='bbox 254 2684 293 2760; x_wconf 85' lang='grc' dir='ltr'>τῆ</span> <span class='ocrx_word' id='word_1_231' title='bbox 317 2683 372 2739; x_wconf 84' lang='grc' dir='ltr'>τοῦ</span> <span class='ocrx_word' id='word_1_232' title='bbox 388 2672 629 2752; x_wconf 80' lang='grc' dir='ltr'>ταπεινωθέντας</span> <span class='ocrx_word' id='word_1_233' title='bbox 644 2672 773 2759; x_wconf 74' lang='grc' dir='ltr'>ὑψώσει,</span> <span class='ocrx_word' id='word_1_234' title='bbox 788 2682 878 2758; x_wconf 91' lang='grc' dir='ltr'>νικῆς</span> <span class='ocrx_word' id='word_1_235' title='bbox 893 2694 928 2739; x_wconf 81' lang='grc' dir='ltr'>τε</span> <span class='ocrx_word' id='word_1_236' title='bbox 974 2677 1049 2742; x_wconf 88' lang='lat' dir='ltr'><strong>liati</strong></span> <span class='ocrx_word' id='word_1_237' title='bbox 1080 2676 1330 2754; x_wconf 86' lang='lat' dir='ltr'><strong>exaltationem,</strong></span> <span class='ocrx_word' id='word_1_238' title='bbox 1362 2677 1396 2738; x_wconf 88' lang='lat' dir='ltr'>et</span> <span class='ocrx_word' id='word_1_239' title='bbox 1425 2674 1602 2738; x_wconf 80' lang='lat' dir='ltr'><strong>victoriam</strong></span> <span class='ocrx_word' id='word_1_240' title='bbox 1628 2675 1725 2743; x_wconf 84' lang='lat' dir='ltr'><strong>illius</strong></span> 
     </span>
     <span class='ocr_line' id='line_1_23' title="bbox 180 2776 1418 2866; baseline -0.002 -23"><span class='ocrx_word' id='word_1_241' title='bbox 180 2787 238 2844; x_wconf 79' lang='grc' dir='ltr'>Ιτοῦ</span> <span class='ocrx_word' id='word_1_242' title='bbox 252 2776 353 2844; x_wconf 78' lang='grc' dir='ltr'>παλαι</span> <span class='ocrx_word' id='word_1_243' title='bbox 363 2780 440 2864; x_wconf 78' lang='grc' dir='ltr'>πρὸς</span> <span class='ocrx_word' id='word_1_244' title='bbox 455 2779 559 2844; x_wconf 65' lang='grc' dir='ltr'>αἰτιῶν</span> <span class='ocrx_word' id='word_1_245' title='bbox 572 2777 785 2866; x_wconf 77' lang='grc' dir='ltr'>νενικημένου.</span> <span class='ocrx_word' id='word_1_246' title='bbox 976 2779 1035 2864; x_wconf 91' lang='lat' dir='ltr'>qui</span> <span class='ocrx_word' id='word_1_247' title='bbox 1051 2779 1095 2844; x_wconf 88' lang='lat' dir='ltr'>ab</span> <span class='ocrx_word' id='word_1_248' title='bbox 1110 2779 1193 2862; x_wconf 84' lang='lat' dir='ltr'><strong>ipsis</strong></span> <span class='ocrx_word' id='word_1_249' title='bbox 1208 2778 1418 2842; x_wconf 84' lang='lat' dir='ltr'><strong>vincebatur.</strong></span> 
     </span>
    </p>
   </div>
   <div class='ocr_carea' id='block_1_3' title="bbox 813 2952 1111 3036">
    <p class='ocr_par' dir='ltr' id='par_1_4' title="bbox 813 2952 1111 3036">
     <span class='ocr_line' id='line_1_24' title="bbox 813 2952 1111 3036; baseline -0.007 -2"><span class='ocrx_word' id='word_1_250' title='bbox 813 2956 984 3036; x_wconf 82' lang='lat' dir='ltr'><strong>Psalmus</strong></span> <span class='ocrx_word' id='word_1_251' title='bbox 1013 2952 1111 3033; x_wconf 81' lang='lat' dir='ltr'>VH.</span> 
     </span>
    </p>
   </div>
   <div class='ocr_carea' id='block_1_4' title="bbox 186 3164 1812 4921">
    <p class='ocr_par' dir='ltr' id='par_1_5' title="bbox 187 3164 1812 3668">
     <span class='ocr_line' id='line_1_25' title="bbox 234 3164 1725 3256; baseline 0.005 -26"><span class='ocrx_word' id='word_1_252' title='bbox 234 3184 265 3231; x_wconf 89' lang='lat' dir='ltr'>v.</span> <span class='ocrx_word' id='word_1_253' title='bbox 283 3169 314 3250; x_wconf 81' lang='lat'>2,</span> <span class='ocrx_word' id='word_1_254' title='bbox 330 3169 360 3232; x_wconf 86' lang='lat'>3.</span> <span class='ocrx_word' id='word_1_255' title='bbox 384 3164 481 3252; x_wconf 80' lang='grc' dir='ltr'>Κύριε</span> <span class='ocrx_word' id='word_1_256' title='bbox 504 3166 522 3230; x_wconf 84' lang='grc' dir='ltr'>δ</span> <span class='ocrx_word' id='word_1_257' title='bbox 544 3164 625 3244; x_wconf 85' lang='grc' dir='ltr'>Θεός</span> <span class='ocrx_word' id='word_1_258' title='bbox 640 3187 710 3253; x_wconf 90' lang='grc' dir='ltr'>μου,</span> <span class='ocrx_word' id='word_1_259' title='bbox 735 3166 786 3232; x_wconf 76' lang='grc' dir='ltr'>ἐπί</span> <span class='ocrx_word' id='word_1_260' title='bbox 808 3169 858 3232; x_wconf 85' lang='grc' dir='ltr'>σοί</span> <span class='ocrx_word' id='word_1_261' title='bbox 878 3166 936 3253; x_wconf 85' lang='grc' dir='ltr'>ῆλ-</span> <span class='ocrx_word' id='word_1_262' title='bbox 1024 3187 1056 3230; x_wconf 92' lang='grc' dir='ltr'>ν.</span> <span class='ocrx_word' id='word_1_263' title='bbox 1071 3171 1102 3250; x_wconf 82' lang='lat'>2,</span> <span class='ocrx_word' id='word_1_264' title='bbox 1120 3172 1150 3234; x_wconf 87' lang='grc'>3.</span> <span class='ocrx_word' id='word_1_265' title='bbox 1166 3170 1310 3250; x_wconf 75' lang='lat' dir='ltr'><strong>Domine,</strong></span> <span class='ocrx_word' id='word_1_266' title='bbox 1328 3171 1418 3256; x_wconf 73' lang='lat' dir='ltr'><strong>Deles</strong></span> <span class='ocrx_word' id='word_1_267' title='bbox 1432 3187 1532 3251; x_wconf 75' lang='lat' dir='ltr'><strong>meus,</strong></span> <span class='ocrx_word' id='word_1_268' title='bbox 1561 3173 1725 3254; x_wconf 72' lang='lat' dir='ltr'>interpe-</span> 
     </span>
     <span class='ocr_line' id='line_1_26' title="bbox 188 3269 1812 3358; baseline 0.003 -20"><span class='ocrx_word' id='word_1_269' title='bbox 188 3291 284 3338; x_wconf 88' lang='grc' dir='ltr'>πισα·</span> <span class='ocrx_word' id='word_1_270' title='bbox 299 3270 400 3338; x_wconf 80' lang='grc' dir='ltr'>σῶσόν</span> <span class='ocrx_word' id='word_1_271' title='bbox 416 3292 455 3357; x_wconf 75' lang='grc' dir='ltr'>με</span> <span class='ocrx_word' id='word_1_272' title='bbox 477 3272 516 3337; x_wconf 80' lang='grc' dir='ltr'>ἐκ</span> <span class='ocrx_word' id='word_1_273' title='bbox 530 3271 655 3337; x_wconf 81' lang='grc' dir='ltr'>πάντων</span> <span class='ocrx_word' id='word_1_274' title='bbox 677 3281 739 3336; x_wconf 79' lang='grc' dir='ltr'>τῶν</span> <span class='ocrx_word' id='word_1_275' title='bbox 760 3269 936 3337; x_wconf 83' lang='grc' dir='ltr'>διωκόντων</span> <span class='ocrx_word' id='word_1_276' title='bbox 979 3274 1064 3352; x_wconf 82' lang='lat' dir='ltr'><strong>roci,</strong></span> <span class='ocrx_word' id='word_1_277' title='bbox 1092 3273 1220 3339; x_wconf 80' lang='grc' dir='ltr'>ιαίυααι</span> <span class='ocrx_word' id='word_1_278' title='bbox 1245 3291 1295 3338; x_wconf 80' lang='grc' dir='ltr'>πα</span> <span class='ocrx_word' id='word_1_279' title='bbox 1312 3274 1376 3355; x_wconf 80' lang='lat' dir='ltr'>foc</span> <span class='ocrx_word' id='word_1_280' title='bbox 1401 3293 1440 3339; x_wconf 82' lang='grc' dir='ltr'>αα</span> <span class='ocrx_word' id='word_1_281' title='bbox 1455 3275 1600 3341; x_wconf 76' lang='lat' dir='ltr'><strong>omnibus</strong></span> <span class='ocrx_word' id='word_1_282' title='bbox 1618 3295 1729 3358; x_wconf 77' lang='lat' dir='ltr'><strong>perse-</strong></span> <span class='ocrx_word' id='word_1_283' title='bbox 1808 3312 1812 3320; x_wconf 41' lang='grc' dir='ltr'>ι</span> 
     </span>
     <span class='ocr_line' id='line_1_27' title="bbox 190 3373 1729 3462; baseline 0.003 -21"><span class='ocrx_word' id='word_1_284' title='bbox 190 3397 239 3462; x_wconf 86' lang='grc' dir='ltr'>με,</span> <span class='ocrx_word' id='word_1_285' title='bbox 254 3376 309 3440; x_wconf 86' lang='grc' dir='ltr'>καί</span> <span class='ocrx_word' id='word_1_286' title='bbox 331 3374 423 3460; x_wconf 73' lang='grc' dir='ltr'>ῥῦσαί</span> <span class='ocrx_word' id='word_1_287' title='bbox 438 3389 486 3461; x_wconf 82' lang='grc' dir='ltr'>με,</span> <span class='ocrx_word' id='word_1_288' title='bbox 504 3373 627 3460; x_wconf 77' lang='grc' dir='ltr'>μήποτε</span> <span class='ocrx_word' id='word_1_289' title='bbox 649 3374 778 3460; x_wconf 72' lang='grc' dir='ltr'>ἁρπάσῃ</span> <span class='ocrx_word' id='word_1_290' title='bbox 798 3373 840 3452; x_wconf 83' lang='grc' dir='ltr'>ὡς</span> <span class='ocrx_word' id='word_1_291' title='bbox 855 3373 935 3439; x_wconf 91' lang='grc' dir='ltr'>λέων</span> <span class='ocrx_word' id='word_1_292' title='bbox 978 3376 1148 3456; x_wconf 63' lang='lat' dir='ltr'>motibus</span> <span class='ocrx_word' id='word_1_293' title='bbox 1162 3395 1222 3456; x_wconf 78' lang='lat' dir='ltr'>me,</span> <span class='ocrx_word' id='word_1_294' title='bbox 1239 3382 1272 3442; x_wconf 79' lang='lat' dir='ltr'>et</span> <span class='ocrx_word' id='word_1_295' title='bbox 1285 3378 1388 3443; x_wconf 75' lang='lat' dir='ltr'><strong>libera</strong></span> <span class='ocrx_word' id='word_1_296' title='bbox 1402 3396 1461 3457; x_wconf 78' lang='lat' dir='ltr'>mc,</span> <span class='ocrx_word' id='word_1_297' title='bbox 1486 3395 1527 3442; x_wconf 80' lang='grc' dir='ltr'>με</span> <span class='ocrx_word' id='word_1_298' title='bbox 1540 3381 1665 3462; x_wconf 75' lang='lat' dir='ltr'><strong>quoodo</strong></span> <span class='ocrx_word' id='word_1_299' title='bbox 1690 3386 1729 3445; x_wconf 82' lang='grc' dir='ltr'>ιιί</span> 
     </span>
     <span class='ocr_line' id='line_1_28' title="bbox 187 3477 1729 3566; baseline 0.001 -21"><span class='ocrx_word' id='word_1_300' title='bbox 187 3482 246 3565; x_wconf 77' lang='grc' dir='ltr'>τὴν</span> <span class='ocrx_word' id='word_1_301' title='bbox 257 3477 364 3565; x_wconf 77' lang='grc' dir='ltr'>ψυχήν</span> <span class='ocrx_word' id='word_1_302' title='bbox 376 3499 445 3565; x_wconf 76' lang='grc' dir='ltr'>μου,</span> <span class='ocrx_word' id='word_1_303' title='bbox 459 3480 502 3565; x_wconf 84' lang='grc' dir='ltr'>μῆ</span> <span class='ocrx_word' id='word_1_304' title='bbox 515 3480 604 3557; x_wconf 78' lang='grc' dir='ltr'>ὄντος</span> <span class='ocrx_word' id='word_1_305' title='bbox 615 3479 836 3565; x_wconf 84' lang='grc' dir='ltr'>λυτρουμένου,</span> <span class='ocrx_word' id='word_1_306' title='bbox 853 3479 933 3564; x_wconf 70' lang='grc' dir='ltr'>μηδὲ</span> <span class='ocrx_word' id='word_1_307' title='bbox 979 3481 1027 3545; x_wconf 78' lang='lat' dir='ltr'>leo</span> <span class='ocrx_word' id='word_1_308' title='bbox 1041 3482 1153 3564; x_wconf 77' lang='lat' dir='ltr'><strong>rapiat</strong></span> <span class='ocrx_word' id='word_1_309' title='bbox 1165 3482 1309 3546; x_wconf 76' lang='lat' dir='ltr'><strong>animam</strong></span> <span class='ocrx_word' id='word_1_310' title='bbox 1319 3499 1432 3561; x_wconf 76' lang='lat' dir='ltr'><strong>meam,</strong></span> <span class='ocrx_word' id='word_1_311' title='bbox 1450 3483 1527 3547; x_wconf 75' lang='lat' dir='ltr'>dum</span> <span class='ocrx_word' id='word_1_312' title='bbox 1537 3500 1601 3546; x_wconf 77' lang='grc' dir='ltr'>τινα</span> <span class='ocrx_word' id='word_1_313' title='bbox 1611 3489 1661 3549; x_wconf 77' lang='lat' dir='ltr'>est</span> <span class='ocrx_word' id='word_1_314' title='bbox 1670 3484 1729 3566; x_wconf 72' lang='lat' dir='ltr'>qui</span> 
     </span>
     <span class='ocr_line' id='line_1_29' title="bbox 190 3581 1587 3668; baseline 0.003 -22"><span class='ocrx_word' id='word_1_315' title='bbox 190 3581 356 3662; x_wconf 80' lang='grc' dir='ltr'>σιίιζοντος.</span> <span class='ocrx_word' id='word_1_316' title='bbox 382 3586 482 3652; x_wconf 75' lang='lat' dir='ltr'>Vatic-</span> <span class='ocrx_word' id='word_1_317' title='bbox 499 3585 574 3664; x_wconf 80' lang='lat'><strong>627,</strong></span> <span class='ocrx_word' id='word_1_318' title='bbox 593 3586 621 3648; x_wconf 90' lang='lat'>1.</span> <span class='ocrx_word' id='word_1_319' title='bbox 979 3584 1128 3664; x_wconf 79' lang='lat' dir='ltr'><strong>redimat,</strong></span> <span class='ocrx_word' id='word_1_320' title='bbox 1144 3602 1244 3667; x_wconf 70' lang='lat' dir='ltr'>mque</span> <span class='ocrx_word' id='word_1_321' title='bbox 1258 3585 1317 3667; x_wconf 73' lang='grc' dir='ltr'>μαι·</span> <span class='ocrx_word' id='word_1_322' title='bbox 1330 3585 1587 3668; x_wconf 66' lang='lat' dir='ltr'>sumserint.</span> 
     </span>
    </p>

    <p class='ocr_par' dir='ltr' id='par_1_6' title="bbox 186 3686 1787 4921">
     <span class='ocr_line' id='line_1_30' title="bbox 233 3686 1724 3776; baseline 0.003 -23"><span class='ocrx_word' id='word_1_323' title='bbox 233 3686 307 3754; x_wconf 81' lang='grc' dir='ltr'>Ἐπί</span> <span class='ocrx_word' id='word_1_324' title='bbox 321 3689 381 3771; x_wconf 82' lang='grc' dir='ltr'>σοί,</span> <span class='ocrx_word' id='word_1_325' title='bbox 393 3690 501 3773; x_wconf 78' lang='grc' dir='ltr'>φησίν,</span> <span class='ocrx_word' id='word_1_326' title='bbox 517 3687 647 3774; x_wconf 86' lang='grc' dir='ltr'>ῆλπισα,</span> <span class='ocrx_word' id='word_1_327' title='bbox 663 3688 681 3752; x_wconf 86' lang='grc' dir='ltr'>δ</span> <span class='ocrx_word' id='word_1_328' title='bbox 696 3686 798 3768; x_wconf 85' lang='grc' dir='ltr'>Θτδς·</span> <span class='ocrx_word' id='word_1_329' title='bbox 820 3688 858 3752; x_wconf 84' lang='lat' dir='ltr'>ob</span> <span class='ocrx_word' id='word_1_330' title='bbox 872 3691 933 3774; x_wconf 82' lang='grc' dir='ltr'>γθιρ</span> <span class='ocrx_word' id='word_1_331' title='bbox 1022 3691 1112 3767; x_wconf 75' lang='lat' dir='ltr'><strong>Inte,</strong></span> <span class='ocrx_word' id='word_1_332' title='bbox 1124 3689 1392 3770; x_wconf 66' lang='lat' dir='ltr'><strong>inquitspcroci,</strong></span> <span class='ocrx_word' id='word_1_333' title='bbox 1401 3693 1499 3770; x_wconf 77' lang='lat' dir='ltr'><strong>Deus,</strong></span> <span class='ocrx_word' id='word_1_334' title='bbox 1509 3710 1724 3776; x_wconf 83' lang='lat' dir='ltr'><strong>nequaquam</strong></span> 
     </span>
     <span class='ocr_line' id='line_1_31' title="bbox 188 3791 1721 3880; baseline 0.005 -24"><span class='ocrx_word' id='word_1_335' title='bbox 188 3791 239 3856; x_wconf 81' lang='grc' dir='ltr'>ἐπ’</span> <span class='ocrx_word' id='word_1_336' title='bbox 256 3791 440 3877; x_wconf 80' lang='grc' dir='ltr'>ἀνθρώποις,</span> <span class='ocrx_word' id='word_1_337' title='bbox 456 3793 529 3858; x_wconf 81' lang='grc' dir='ltr'>οὐδὲ</span> <span class='ocrx_word' id='word_1_338' title='bbox 543 3793 594 3858; x_wconf 74' lang='lat' dir='ltr'>lul</span> <span class='ocrx_word' id='word_1_339' title='bbox 610 3793 771 3880; x_wconf 77' lang='grc' dir='ltr'>λογισμοῖς</span> <span class='ocrx_word' id='word_1_340' title='bbox 789 3795 844 3859; x_wconf 85' lang='grc' dir='ltr'>καί</span> <span class='ocrx_word' id='word_1_341' title='bbox 859 3815 935 3880; x_wconf 69' lang='grc' dir='ltr'>συμ·</span> <span class='ocrx_word' id='word_1_342' title='bbox 978 3793 1013 3856; x_wconf 93' lang='lat' dir='ltr'>in</span> <span class='ocrx_word' id='word_1_343' title='bbox 1037 3793 1242 3872; x_wconf 86' lang='lat' dir='ltr'><strong>hominibus,</strong></span> <span class='ocrx_word' id='word_1_344' title='bbox 1257 3811 1368 3874; x_wconf 90' lang='lat' dir='ltr'><strong>neque</strong></span> <span class='ocrx_word' id='word_1_345' title='bbox 1391 3794 1426 3858; x_wconf 89' lang='lat' dir='ltr'>in</span> <span class='ocrx_word' id='word_1_346' title='bbox 1445 3796 1721 3864; x_wconf 74' lang='lat' dir='ltr'><strong>meditationibus</strong></span> 
     </span>
     <span class='ocr_line' id='line_1_32' title="bbox 187 3895 1724 3986; baseline 0.003 -24"><span class='ocrx_word' id='word_1_347' title='bbox 187 3895 326 3975; x_wconf 83' lang='grc' dir='ltr'>δουλίαις</span> <span class='ocrx_word' id='word_1_348' title='bbox 352 3896 533 3983; x_wconf 80' lang='grc' dir='ltr'>ἀνθρώπων,</span> <span class='ocrx_word' id='word_1_349' title='bbox 562 3901 622 3986; x_wconf 84' lang='grc' dir='ltr'>τῆν</span> <span class='ocrx_word' id='word_1_350' title='bbox 650 3900 730 3985; x_wconf 80' lang='grc' dir='ltr'>ίμῆν</span> <span class='ocrx_word' id='word_1_351' title='bbox 763 3897 935 3985; x_wconf 81' lang='grc' dir='ltr'>ἀιτῆρτησα</span> <span class='ocrx_word' id='word_1_352' title='bbox 978 3901 1039 3959; x_wconf 86' lang='lat' dir='ltr'>aut</span> <span class='ocrx_word' id='word_1_353' title='bbox 1048 3895 1201 3960; x_wconf 86' lang='lat' dir='ltr'><strong>consiliis</strong></span> <span class='ocrx_word' id='word_1_354' title='bbox 1211 3896 1389 3961; x_wconf 89' lang='lat' dir='ltr'><strong>hominum</strong></span> <span class='ocrx_word' id='word_1_355' title='bbox 1400 3915 1494 3979; x_wconf 85' lang='lat' dir='ltr'><strong>spem</strong></span> <span class='ocrx_word' id='word_1_356' title='bbox 1506 3918 1617 3965; x_wconf 89' lang='lat' dir='ltr'><strong>meam</strong></span> <span class='ocrx_word' id='word_1_357' title='bbox 1629 3921 1724 3986; x_wconf 83' lang='lat' dir='ltr'><strong>repo</strong></span> 
     </span>
     <span class='ocr_line' id='line_1_33' title="bbox 188 4001 1726 4089; baseline 0.003 -21"><span class='ocrx_word' id='word_1_358' title='bbox 188 4001 318 4068; x_wconf 78' lang='grc' dir='ltr'>ἐλπίδα·</span> <span class='ocrx_word' id='word_1_359' title='bbox 333 4005 371 4067; x_wconf 74' lang='grc' dir='ltr'>σί</span> <span class='ocrx_word' id='word_1_360' title='bbox 385 4003 420 4068; x_wconf 76' lang='grc' dir='ltr'>δέ</span> <span class='ocrx_word' id='word_1_361' title='bbox 443 4003 536 4088; x_wconf 87' lang='grc' dir='ltr'>μόνον</span> <span class='ocrx_word' id='word_1_362' title='bbox 558 4005 696 4088; x_wconf 74' lang='grc' dir='ltr'>ἐμαυτοῦ</span> <span class='ocrx_word' id='word_1_363' title='bbox 717 4013 847 4089; x_wconf 87' lang='grc' dir='ltr'>σωτῆρα</span> <span class='ocrx_word' id='word_1_364' title='bbox 868 4005 934 4071; x_wconf 75' lang='grc' dir='ltr'>δτι·</span> <span class='ocrx_word' id='word_1_365' title='bbox 978 4001 1042 4064; x_wconf 81' lang='lat' dir='ltr'><strong>sui.</strong></span> <span class='ocrx_word' id='word_1_366' title='bbox 1066 4002 1112 4064; x_wconf 84' lang='lat' dir='ltr'>Te</span> <span class='ocrx_word' id='word_1_367' title='bbox 1139 4017 1219 4064; x_wconf 87' lang='lat' dir='ltr'><strong>vero</strong></span> <span class='ocrx_word' id='word_1_368' title='bbox 1248 4003 1360 4066; x_wconf 86' lang='lat' dir='ltr'><strong>solum</strong></span> <span class='ocrx_word' id='word_1_369' title='bbox 1382 4005 1584 4069; x_wconf 84' lang='lat' dir='ltr'><strong>salvatorem</strong></span> <span class='ocrx_word' id='word_1_370' title='bbox 1612 4025 1726 4073; x_wconf 88' lang='lat' dir='ltr'><strong>mcum</strong></span> 
     </span>
     <span class='ocr_line' id='line_1_34' title="bbox 187 4104 1727 4194; baseline 0.003 -23"><span class='ocrx_word' id='word_1_371' title='bbox 187 4107 358 4193; x_wconf 79' lang='grc' dir='ltr'>γράφομαι,</span> <span class='ocrx_word' id='word_1_372' title='bbox 379 4109 435 4172; x_wconf 91' lang='grc' dir='ltr'>καί</span> <span class='ocrx_word' id='word_1_373' title='bbox 456 4108 544 4192; x_wconf 76' lang='grc' dir='ltr'>παρὰ</span> <span class='ocrx_word' id='word_1_374' title='bbox 565 4118 623 4174; x_wconf 83' lang='grc' dir='ltr'>σοῦ</span> <span class='ocrx_word' id='word_1_375' title='bbox 645 4108 835 4194; x_wconf 71' lang='grc' dir='ltr'>διασωθῆναι</span> <span class='ocrx_word' id='word_1_376' title='bbox 857 4108 933 4189; x_wconf 71' lang='grc' dir='ltr'>ἀξιῶ</span> <span class='ocrx_word' id='word_1_377' title='bbox 978 4104 1137 4185; x_wconf 80' lang='lat' dir='ltr'><strong>inscribo,</strong></span> <span class='ocrx_word' id='word_1_378' title='bbox 1149 4123 1212 4169; x_wconf 89' lang='lat' dir='ltr'>uec</span> <span class='ocrx_word' id='word_1_379' title='bbox 1223 4107 1290 4172; x_wconf 83' lang='lat' dir='ltr'><strong>nisi</strong></span> <span class='ocrx_word' id='word_1_380' title='bbox 1302 4125 1323 4170; x_wconf 88' lang='lat' dir='ltr'><strong>a</strong></span> <span class='ocrx_word' id='word_1_381' title='bbox 1337 4111 1517 4189; x_wconf 88' lang='lat' dir='ltr'><strong>tepostulo</strong></span> <span class='ocrx_word' id='word_1_382' title='bbox 1532 4110 1671 4176; x_wconf 89' lang='lat' dir='ltr'><strong>liberari</strong></span> <span class='ocrx_word' id='word_1_383' title='bbox 1683 4113 1727 4176; x_wconf 87' lang='lat' dir='ltr'>ab</span> 
     </span>
     <span class='ocr_line' id='line_1_35' title="bbox 186 4209 1725 4299; baseline 0.003 -23"><span class='ocrx_word' id='word_1_384' title='bbox 186 4210 226 4276; x_wconf 75' lang='grc' dir='ltr'>ἐκ</span> <span class='ocrx_word' id='word_1_385' title='bbox 240 4210 365 4276; x_wconf 78' lang='grc' dir='ltr'>πάντων</span> <span class='ocrx_word' id='word_1_386' title='bbox 379 4219 441 4276; x_wconf 78' lang='grc' dir='ltr'>τῶν</span> <span class='ocrx_word' id='word_1_387' title='bbox 455 4210 630 4277; x_wconf 82' lang='grc' dir='ltr'>διωκόντων</span> <span class='ocrx_word' id='word_1_388' title='bbox 642 4233 700 4298; x_wconf 86' lang='grc' dir='ltr'>με·</span> <span class='ocrx_word' id='word_1_389' title='bbox 715 4213 786 4278; x_wconf 91' lang='grc' dir='ltr'>οίδα</span> <span class='ocrx_word' id='word_1_390' title='bbox 800 4213 861 4299; x_wconf 77' lang='grc' dir='ltr'>γὰρ</span> <span class='ocrx_word' id='word_1_391' title='bbox 878 4234 934 4299; x_wconf 87' lang='grc' dir='ltr'>μυ-</span> <span class='ocrx_word' id='word_1_392' title='bbox 977 4209 1135 4274; x_wconf 82' lang='lat' dir='ltr'><strong>omnibus</strong></span> <span class='ocrx_word' id='word_1_393' title='bbox 1147 4211 1427 4291; x_wconf 83' lang='lat' dir='ltr'><strong>persequentibus</strong></span> <span class='ocrx_word' id='word_1_394' title='bbox 1440 4230 1505 4277; x_wconf 87' lang='lat' dir='ltr'>me.</span> <span class='ocrx_word' id='word_1_395' title='bbox 1519 4214 1641 4279; x_wconf 89' lang='lat' dir='ltr'><strong>Decem</strong></span> <span class='ocrx_word' id='word_1_396' title='bbox 1649 4218 1725 4281; x_wconf 89' lang='lat' dir='ltr'><strong>mil·</strong></span> 
     </span>
     <span class='ocr_line' id='line_1_36' title="bbox 189 4312 1725 4402; baseline 0.004 -24"><span class='ocrx_word' id='word_1_397' title='bbox 189 4312 275 4398; x_wconf 92' lang='grc' dir='ltr'>ρίους</span> <span class='ocrx_word' id='word_1_398' title='bbox 297 4316 400 4396; x_wconf 88' lang='grc' dir='ltr'>δντας,</span> <span class='ocrx_word' id='word_1_399' title='bbox 422 4317 495 4391; x_wconf 86' lang='grc' dir='ltr'>τοὺς</span> <span class='ocrx_word' id='word_1_400' title='bbox 517 4316 554 4379; x_wconf 82' lang='grc' dir='ltr'>οὐ</span> <span class='ocrx_word' id='word_1_401' title='bbox 576 4325 630 4380; x_wconf 82' lang='grc' dir='ltr'>νῦν</span> <span class='ocrx_word' id='word_1_402' title='bbox 653 4317 756 4402; x_wconf 87' lang='grc' dir='ltr'>μόνον,</span> <span class='ocrx_word' id='word_1_403' title='bbox 772 4316 857 4383; x_wconf 76' lang='grc' dir='ltr'>ἀλλὰ</span> <span class='ocrx_word' id='word_1_404' title='bbox 878 4319 932 4382; x_wconf 83' lang='grc' dir='ltr'>καί</span> <span class='ocrx_word' id='word_1_405' title='bbox 976 4314 1025 4377; x_wconf 83' lang='lat' dir='ltr'>lia</span> <span class='ocrx_word' id='word_1_406' title='bbox 1039 4314 1108 4377; x_wconf 88' lang='lat' dir='ltr'><strong>vidi</strong></span> <span class='ocrx_word' id='word_1_407' title='bbox 1134 4315 1295 4394; x_wconf 85' lang='lat' dir='ltr'><strong>hostium,</strong></span> <span class='ocrx_word' id='word_1_408' title='bbox 1317 4317 1378 4396; x_wconf 91' lang='lat' dir='ltr'>qui</span> <span class='ocrx_word' id='word_1_409' title='bbox 1400 4333 1468 4380; x_wconf 85' lang='lat' dir='ltr'>non</span> <span class='ocrx_word' id='word_1_410' title='bbox 1490 4320 1600 4382; x_wconf 85' lang='lat' dir='ltr'><strong>solnm</strong></span> <span class='ocrx_word' id='word_1_411' title='bbox 1622 4338 1725 4400; x_wconf 88' lang='lat' dir='ltr'><strong>nunc,</strong></span> 
     </span>
     <span class='ocr_line' id='line_1_37' title="bbox 190 4416 1723 4506; baseline 0.003 -23"><span class='ocrx_word' id='word_1_412' title='bbox 190 4417 243 4483; x_wconf 78' lang='grc' dir='ltr'>διὰ</span> <span class='ocrx_word' id='word_1_413' title='bbox 264 4416 380 4494; x_wconf 76' lang='grc' dir='ltr'>παντὸς</span> <span class='ocrx_word' id='word_1_414' title='bbox 396 4438 434 4504; x_wconf 86' lang='grc' dir='ltr'>με</span> <span class='ocrx_word' id='word_1_415' title='bbox 448 4417 682 4503; x_wconf 76' lang='grc' dir='ltr'>πολεμοῦντας·</span> <span class='ocrx_word' id='word_1_416' title='bbox 704 4420 742 4484; x_wconf 83' lang='grc' dir='ltr'>οδ</span> <span class='ocrx_word' id='word_1_417' title='bbox 755 4421 817 4506; x_wconf 86' lang='grc' dir='ltr'>γδιρ</span> <span class='ocrx_word' id='word_1_418' title='bbox 840 4421 934 4506; x_wconf 85' lang='grc' dir='ltr'>μόνον</span> <span class='ocrx_word' id='word_1_419' title='bbox 977 4417 1337 4500; x_wconf 86' lang='lat' dir='ltr'><strong>sedomuiintempore</strong></span> <span class='ocrx_word' id='word_1_420' title='bbox 1349 4420 1433 4484; x_wconf 91' lang='lat' dir='ltr'><strong>mihi</strong></span> <span class='ocrx_word' id='word_1_421' title='bbox 1445 4421 1573 4485; x_wconf 89' lang='lat' dir='ltr'><strong>bellum</strong></span> <span class='ocrx_word' id='word_1_422' title='bbox 1586 4428 1723 4502; x_wconf 77' lang='lat' dir='ltr'><strong>gerunt.</strong></span> 
     </span>
     <span class='ocr_line' id='line_1_38' title="bbox 192 4521 1726 4608; baseline 0.003 -20"><span class='ocrx_word' id='word_1_423' title='bbox 192 4523 243 4588; x_wconf 84' lang='grc' dir='ltr'>έπί</span> <span class='ocrx_word' id='word_1_424' title='bbox 265 4532 321 4588; x_wconf 84' lang='grc' dir='ltr'>τοῦ</span> <span class='ocrx_word' id='word_1_425' title='bbox 338 4521 492 4607; x_wconf 84' lang='grc' dir='ltr'>παρόντος</span> <span class='ocrx_word' id='word_1_426' title='bbox 514 4525 568 4586; x_wconf 82' lang='grc' dir='ltr'>τὸν</span> <span class='ocrx_word' id='word_1_427' title='bbox 591 4521 667 4608; x_wconf 82' lang='grc' dir='ltr'>έμδν</span> <span class='ocrx_word' id='word_1_428' title='bbox 689 4522 764 4603; x_wconf 87' lang='grc' dir='ltr'>υίδν,</span> <span class='ocrx_word' id='word_1_429' title='bbox 787 4524 860 4589; x_wconf 72' lang='grc' dir='ltr'>οὐδὲ</span> <span class='ocrx_word' id='word_1_430' title='bbox 881 4527 935 4590; x_wconf 76' lang='grc' dir='ltr'>τίν</span> <span class='ocrx_word' id='word_1_431' title='bbox 979 4523 1095 4604; x_wconf 83' lang='lat' dir='ltr'><strong>Neque</strong></span> <span class='ocrx_word' id='word_1_432' title='bbox 1107 4525 1198 4587; x_wconf 90' lang='lat' dir='ltr'><strong>enim</strong></span> <span class='ocrx_word' id='word_1_433' title='bbox 1209 4524 1388 4587; x_wconf 83' lang='lat' dir='ltr'><strong>dumtaxat</strong></span> <span class='ocrx_word' id='word_1_434' title='bbox 1403 4542 1494 4588; x_wconf 86' lang='lat' dir='ltr'><strong>nunc</strong></span> <span class='ocrx_word' id='word_1_435' title='bbox 1505 4527 1606 4591; x_wconf 88' lang='lat' dir='ltr'><strong>video</strong></span> <span class='ocrx_word' id='word_1_436' title='bbox 1615 4527 1726 4592; x_wconf 90' lang='lat' dir='ltr'><strong>filium</strong></span> 
     </span>
     <span class='ocr_line' id='line_1_39' title="bbox 191 4623 1787 4711; baseline -0.002 -20"><span class='ocrx_word' id='word_1_437' title='bbox 191 4634 299 4692; x_wconf 83' lang='grc' dir='ltr'>κακῶν</span> <span class='ocrx_word' id='word_1_438' title='bbox 322 4623 478 4711; x_wconf 80' lang='grc' dir='ltr'>σθμθολσν</span> <span class='ocrx_word' id='word_1_439' title='bbox 501 4624 683 4710; x_wconf 84' lang='grc' dir='ltr'>Ἀχιτόφελ,</span> <span class='ocrx_word' id='word_1_440' title='bbox 705 4625 791 4691; x_wconf 76' lang='grc' dir='ltr'>ἀλλὰ</span> <span class='ocrx_word' id='word_1_441' title='bbox 808 4629 863 4691; x_wconf 82' lang='grc' dir='ltr'>καί</span> <span class='ocrx_word' id='word_1_442' title='bbox 877 4627 936 4692; x_wconf 83' lang='grc' dir='ltr'>πά-</span> <span class='ocrx_word' id='word_1_443' title='bbox 980 4628 1279 4707; x_wconf 84' lang='lat' dir='ltr'><strong>meum,autillam</strong></span> <span class='ocrx_word' id='word_1_444' title='bbox 1290 4629 1521 4692; x_wconf 75' lang='lat' dir='ltr'><strong>calamitatum</strong></span> <span class='ocrx_word' id='word_1_445' title='bbox 1534 4631 1726 4710; x_wconf 89' lang='lat' dir='ltr'><strong>colluviem,</strong></span> <span class='ocrx_word' id='word_1_446' title='bbox 1784 4681 1787 4688; x_wconf 85' lang='lat'><em>.</em></span> 
     </span>
     <span class='ocr_line' id='line_1_40' title="bbox 191 4727 1730 4815; baseline 0.003 -21"><span class='ocrx_word' id='word_1_447' title='bbox 191 4729 245 4794; x_wconf 90' lang='grc' dir='ltr'>λαι</span> <span class='ocrx_word' id='word_1_448' title='bbox 267 4729 418 4815; x_wconf 80' lang='grc' dir='ltr'>πρότερον</span> <span class='ocrx_word' id='word_1_449' title='bbox 441 4730 479 4794; x_wconf 78' lang='grc' dir='ltr'>ἐκ</span> <span class='ocrx_word' id='word_1_450' title='bbox 500 4728 573 4806; x_wconf 82' lang='grc' dir='ltr'>νέας</span> <span class='ocrx_word' id='word_1_451' title='bbox 598 4727 725 4814; x_wconf 78' lang='grc' dir='ltr'>ἡλικίας</span> <span class='ocrx_word' id='word_1_452' title='bbox 751 4732 805 4794; x_wconf 88' lang='grc' dir='ltr'>τδν</span> <span class='ocrx_word' id='word_1_453' title='bbox 832 4730 939 4798; x_wconf 86' lang='grc' dir='ltr'>Σαοὺλ</span> <span class='ocrx_word' id='word_1_454' title='bbox 982 4731 1192 4812; x_wconf 80' lang='lat' dir='ltr'><strong>Aehitophe13</strong></span> <span class='ocrx_word' id='word_1_455' title='bbox 1201 4736 1262 4794; x_wconf 87' lang='lat' dir='ltr'>aut</span> <span class='ocrx_word' id='word_1_456' title='bbox 1272 4733 1462 4813; x_wconf 91' lang='lat' dir='ltr'><strong>quemolim</strong></span> <span class='ocrx_word' id='word_1_457' title='bbox 1471 4734 1617 4813; x_wconf 89' lang='lat' dir='ltr'><strong>primum</strong></span> <span class='ocrx_word' id='word_1_458' title='bbox 1631 4734 1730 4815; x_wconf 86' lang='lat' dir='ltr'><strong>inju-</strong></span> 
     </span>
     <span class='ocr_line' id='line_1_41' title="bbox 192 4832 1729 4921; baseline 0.004 -22"><span class='ocrx_word' id='word_1_459' title='bbox 192 4835 249 4900; x_wconf 82' lang='grc' dir='ltr'>καί</span> <span class='ocrx_word' id='word_1_460' title='bbox 271 4832 396 4920; x_wconf 80' lang='grc' dir='ltr'>μυρίους</span> <span class='ocrx_word' id='word_1_461' title='bbox 419 4833 535 4911; x_wconf 76' lang='grc' dir='ltr'>ἄλλους</span> <span class='ocrx_word' id='word_1_462' title='bbox 557 4834 595 4899; x_wconf 83' lang='grc' dir='ltr'>οδ</span> <span class='ocrx_word' id='word_1_463' title='bbox 616 4835 690 4912; x_wconf 85' lang='grc' dir='ltr'>τοὺς</span> <span class='ocrx_word' id='word_1_464' title='bbox 711 4833 745 4900; x_wconf 82' lang='grc' dir='ltr'>έν</span> <span class='ocrx_word' id='word_1_465' title='bbox 767 4833 939 4921; x_wconf 73' lang='grc' dir='ltr'>ἀνθρώποις</span> <span class='ocrx_word' id='word_1_466' title='bbox 983 4839 1122 4899; x_wconf 83' lang='lat' dir='ltr'><strong>veutute</strong></span> <span class='ocrx_word' id='word_1_467' title='bbox 1133 4836 1264 4900; x_wconf 86' lang='lat' dir='ltr'><strong>hostem</strong></span> <span class='ocrx_word' id='word_1_468' title='bbox 1277 4835 1381 4899; x_wconf 92' lang='lat' dir='ltr'><strong>habui</strong></span> <span class='ocrx_word' id='word_1_469' title='bbox 1393 4837 1540 4917; x_wconf 81' lang='lat' dir='ltr'><strong>saniem,</strong></span> <span class='ocrx_word' id='word_1_470' title='bbox 1549 4842 1583 4901; x_wconf 88' lang='lat' dir='ltr'>et</span> <span class='ocrx_word' id='word_1_471' title='bbox 1593 4857 1729 4904; x_wconf 73' lang='lat' dir='ltr'><strong>senceu-</strong></span> 
     </span>
    </p>
   </div>
   <div class='ocr_carea' id='block_1_5' title="bbox 195 5021 1740 5204">
    <p class='ocr_par' dir='ltr' id='par_1_7' title="bbox 195 5021 1740 5204">
     <span class='ocr_line' id='line_1_42' title="bbox 227 5021 1740 5115; baseline -0.003 -16"><span class='ocrx_word' id='word_1_472' title='bbox 227 5043 277 5099; x_wconf 72' lang='lat' dir='ltr'>rs.</span> <span class='ocrx_word' id='word_1_473' title='bbox 291 5043 417 5114; x_wconf 65' lang='lat' dir='ltr'><strong>vnvm,</strong></span> <span class='ocrx_word' id='word_1_474' title='bbox 429 5043 456 5098; x_wconf 89' lang='lat' dir='ltr'>a.</span> <span class='ocrx_word' id='word_1_475' title='bbox 469 5041 787 5113; x_wconf 60' lang='lat' dir='ltr'><strong>veneratorem.</strong></span> <span class='ocrx_word' id='word_1_476' title='bbox 800 5044 862 5115; x_wconf 69' lang='lat' dir='ltr'>ve.</span> <span class='ocrx_word' id='word_1_477' title='bbox 875 5044 945 5103; x_wconf 70' lang='lat' dir='ltr'>ror·</span> <span class='ocrx_word' id='word_1_478' title='bbox 990 5021 1110 5080; x_wconf 69' lang='lat' dir='ltr'><strong>suasu</strong></span> <span class='ocrx_word' id='word_1_479' title='bbox 1128 5021 1287 5096; x_wconf 60' lang='lat' dir='ltr'><strong>quaquam</strong></span> <span class='ocrx_word' id='word_1_480' title='bbox 1304 5021 1437 5080; x_wconf 62' lang='lat' dir='ltr'><strong>meuc</strong></span> <span class='ocrx_word' id='word_1_481' title='bbox 1455 5023 1568 5083; x_wconf 73' lang='lat' dir='ltr'><strong>(lons-1</strong></span> <span class='ocrx_word' id='word_1_482' title='bbox 1587 5025 1653 5083; x_wconf 76' lang='lat' dir='ltr'>Gor·</span> <span class='ocrx_word' id='word_1_483' title='bbox 1667 5041 1699 5099; x_wconf 82' lang='grc' dir='ltr'>ιι.</span> <span class='ocrx_word' id='word_1_484' title='bbox 1711 5029 1740 5084; x_wconf 75' lang='lat'>⁶·</span> 
     </span>
     <span class='ocr_line' id='line_1_43' title="bbox 195 5110 1403 5204; baseline -0.002 -18"><span class='ocrx_word' id='word_1_485' title='bbox 195 5129 240 5202; x_wconf 75' lang='lat' dir='ltr'>git</span> <span class='ocrx_word' id='word_1_486' title='bbox 252 5128 398 5186; x_wconf 83' lang='lat' dir='ltr'><strong>editorum</strong></span> <span class='ocrx_word' id='word_1_487' title='bbox 419 5129 538 5204; x_wconf 76' lang='lat' dir='ltr'><strong>eopiosa</strong></span> <span class='ocrx_word' id='word_1_488' title='bbox 550 5132 663 5202; x_wconf 70' lang='grc' dir='ltr'>αὔξησις,</span> <span class='ocrx_word' id='word_1_489' title='bbox 685 5147 779 5202; x_wconf 82' lang='lat' dir='ltr'><strong>neque</strong></span> <span class='ocrx_word' id='word_1_490' title='bbox 795 5130 832 5188; x_wconf 76' lang='lat' dir='ltr'>ab</span> <span class='ocrx_word' id='word_1_491' title='bbox 849 5130 948 5190; x_wconf 82' lang='lat' dir='ltr'><strong>indole</strong></span> <span class='ocrx_word' id='word_1_492' title='bbox 992 5112 1098 5186; x_wconf 61' lang='lat' dir='ltr'>nillm·</span> <span class='ocrx_word' id='word_1_493' title='bbox 1113 5127 1152 5184; x_wconf 74' lang='lat' dir='ltr'>Vb</span> <span class='ocrx_word' id='word_1_494' title='bbox 1166 5110 1323 5168; x_wconf 58' lang='lat'>1219021·</span> <span class='ocrx_word' id='word_1_495' title='bbox 1337 5128 1366 5184; x_wconf 68' lang='lat' dir='ltr'>Va</span> <span class='ocrx_word' id='word_1_496' title='bbox 1377 5112 1403 5168; x_wconf 79' lang='lat'>⁸·</span> 
     </span>
    </p>
   </div>
   <div class='ocr_carea' id='block_1_6' title="bbox 0 0 2026 6100">
    <p class='ocr_par' dir='ltr' id='par_1_8' title="bbox 0 0 2026 6100">
     <span class='ocr_line' id='line_1_44' title="bbox 0 0 2026 6100; baseline 0 0"><span class='ocrx_word' id='word_1_497' title='bbox 0 0 2026 6100; x_wconf 95' lang='lat' dir='ltr'> </span> 
     </span>
    </p>
   </div>
  </div>
 </body>
</html>
