4020 6098
759 411 801 474 IN
824 411 1025 476 Psltuoll
1047 409 1192 476 oxvssl‘
1671 411 1736 474 aot

198 555 254 621 rod
279 556 315 620 τδ
335 551 455 620 ἄνωθεν
475 548 615 617 δίδοσθαι
643 551 703 636 τὴν
725 551 777 616 ἐπὶ
801 558 866 628 τοῖς
887 571 945 615 αα·
988 553 1184 635 pendamus,
1208 555 1343 620 interim
1367 553 1410 618 ad
1431 554 1540 618 Deum
1561 551 1685 618 referre
1709 553 1738 618 i·

199 656 414 744 τορθοομένοις
436 654 593 722 estanar.
624 651 697 720 Ἐπὶ
723 655 773 720 ool
803 653 837 720 tt
859 655 944 719 ἐστιν
988 658 1083 738 psius
1109 657 1373 737 benignitatem,
1404 673 1656 738 supernumque
1678 657 1734 721 do-

197 763 219 848 ἡ
244 761 407 848 σονέργεια
429 771 485 824 τοῦ
508 759 638 844 ἀγαθοῦ,
665 760 720 822 καὶ
740 757 761 843 ἡ
785 768 842 843 τῆς
866 777 943 842 μοχ·
988 777 1081 840 num,
1104 777 1172 841 quo
1186 761 1229 824 od
1243 764 1374 824 rectum
1390 763 1454 824 iter
1479 761 1537 822 via
1558 759 1730 838 dirigitur.

197 863 309 951 Θηρίας
335 863 684 948 &compromisissent
703 862 845 927 ἀπὸτοῦ
860 859 944 927 Θεοῦ
988 863 1038 926 Ad
1054 868 1087 926 te
1102 869 1216 926 autem
1239 869 1367 945 spectet
1399 865 1588 944 cooperatio
1610 864 1653 928 ad
1678 864 1735 926 bo·

197 969 334 1054 αἰτῶμεν
347 965 500 1054 ,γενέσθαι
513 963 589 1052 ἡμῖν
611 966 691 1051 μετὰ
705 973 761 1030 τοῦ
784 961 945 1048 misisse·
988 985 1071 1031 num
1087 971 1121 1030 et
1135 970 1310 1032 conversio
1325 968 1368 1030 ab
1383 967 1607 1049 improbitate,
1630 969 1678 1030 ita
1694 972 1734 1031 ut

198 1091 264 1156 ρειν
285 1071 326 1136 τὰ
347 1070 398 1156 ἆρ’
408 1067 493 1155 ἡμῖν,
516 1070 572 1133 οιαὶ
588 1071 668 1132 οὕτω
682 1069 740 1144 τὰς
762 1071 840 1152 πρὸς
864 1066 945 1134 Θιὸν
988 1089 1063 1152 qum
1077 1073 1139 1136 Dei
1150 1077 1232 1136 sunt
1245 1075 1454 1154 postulemus
1470 1072 1614 1138 conferri
1626 1073 1733 1153 nobis,

196 1173 356 1259 συνθήκας
372 1175 432 1239 οὐκ
445 1170 662 1257 assessorum.
676 1210 718 1222 -
732 1171 880 1257 Τρίῦοςή
897 1191 945 1237 τι·
988 1193 1142 1241 unacum
1150 1179 1260 1258 operis
1269 1178 1376 1242 nostri
1385 1177 1601 1258 adminiculo,
1618 1177 1735 1257 sicque

197 1277 349 1366 τριρμένη
373 1278 454 1359 sau,
470 1277 510 1362 ἣν
532 1276 643 1342 πολλοὶ
658 1285 719 1344 τῶν
741 1274 869 1342 διταίιιν
883 1277 945 1360 πρὸ
987 1281 1118 1343 sancita
1132 1297 1210 1344 cum
1225 1282 1294 1344 Deo
1314 1281 1449 1345 foedera
1464 1298 1532 1346 non
1548 1281 1733 1346 contemni·

197 1381 288 1468 ἡμῶν
320 1380 544 1466 ἐπορεύθησαν,
583 1383 662 1466 τρδς
690 1379 731 1464 ἣν
756 1379 945 1464 δδηγοῦντος
988 1399 1076 1448 mus.
1089 1417 1134 1432 -1
1146 1387 1272 1457 semita
1288 1391 1339 1450 est
1353 1387 1512 1468 viatrita,
1529 1404 1631 1467 quam
1647 1387 1735 1450 mul·

198 1484 291 1572 χριῑα
306 1485 399 1554 Θεοῦ.
416 1485 555 1570 Χριστοῦ
570 1487 632 1570 γὰρ
643 1485 728 1571 ἡμᾶς
739 1485 789 1550 δεῖ
800 1483 946 1570 γενέσθαι
989 1489 1015 1552 ti
1027 1485 1198 1566 justorum
1213 1494 1291 1552 onte
1306 1507 1366 1554 nos
1382 1495 1613 1571 perrexerunt,
1629 1507 1733 1572 quom

200 1593 345 1677 μιμητὰς,
368 1591 424 1655 καὶ
446 1589 544 1675 αἴρειν
558 1592 612 1656 τδν
632 1591 775 1676 σταυρὸν,
791 1590 847 1654 καὶ
869 1589 944 1654 ἀνιο-
989 1591 1238 1655 intereundum
1250 1593 1319 1656 Deo
1331 1592 1514 1676 duceopus
1526 1599 1587 1658 est.
1599 1595 1735 1660 Etenim

199 1691 321 1762 λουθεῖν
335 1692 434 1762 διοίσει
448 1695 560 1761 αὐτοῦ.
989 1698 1120 1774 oportet
1133 1711 1194 1758 nos
1209 1713 1287 1760 esser
1297 1695 1421 1760 Christi
1437 1698 1634 1777 imitatores,
1656 1716 1732 1762 orus

988 1815 1128 1878 cemque
1140 1799 1268 1878 tollere,
1281 1803 1315 1861 et
1326 1798 1355 1879 ej
1360 1817 1399 1863 us
1412 1818 1562 1882 premere
1575 1801 1731 1880 vestigia.

242 1920 276 1966 v.·
299 1903 351 1966 36.
373 1897 490 1966 Κλδνον
511 1903 570 1988 τὴν
595 1899 729 1987 καρδίαν
757 1923 825 1988 μου.
838 1904 883 1984 εἰς
905 1907 946 1972 τὰ
1032 1918 1064 1963 ν.
1081 1903 1133 1964 36.
1147 1902 1278 1968 leelina
1291 1919 1345 1968 eor
1365 1921 1470 1968 mecm
1484 1905 1522 1969 ic
1547 1905 1733 1970 testimon

204 2003 357 2089 μαρτύριά
372 2025 438 2087 σου,
454 2006 509 2070 οιαὶ
525 2007 568 2092 μὴ
584 2005 628 2082 εἰς
643 2003 835 2085 πλεονεξίαν.
932 2035 934 2040 ·
989 2008 1056 2084 tec,
1075 2009 1107 2069 et
1120 2005 1235 2070 oottt'tt
1248 2008 1469 2091 ocentiam„

243 2108 294 2175 Τδι
315 2112 377 2195 γὰρ
400 2109 554 2197 μαρτύρια
570 2122 627 2176 τοῦ
643 2109 726 2177 Θεοῦ
741 2112 778 2176 οὐ
793 2113 944 2201 pilam.
1031 2111 1116 2172 Nam
1138 2110 1200 2172 Dei
1222 2112 1418 2175 testimonia
1444 2128 1511 2175 nou
1535 2112 1679 2177 suadent
1700 2130 1735 2174 a·
1826 2147 1828 2150 -

197 2209 269 2296 ρίαν
290 2211 440 2296 διδάσκει,
463 2211 618 2299 λέγοντα·
644 2212 713 2280 Ota
743 2215 945 2304 ἐπιθυμήσεις
988 2229 1116 2276 morem
1130 2211 1338 2294 divitiarum,
1360 2231 1439 2278 cum
1462 2215 1594 2280 dicent:
1629 2215 1736 2279 «Non

200 2314 269 2379 κτλ.
627 2323 629 2328 ’
988 2319 1204 2398 concupisces
1219 2323 1282 2381 ete.
1298 2339 1315 2378 a

241 2440 273 2484 v.
290 2423 342 2486 37.
357 2419 412 2486 Ἐν
427 2431 466 2507 τῇ
481 2421 555 2487 δδοῦ
570 2444 626 2488 οοιι
642 2422 740 2509 (lictu
756 2445 805 2510 με.
820 2465 822 2475 ·
1031 2440 1063 2484 v.
1080 2423 1191 2486 sala
1203 2421 1259 2486 οιίο
1273 2426 1333 2487 tto
1346 2422 1477 2505 metrica
1489 2440 1549 2488 ινιτ.

242 2522 326 2608 Ἐγώ
342 2523 413 2611 εἰμι,
429 2528 534 2611 φησιν,
550 2524 572 2611 ἡ
588 2527 668 2622 δδδς,
684 2528 719 2592 ὲν
733 2537 798 2606 τοῖς
813 2527 944 2617 εὐαγγε-
1034 2528 1140 2606 «Ego
1155 2546 1231 2592 sum
1248 2529 1304 2592 via
1317 2548 1347 2607 ν,
1370 2529 1483 2609 inquit
1508 2529 1672 2592 Dominus
1697 2527 1735 2590 in

199 2623 278 2704 λὶοις
292 2626 418 2713 Κύριος.
988 2633 1189 2712 evangeliis.

243 2749 275 2795 v.
292 2733 344 2798 39.
362 2731 491 2817 Περίελε
514 2733 567 2800 τὸν
588 2733 761 2821 ὀνειδισμὸν
784 2757 844 2823 μου
863 2739 897 2804 δν
912 2739 945 2805 ῦ-
1033 2755 1064 2800 ν.
1082 2738 1133 2800 39.
1148 2733 1256 2818 Auser
1280 2735 1482 2818 opprobrium
1506 2751 1634 2814 mecm„
1650 2733 1735 2815 quod

158 2891 164 2900 .
202 2831 385 2917 πιίιπτιυοα,
402 2834 449 2900 δτι
463 2837 503 2902 τὰ
517 2836 655 2922 κρίματα
670 2859 727 2904 σου
741 2840 878 2924 χρηστά.
986 2839 1265 2922 respicecerem,
1285 2839 1500 2922 qaiojttdict'o
1515 2837 1734 2918 trajecimus.

243 2937 283 3004 m
304 2939 432 3023 χρηστά
458 2939 524 3005 ἐστι
549 2941 590 3006 τὰ
611 2941 749 3027 κρίματα
771 2953 828 3007 τοῦ
849 2942 943 3028 Θεοῦ,
1032 2945 1068 3008 Si
1089 2941 1244 3023 jucunda
1259 2946 1340 3006 sunt
1354 2945 1415 3007 Dei
1427 2943 1566 3022 judicia,
1584 2959 1736 3022 qumren-

201 3042 419 3128 χρηστότητος
434 3045 575 3128 καρποὺς
597 3043 761 3130 ζητητέον.
776 3045 901 3131 Νδηοαι
915 3047 945 3112 δ·
989 3049 1069 3112 dum
1082 3048 1141 3128 qui
1152 3048 1221 3111 sint
1232 3047 1363 3112 fruetus
1382 3046 1617 3126 Jucunditotis.
1630 3046 1733 3108 Intel-

198 3146 233 3209 πὶ
247 3145 367 3222 πάντας
380 3148 455 3224 τοὺς
468 3146 678 3232 κρινομένους,
694 3151 755 3214 κᾶν
774 3151 944 3238 τιιιιρότιρά
988 3153 1060 3232 lige
1083 3151 1181 3228 ,circa
1206 3167 1322 3215 omnes
1345 3149 1475 3230 judicio
1496 3148 1674 3229 subjectos,
1703 3166 1735 3211 e·

199 3269 260 3314 τιοι
274 3249 326 3315 διὰ
340 3259 398 3335 της
413 3249 566 3336 ἁμαρτίας
580 3249 714 3340 ἀπαντᾷ.
825 3281 835 3322 ,·
912 3285 914 3292 >
987 3256 1102 3320 tiamsi
1116 3255 1300 3334 nonnullis,
1314 3259 1449 3335 propter
1460 3258 1607 3336 peccata,
1619 3253 1737 3332 alimru

291 3422 298 3436 .
988 3360 1160 3424 acerbiora
1175 3363 1364 3424 occurrant.
1462 3403 1463 3410 1

243 3476 275 3520 τ.
290 3459 343 3523 40.
359 3455 442 3522 Ἰδοὺ
457 3457 643 3545 δτιθῦρησιι
655 3461 714 3537 τδις
728 3459 859 3540 ἐντολάς
875 3483 943 3548 σου,
1032 3482 1064 3528 v.
1079 3465 1132 3526 40.
1147 3465 1226 3530 Ecce
1241 3463 1405 3543 οοιιοιιριοι·
1430 3461 1582 3526 madata
1596 3466 1665 3540 tuo,
1698 3461 1736 3526 ιἰι

198 3560 232 3627 ἰν
248 3569 285 3645 τῇ
301 3560 481 3647 δικαιοσύνῃ
498 3584 554 3628 σου
571 3563 669 3647 (dedu
685 3585 733 3650 ριι.
756 3594 758 3603 ¹
980 3567 1190 3648 justititiae
1202 3566 1333 3650 sinistro
1346 3583 1405 3630 ore.

243 3664 333 3732 Ἐττιὶ
347 3663 541 3750 ἐπεθύμησα,
557 3669 644 3752 φησι,
660 3669 716 3746 τὰς
731 3668 861 3748 lutolde
875 3690 943 3756 οου,
1033 3671 1208 3750 Quoniam,
1239 3671 1361 3751 inquit,
1392 3670 1557 3750 concupiti
1575 3673 1736 3752 precepta

244 3846 436 3908 Ausnosms
451 3845 487 3908 ιἰι
501 3861 530 3907 ο.
548 3848 600 3910 39.
613 3848 647 3912 si
663 3846 776 3912 dulcia
787 3852 868 3912 sunt
879 3850 945 3927 igi·
989 3854 1063 3913 tum
1091 3847 1191 3911 tertio
1221 3844 1375 3925 subjicit:
1404 3845 1583 3924 demendum
1604 3837 1734 3909 terbum

199 3936 257 3996 tur
273 3931 412 4012 ¹judicia
441 3934 587 4014 Domini,
603 3936 783 4014 suavitatis
813 3936 944 4002 fructus
990 3935 1090 4016 tuum,
1107 3939 1146 3999 ut
1161 3935 1251 4000 hanc
1266 3935 1385 3998 orandi
1397 3934 1556 3998 fiduciam
1565 3933 1734 4015 proficisci

200 4022 372 4102 percipere
389 4020 609 4087 elaboremus.
989 4024 1175 4089 seeundum
1192 4024 1333 4087 verbum
1351 4024 1422 4102 Dei,
1439 4023 1471 4086 id
1485 4029 1536 4086 est
1547 4022 1732 4086 secundum

243 4109 404 4174 Hmsnws
433 4109 471 4172 ιἰι
484 4129 513 4174 ο.
530 4113 583 4190 40,
610 4112 663 4174 41.
680 4113 942 4178 Miseritordiom
988 4112 1175 4178 doctrinam
1194 4113 1283 4191 legis
1298 4113 1489 4176 ostenderet
1552 4113 1597 4190 Si,
1611 4112 1734 4190 inquit,

199 4197 313 4278 imque
339 4198 484 4278 primam
510 4199 711 4280 deprecatus
739 4207 800 4282 est,
820 4201 942 4267 dehinc
985 4202 1028 4266 de
1042 4207 1075 4265 te
1088 4202 1184 4266 fuero
1197 4200 1463 4265 misericordiam
1476 4204 1687 4278 consecutus,
1701 4204 1737 4262 et

197 4287 358 4350 salutare.
374 4287 472 4350 Salus
488 4289 578 4351 enim
609 4294 725 4352 nostra
745 4308 787 4354 ex
814 4291 944 4355 miseri·
986 4309 1009 4358 ,ο
1023 4297 1057 4358 te
1073 4297 1305 4369 conservatus,
1330 4294 1369 4352 ut
1384 4289 1605 4371 spopondisti,
1621 4304 1735 4352 conse·

197 4374 312 4439 cordia
324 4375 386 4438 Dei
397 4376 509 4438 ostili
522 4378 600 4442 inde
611 4379 714 4460 coepit
725 4380 841 4459 oratio,
852 4380 942 4446 unde
988 4398 1096 4462 quens
1113 4381 1189 4460 erit,
1209 4384 1248 4442 ut
1263 4379 1316 4442 his
1329 4379 1387 4459 qui
1401 4378 1632 4460 insipientiam
1649 4375 1735 4440 mihi

197 4470 232 4527 et
248 4464 340 4528 salus
356 4462 493 4527 inchoet
508 4465 730 4547 deprecantis.
753 4468 883 4532 Dehinc
900 4487 942 4534 ne
988 4472 1022 4532 et
1037 4486 1186 4534 errorem
1205 4469 1278 4550 spei
1302 4472 1335 4528 et
1350 4466 1491 4529 verbum
1508 4465 1572 4528 hoc
1588 4463 1678 4546 quod
1697 4465 1733 4527 in

196 4569 239 4614 ex
270 4551 399 4615 incerta
415 4557 448 4616 et
464 4570 505 4615 ex
532 4554 707 4636 inopinate
723 4573 781 4635 spe
811 4559 942 4638 precari
986 4561 1020 4621 te
1035 4573 1142 4639 spero,
1158 4555 1372 4637 exprobrant,
1388 4555 1613 4636 respondeam
1701 4557 1734 4614 et

192 4640 360 4722 propheta
377 4641 637 4723 existimaretur,
649 4643 797 4723 primum
813 4645 943 4710 miseri·
987 4643 1139 4709 doctrina
1153 4644 1225 4707 haeo
1247 4645 1319 4724 spei
1334 4649 1456 4706 nostre
1479 4643 1537 4721 sit,
1554 4646 1593 4704 ut
1617 4645 1732 4704 oratus

195 4729 356 4808 cordiam,
380 4727 501 4794 dehinc
524 4732 672 4795 salutare
692 4737 940 4815 commemorat,
985 4739 1021 4796 et
1034 4735 1236 4797 misereatur
1251 4738 1285 4795 et
1300 4733 1419 4794 solvet.

232 4876 260 4915 v.
273 4859 316 4914 36.
328 4859 396 4916 Vct.
409 4858 434 4914 5.
446 4859 552 4916 Matth.
565 4875 594 4930 v,
606 4861 650 4916 28.
985 4879 1071 4918 suum
1094 4861 1261 4933 Didymum,
1282 4878 1342 4916 non
1365 4859 1428 4916 sina
1446 4860 1561 4930 mendo,
1586 4878 1655 4916 nem
1678 4877 1732 4932 pro

229 4963 258 5003 τ.
270 4945 313 5020 33.
326 4945 393 5004 Vct
406 4947 432 5002 5.
444 4947 467 5004 J
467 4947 587 5018 pennu,
599 4948 626 5004 6.
982 4953 1117 5018 δριοιιιιῦς
1126 4947 1208 5018 legit,
1221 4945 1382 5018 etquidem
1390 4951 1424 5002 ut
1436 4945 1529 5004 codex
1541 4951 1650 5018 noster,
1663 4951 1733 5014 cipr-

230 5031 433 5091 noemae.
531 5029 574 5063 ³⁴¹*
983 5041 1072 5105 τοιῦς,
1094 5039 1125 5091 st
1144 5033 1231 5108 paulo
1253 5038 1320 5107 post
1337 5035 1497 5090 διατιῦῦντοι.
1521 5032 1634 5092 Ultima
1653 5031 1735 5092 idem

232 5135 259 5174 ν.
277 5117 320 5172 40.
342 5118 409 5175 Vct.
432 5120 482 5178 10.Ι
496 5119 639 5193 Pleraque
652 5121 776 5196 recepit,
787 5122 885 5182 Maius
907 5123 940 5180 in
982 5139 1044 5182 non
1054 5119 1200 5197 haletin
1213 5119 1368 5180 mamm.
1382 5119 1406 5192 1,
1420 5119 1463 5179 17.
1562 5177 1564 5183 .
