4036 6090
323 394 384 455 rso
994 400 1203 465 omouuns
1315 389 1320 402 '

312 540 447 625 χρῆται,
464 535 516 600 ἵνα
526 535 584 620 τὴν
596 533 746 620 ἀλήθειαν
759 545 815 600 τοῦ
826 535 998 622 λεγομένου
1012 557 1072 623 μη·
1115 558 1266 623 namque
1289 545 1491 628 apostrophe
1514 549 1622 612 utitur
1638 550 1681 613 ad
1697 551 1867 614 inculcan-

319 636 413 720 νόσῳ·
428 635 568 722 ἐπιφέρει
585 639 648 723 γὰρ
667 636 709 715 ὡς
725 641 803 724 πρός
817 640 913 704 αὐτόν
928 637 1071 724 διαλεγό-
1115 643 1193 708 dam
1217 650 1383 711 sermonis
1415 651 1619 715 verita-tem.
1637 655 1760 717 Inserit
1774 656 1866 718 enim

320 760 431 825 μενος·
1115 747 1178 811 hoo
1191 751 1425 817 velutiDeum
1442 755 1629 820 allocutus:

361 864 393 908 v.
414 846 445 910 9.
468 844 577 929 Κύριε,
601 844 619 909 δ
642 843 722 922 Θεὸς
744 854 807 910 τῶν
829 846 1001 932 δυνάμεων,
1025 844 1071 923 τίς
1117 915 1119 920 A
1158 872 1190 915 v.
1208 857 1237 917 9.
1253 857 1398 937 Domita,
1424 860 1514 924 Deus
1528 860 1698 940 virtutum,
1724 862 1799 943 quis
1821 863 1868 926 si·

318 945 423 1034 όμοιός
439 969 505 1033 σοις
522 949 652 1026 δυνατός
664 948 702 1030 εἰ,
714 947 823 1033 Κύριε,
835 950 890 1014 καὶ
902 949 923 1034 ἡ
936 947 1071 1032 ἀλήθειά
1113 956 1302 1022 metieritis
1315 965 1432 1040 potera
1451 981 1494 1042 es,
1521 965 1665 1045 Domine,
1692 970 1724 1030 ot
1743 967 1868 1031 beritos

317 1072 374 1115 σου
394 1051 501 1136 κύκλῳ
522 1074 589 1116 σου.
1115 1065 1172 1126 tuo
1186 1062 1223 1125 io
1237 1064 1380 1129 circuito
1395 1069 1458 1129 too.

362 1153 403 1219 Ἦ
431 1157 487 1240 μὲν
515 1154 658 1240 ἀλήθεια,
686 1156 704 1220 ό
725 1155 862 1241 Χριστός
889 1154 996 1241 κύκλῳ
1016 1165 1072 1221 τοῦ
1158 1167 1291 1230 VerItas
1307 1169 1448 1249 quidem
1465 1171 1619 1238 Christus
1634 1175 1731 1238 estin
1748 1176 1868 1240 oiroui-

316 1257 463 1345 Πατρός·
482 1259 511 1324 οἱ
530 1260 565 1324 δὲ
585 1261 619 1325 ἐν
637 1259 774 1346 Χριστῷ,
797 1263 868 1345 περὶ
891 1260 999 1346 κύκλῳ
1018 1261 1072 1324 ao
1114 1272 1153 1330 tu
1168 1270 1288 1334 Patris.
1304 1275 1343 1336 In
1358 1275 1490 1338 Christo
1506 1281 1622 1339 autem
1640 1279 1700 1358 qui
1715 1283 1866 1358 manent,

317 1373 387 1444 ταῦ,
399 1363 493 1449 ἒφάὖ
518 1362 617 1450 μέγας
640 1365 707 1429 tw
725 1374 790 1442 ταῖς
812 1365 940 1451 καθαρᾷ
958 1361 1073 1450 καρδία
1115 1375 1151 1437 in
1167 1375 1259 1438 illius
1273 1381 1355 1440 suut
1369 1380 1531 1444 circuitu:
1549 1381 1645 1444 unde
1657 1399 1805 1460 magnus
1817 1387 1870 1446 est

319 1466 486 1554 βλέπουσιν
510 1469 615 1550 αὐτόν,
637 1469 693 1532 καὶ
718 1466 851 1553 φοδερός
869 1471 954 1533 κατα
972 1468 1072 1552 πλητ·
1115 1479 1331 1543 cernentibus
1346 1483 1446 1545 illum
1461 1485 1498 1545 in
1517 1485 1616 1548 corde
1637 1502 1734 1566 puro,
1751 1491 1785 1550 et
1799 1486 1867 1550 for-

320 1571 471 1658 opstat<
485 1574 590 1654 αὐτὸν,
606 1575 661 1638 ναν
679 1574 721 1659 μὴ
746 1584 928 1658 immittit
943 1571 1028 1657 αὐτῷ
1043 1571 1073 1634 ἓ·
1119 1585 1303 1650 midolosus
1335 1588 1377 1652 iis
1401 1605 1467 1669 que
1497 1587 1673 1653 offendunt
1695 1608 1784 1672 eum,
1808 1593 1869 1672 qui

318 1685 423 1763 νορᾰν.
439 1715 482 1725 -
498 1674 640 1763 Οὗδεμία
654 1677 877 1763 λαγῑαὴφῦαας
892 1674 988 1761 ὁμοία
1007 1674 1073 1738 ἔστι
1116 1688 1231 1752 videre
1246 1707 1325 1752 eum
1341 1707 1409 1754 non
1425 1693 1578 1772 capiunt.
1597 1729 1635 1738 -
1658 1695 1759 1758 Nulla
1773 1697 1871 1777 spiri-

317 1790 361 1867 τῷ
375 1781 558 1867 Χριστῷ·ἡ
577 1782 634 1867 μὲν
649 1783 711 1867 γὰρ
728 1789 789 1846 τῶν
804 1779 981 1866 γεγονότων
993 1776 1074 1842 θαι)-
1116 1795 1220 1858 tualis
1246 1791 1369 1858 natura
1392 1797 1524 1862 Christo
1547 1801 1669 1864 similis
1699 1808 1766 1882 est;
1791 1820 1867 1883 quae

317 1882 386 1970 piar
400 1883 561 1970 γινώσκει·
577 1884 594 1949 ὁ
610 1886 646 1950 δὲ
661 1887 715 1958 καὶ
727 1885 822 1950 αὐτὸν
836 1883 1004 1949 ἐπίσταται
1015 1883 1073 1945 τὸν
1112 1898 1254 1979 quidem
1270 1918 1384 1964 rerum
1400 1901 1566 1966 factarum
1582 1907 1677 1969 novit
1688 1907 1867 1986 theoriam,

318 1993 359 2056 τὰ
381 1989 487 2056 πάντα
506 1987 700 2073 ποιήσαντα·
716 1990 752 2054 οὗ
767 1989 784 2053 ὁ
800 1989 936 2072 Χριστὸς
958 1985 1076 2051 αααναῖ
1116 2004 1197 2067 dum
1206 2005 1263 2068 iiie
1271 2007 1448 2083 cognoscit
1458 2023 1536 2070 eum
1548 2009 1670 2090 ipsum,
1679 2011 1739 2091 qui
1752 2012 1866 2072 omnia

318 2097 378 2181 τὴν
393 2101 517 2179 Υννῖναῑνν
531 2096 589 2179 τὴν
605 2102 660 2158 ταῦ
673 2093 807 2178 Havete,
820 2092 982 2177 αλλ’νννὴ
996 2112 1073 2155 ννν·
1116 2109 1213 2173 feeit:
1236 2109 1334 2188 eujus
1350 2110 1503 2175 Christus
1521 2114 1699 2177 seientiam
1724 2115 1867 2177 eircum-

320 2199 604 2284 λαῖτννΧΡνννόν·
619 2200 743 2285 πολλὴν
756 2199 836 2264 δὲέν
851 2196 1074 2282 νοννῳτῷόη·
1117 2213 1255 2293 claudit,
1272 2214 1382 2277 Patris
1406 2234 1537 2298 nempe,
1558 2235 1634 2298 quar
1657 2221 1691 2281 et
1713 2219 1787 2298 ipsa
1808 2219 1872 2280 oir-

317 2315 362 2392 τῷ
379 2307 434 2370 ναν
449 2303 628 2390 βαθυτάτην
652 2301 790 2388 θεωρίαν
813 2301 1001 2368 ἀποκεῖσθαι
1023 2321 1074 2366 να·
1118 2321 1305 2383 cumvolvit
1323 2321 1506 2384 Christum.
1530 2324 1574 2384 At
1594 2323 1737 2385 multam
1755 2322 1789 2383 in
1805 2321 1869 2383 hac

319 2407 411 2495 μίζων
426 2407 496 2493 ἣνὸ
512 2406 693 2486 egestosa
704 2406 903 2494 βονλόμῑναςι
920 2402 1074 2490 παρὼν·
1117 2425 1287 2487 sententia
1299 2429 1332 2488 et
1347 2425 1647 2506 profundissimam
1663 2427 1868 2506 contempla-

321 2534 411 2578 σεται
425 2513 498 2589 τοὺς
512 2520 574 2579 τῶν
591 2510 728 2597 σκολίων
742 2511 889 2588 κανόνας·
1119 2528 1246 2590 tionem
1264 2526 1442 2607 subjacere
1457 2530 1612 2609 arbitror,
1629 2546 1733 2610 quam
1748 2531 1778 2592 si
1793 2531 1869 2612 quis

328 2635 329 2640 ’
1118 2632 1281 2712 explicari
1307 2633 1400 2713 velit,
1430 2633 1702 2711 transgredietur
1727 2633 1868 2697 scholio-

1116 2754 1194 2800 rum
1210 2754 1355 2800 normas.

362 2863 394 2907 v.
425 2844 476 2908 11.
504 2827 550 2908 Σό
573 2839 787 2918 ἑταπείνυσας
810 2838 852 2918 ὡς
879 2837 1075 2926 τραυματίαν
1161 2860 1193 2904 v.
1211 2843 1261 2904 11.
1279 2844 1330 2905 To
1344 2841 1530 2908 humiliasti
1550 2843 1637 2909 sicut
1660 2843 1867 2909 οκῐκονυόυυι

292 3011 296 3020 ,
322 2945 535 3032 ὑπερήφανον,
552 2946 607 3010 καὶ
630 2945 722 3030 ἐντῷ
746 2943 889 3030 βραχίονι
910 2953 967 3029 τῆς
984 2944 1075 3011 δυνά·
1116 2946 1306 3026 superbum
1321 2949 1359 3011 ιἰι
1372 2947 1500 3014 brachio
1511 2949 1648 3014 virtutis
1666 2951 1728 3013 tuce
1744 2947 1867 3030 disper·
1953 3015 1955 3020 ,

319 3071 402 3136 μεως
418 3050 638 3143 διεσκόρπισας
652 3052 725 3127 τοὺς
740 3049 872 3135 ἐχθρούς
888 3070 955 3114 σου.
1116 3052 1195 3116 sisti
1208 3052 1357 3117 inimicos
1372 3056 1452 3118 tuos.

363 3155 539 3222 Αἰνίττεται
563 3157 626 3239 οὖν,
643 3153 685 3232 ὡς
708 3155 842 3220 δυνατοῦ
863 3155 952 3231 όντος
975 3153 1074 3218 αὐτοῦ
1161 3156 1333 3218 deseritur
1348 3171 1431 3234 ergo
1447 3173 1526 3218 eum
1540 3171 1637 3237 posse
1653 3155 1804 3219 hostium
1816 3172 1868 3218 ar·

317 3261 358 3325 τόι
380 3267 441 3326 τῶν
468 3257 629 3345 πολεμίῳν
657 3257 874 3344 ὑπερηφανίας
900 3256 1075 3323 καταστὲλ-
1118 3259 1296 3336 rogantias
1311 3259 1431 3322 missas
1447 3257 1566 3322 faeere.

317 3363 395 3431 λειν.

350 3739 379 3779 v.
392 3723 417 3777 9.
430 3721 476 3776 Ex
489 3720 595 3778 iisdem
607 3719 690 3777 oodd.
702 3739 826 3794 quorum
837 3737 913 3777 unus
923 3720 1009 3793 gravi
1023 3735 1074 3778 νε·
1116 3715 1188 3786 quod
1199 3714 1413 3788 comprehendat
1424 3715 1512 3772 stom
1524 3715 1654 3772 Patrem.
1666 3715 1727 3772 BB.
1739 3722 1761 3772 t.
1776 3733 1795 3786 1,
1809 3715 1869 3772 193.

259 3859 274 3873 ,
316 3809 424 3865 rietata
436 3809 475 3864 ad
487 3808 688 3864 Arianismum
699 3813 769 3880 ruit,
782 3825 849 3865 oum
866 3814 968 3882 aperte
978 3808 1073 3879 legat:
1116 3802 1161 3858 Of.
1174 3803 1224 3858 lib.
1238 3821 1271 3873 11,
1285 3804 1469 3873 Oripeniona,
1487 3809 1582 3882 quaest
1590 3803 1817 3860 2.-Caeterum
1828 3803 1870 3859 lo·

318 3899 369 3964 οὐχ
382 3900 397 3950 ό
410 3899 521 3963 Χριστος
533 3899 633 3950 κυκλοῖ
648 3899 696 3964 τὴν
709 3902 813 3966 γνῶσιν,
830 3897 879 3964 τήν
896 3901 943 3950 τοῦ
960 3898 1074 3961 Πατρός,
1116 3909 1182 3946 oum
1191 3891 1309 3948 videtur
1320 3890 1450 3947 voluisse
1459 3889 1608 3946 emendari
1621 3889 1774 3964 Didymus,
1788 3907 1869 3962 egre·

317 3982 396 4055 quod
407 3983 465 4038 etsi
476 3983 604 4039 fortasse
614 3982 686 4038 ferri
698 3982 800 4055 possit,
810 3982 841 4037 in
851 3999 886 4037 eo
897 3998 985 4037 sensu
997 3979 1075 4052 quod
1115 3976 1183 4049 gius
1192 3975 1383 4046 Adamantini
1395 3975 1870 4050 patronns,apudGorder11‚825:

315 4069 455 4141 ambigua
468 4069 558 4124 dictio
570 4075 664 4139 γνῶσις
677 4069 862 4140 intelligatur
874 4067 911 4123 de
928 4064 1074 4141 personali
1116 4068 1168 4119 Καὶ
1180 4070 1237 4131 φῶς
1248 4068 1277 4117 δε
1290 4067 1327 4118 ῶν
1340 4067 1355 4118 ό
1369 4065 1436 4130 Θεός
1448 4067 1506 4131 ἔχει
1515 4069 1570 4131 φῶς
1583 4067 1611 4117 ἐν
1624 4067 1709 4131 ἑαυτῷ
1721 4066 1767 4116 τόν
1781 4065 1870 4116 Υῐόν...

315 4156 436 4214 notione
449 4156 557 4226 Patris,
579 4156 747 4210 nullatenus
765 4153 1012 4223 communicanda,
1030 4159 1074 4208 to-
1116 4154 1194 4205 Ὀθεν
1204 4156 1307 4219 εἴρηται
1317 4155 1364 4204 καὶ
1376 4154 1537 4220 ἀπαύγασμα
1550 4153 1638 4218 φωτὸς
1651 4153 1746 4204 διϊδίου.
1758 4151 1833 4202 Eiuro
1842 4151 1872 4201 δὲ

315 4248 365 4298 tus
378 4243 460 4297 locus
473 4241 616 4313 legendus
630 4246 676 4296 est
694 4241 871 4310 cautissime,
886 4239 992 4313 etipse
1010 4239 1075 4296 ori-
1115 4241 1207 4306 κύκλῳ
1216 4243 1264 4292 καὶ
1272 4241 1319 4307 τήν
1331 4240 1459 4305 ἀλήθειαν
1472 4241 1570 4306 ἔφησεν
1584 4240 1614 4291 οὐ
1625 4237 1791 4306 γεγονέναιὴ
1801 4237 1873 4288 ἐσεσ-

315 4345 407 4400 genes
426 4328 574 4402 trepidum
590 4344 726 4398 gressum
744 4327 887 4397 substitit,
904 4344 951 4396 ne,
969 4331 1003 4380 ut
1023 4325 1074 4406 ait,
1116 4329 1167 4391 θαι,
1180 4329 1289 4393 παρέοτι
1302 4327 1331 4378 δὲ
1343 4330 1380 4392 τῷ
1393 4328 1494 4391 δυνατῷ
1507 4325 1565 4392 Θεῷ
1577 4326 1652 4392 καὶὴ
1671 4325 1872 4390 ἀῐδιοςδόναμις

316 4414 496 4470 scholiorum
504 4412 649 4468 rationem
661 4419 692 4468 at
701 4431 828 4470 canones
838 4413 1009 4470 transiliret.
1017 4413 1075 4469 Sed
1116 4416 1191 4482 καὶὴ
1205 4415 1361 4480 αὐτοοοφία,
1379 4417 1426 4465 καῑ
1443 4413 1556 4480 ἀλήθεια
1574 4417 1611 4480 τῷ
1629 4412 1709 4479 Λόγῳ
1728 4428 1759 4465 τε
1776 4414 1823 4464 καῑ
1834 4417 1871 4478 τῷ

317 4508 427 4576 quanto
440 4500 653 4575 imprudentior
665 4501 724 4557 fuit
735 4502 767 4557 in
777 4520 810 4560 ιν
821 4502 897 4558 libro
910 4509 969 4571 aspi
977 4507 1075 4570 ἀρχῶν,
1116 4505 1182 4568 post
1192 4505 1240 4554 τοῦ
1258 4501 1336 4554 Θεοῦ.
1356 4503 1371 4534 ν
1382 4499 1456 4554 Gum
1468 4499 1549 4553 Deus
1562 4515 1677 4569 quoque
1689 4497 1742 4552 lux
1759 4497 1807 4566 sit,
1820 4496 1872 4550 ha·

317 4609 346 4648 u.
359 4591 403 4646 35.
416 4589 468 4644 ubi
481 4606 570 4644 susus
584 4593 630 4643 est
643 4588 771 4644 seribere
784 4607 894 4661 eaquae
905 4594 970 4644 turn
980 4605 1076 4660 graeoa
1117 4587 1168 4644 bet
1178 4587 1275 4643 lueem
1292 4588 1323 4642 in
1342 4585 1501 4658 semetipso
1518 4585 1654 4640 Filium...
1668 4584 1745 4640 unde
1764 4583 1873 4640 dieitur

317 4679 437 4732 exstant
455 4672 486 4729 in
505 4673 631 4746 epistola
643 4675 664 4731 J
664 4673 806 4730 ustiniani
818 4675 856 4731 ad
868 4675 993 4745 Menam,
1012 4680 1077 4730 tum
1119 4672 1209 4728 etiam
1220 4671 1357 4746 splendor
1369 4671 1444 4726 lueis
1457 4677 1585 4726 aeternae.
1606 4670 1692 4725 Dixit
1710 4675 1810 4725 autem
1821 4685 1871 4725 ve·

318 4759 506 4830 latine,tideli
513 4761 674 4834 interprete
681 4761 1078 4835 Hieronymo,quemsaterit
1117 4761 1239 4816 ritatem
1255 4777 1320 4816 esse
1332 4761 1363 4814 in
1376 4756 1508 4828 circuitu,
1527 4775 1586 4813 non
1597 4756 1709 4812 factam
1721 4761 1773 4810 aut
1790 4754 1869 4809 futu-

318 4846 449 4903 breviter
460 4851 608 4920 repetere:
622 4846 698 4903 “Sin
710 4848 1000 4921 comprehensionem
1012 4867 1078 4906 eam
1118 4864 1183 4903 ram
1204 4863 1277 4917 esse,
1296 4845 1348 4902 sod
1368 4844 1454 4900 adest
1473 4843 1588 4918 potenti
1606 4844 1670 4899 Deo
1692 4848 1755 4898 tam
1774 4841 1871 4898 virtus

319 4931 451 5001 dicimus,
464 4937 569 4989 utnon
587 4933 683 4988 solum
696 4951 784 4990 sensu
801 4936 868 5007 quis
884 4941 915 4991 et
932 4935 1078 5008 sapientia
1119 4940 1261 5009 perpetua
1279 4952 1366 5006 quam
1384 4932 1530 5006 sapientia
1541 4949 1594 5004 por
1613 4948 1645 4987 se
1657 4931 1822 4988 subsistens
1841 4937 1872 4986 et

319 5018 558 5092 comprehendat,
572 5020 625 5077 sed
638 5027 669 5076 et
680 5021 792 5078 virtuto
806 5028 836 5079 et
848 5025 981 5096 potentia
992 5042 1078 5080 euno-
1120 5023 1231 5082 veritas
1244 5023 1275 5076 in
1287 5021 1385 5077 Verbo
1398 5037 1432 5076 ao
1444 5018 1554 5075 lumine
1567 5016 1631 5074 Dei.
1644 5057 1658 5088 „

319 5111 353 5161 ta
377 5111 485 5176 teneat,
505 5107 555 5178 qui
579 5108 726 5180 cognovit,
745 5125 800 5164 noo
819 5127 965 5182 possumus
988 5112 1078 5169 dicere
1156 5129 1184 5168 ν.
1198 5109 1240 5178 11,
1253 5109 1321 5164 Vet.
1334 5107 1359 5162 4.
