4020 6098
808 453 851 516 IN
875 451 1062 516 PSALMOS
1652 451 1713 514 185

81 639 85 648 ι
171 596 320 683 δρῶντας,
337 597 417 683 perd
430 591 563 681 κρίσεως
584 592 678 679 ὀρθῆς
694 588 815 670 ἐδίδαξε
830 588 918 654 πολι-
964 604 1127 670 ecumque
1142 590 1260 654 contra
1277 585 1337 667 jus
1351 589 1537 668 operantes,
1553 605 1631 652 cum
1651 587 1707 669 J'u·

170 703 323 770 ττώεοθοιι
346 701 457 769 'icccc
478 701 545 766 δὲό
565 699 679 784 θρόνος
697 697 803 780 αὐτοῦ,
819 694 841 781 ἡ
859 693 917 782 lic·
964 693 1051 758 dicio
1067 695 1157 756 recto
1174 691 1309 754 edocuit
1331 691 1437 755 vitam
1452 691 1641 755 instituere.
1658 693 1708 754 Ec
1774 691 1777 700 '

171 805 272 872 σιλείοι
288 806 335 892 [ἡ]
352 805 565 890 κατώρθωται.
963 814 1042 859 vero
1064 800 1146 860 sunt
1167 795 1310 859 thronus
1336 793 1419 875 ejus,
1443 795 1477 858 id
1504 813 1649 875 regnum
1674 797 1709 859 in

965 900 1150 964 directione
1166 898 1407 977 gubernatum.

213 1013 317 1081 Ἀλλο
332 1012 464 1099 νεφέλη,
483 1013 538 1078 κοιλ
553 1010 634 1076 ἄλλο
648 1007 774 1096 γνόφος.
788 1005 918 1093 Νεφέλη
1009 1003 1112 1066 Aliud
1134 1001 1314 1082 catartico,
1337 1007 1372 1065 et
1394 1003 1488 1068 aliud
1510 1003 1623 1086 colico.
1646 1005 1715 1068 Nu·

169 1121 253 1186 ἐστλν
274 1119 313 1184 ἐτι
327 1116 509 1204 φυτόόόλοο
532 1115 625 1200 ἀέρος
645 1113 840 1201 φεγγοόόλον
863 1111 918 1176 τισὶ
962 1105 1022 1170 bes
1038 1109 1089 1169 eet
1104 1105 1151 1168 ab
1165 1123 1243 1170 aere
1258 1107 1428 1170 luminoso
1451 1109 1664 1171 luculentum
1681 1113 1715 1172 et

169 1221 361 1289 λεπτότατον
383 1225 523 1308 ὕφασμα.
547 1217 652 1305 Νέφος
672 1219 707 1283 δὲ
731 1219 767 1304 [l.
789 1216 919 1304 γνόφος]
962 1211 1202 1274 tenuissimum
1228 1208 1430 1274 flaminium.
1454 1213 1573 1290 Caligo
1595 1216 1711 1275 autem

171 1325 338 1414 ἀχλυώδης
353 1327 408 1392 sci
419 1324 600 1412 ὁμιχλώδης
615 1321 803 1410 σποτοισρός.
815 1321 918 1405 Προσ-
963 1317 1015 1378 est
1028 1314 1223 1378 suboscuris
1238 1319 1272 1376 et
1289 1314 1403 1393 opacis
1417 1315 1567 1378 tenebris
1577 1315 1710 1379 similis.

170 1428 261 1509 ἐταξε
276 1429 312 1494 δὲ
325 1431 383 1515 την
399 1428 545 1515 νεφέλην,
561 1429 609 1493 ότι
623 1435 745 1512 πρῶτον
763 1424 785 1511 ἡ
801 1425 918 1510 θεότης
962 1418 1131 1484 Praemisit
1155 1435 1236 1482 vero
1261 1418 1396 1496 nubem,
1424 1419 1505 1499 quic
1531 1419 1643 1500 prima
1665 1423 1717 1484 est

169 1535 225 1598 καὶ
239 1533 310 1599 τότε
332 1534 354 1619 ἡ
379 1533 592 1618 ἀνθρωττοι-ης.
607 1527 654 1598 Ἢ
669 1533 727 1618 την
750 1530 919 1616 λεληθυῖαν
964 1522 1143 1601 Divinitas,
1167 1525 1201 1584 et
1223 1528 1339 1602 postea
1360 1521 1566 1601 humanitas,
1594 1523 1649 1586 vel
1671 1523 1717 1586 si-

169 1640 266 1702 αὐτοῦ
282 1637 315 1702 ὲν
338 1636 511 1723 ἀνθρώποις
533 1635 669 1701 κάθοδον
691 1632 847 1720 σημαίνει
863 1632 919 1700 Αἰ-
963 1624 1106 1702 gnificat
1132 1625 1366 1689 absconditum
1390 1625 1463 1704 ejns
1489 1625 1532 1688 ad
1558 1624 1713 1689 homiues

169 1741 221 1807 σία
235 1743 270 1808 δὲ
285 1740 408 1828 γέγονε
425 1743 513 1827 φησι,
528 1749 586 1838 κης
600 1739 743 1826 ἀφέσεως
761 1742 797 1804 κδ
815 1748 920 1824 κρῖναι
963 1729 1172 1792 descensum.
1196 1731 1311 1792 Veniae
1326 1734 1441 1792 autem
1443 1729 1591 1810 ,iuquit
1613 1747 1717 1793 causa

169 1847 295 1926 δικιιίινς
310 1849 370 1933 την
385 1844 486 1931 κρίκν
499 1833 599 1932 ἡμῶν,
610 1845 651 1930 ἣν
665 1847 782 1931 ἔχομεν
793 1843 918 1930 anuas,
966 1831 1056 1894 iacta
1071 1836 1131 1911 est,
1152 1832 1242 1912 qnod
1252 1831 1345 1912 J'uste
1356 1833 1531 1913 judicetur
1546 1832 1715 1913 judicium

169 1953 247 2036 πρὸς
256 1955 314 2029 τὰς
324 1951 527 2035 πονηρὰςκαῑ
539 1949 753 2037 ἀντικειμένας
762 1949 918 2034 δυνάμεις
965 1939 1129 2017 nmium,
1147 1936 1233 1999 illud
1255 1937 1414 2000 vldehcei
1437 1937 1526 2017 quod
1548 1937 1713 2002 habemus

169 2048 216 2118 Η
231 2054 376 2140 βούλεται
390 2055 489 2120 εἰπεῖν
504 2054 552 2118 ότι
567 2052 709 2139 ἀοράτως
724 2051 916 2138 παρεγένετο
964 2041 1225 2104 exercendum
1216 2060 1252 2105 ru
1275 2043 1446 2120 mahgnas
1469 2046 1504 2106 ei
1525 2042 1712 2106 fflnlrafias

169 2168 234 2236 τοῖς
247 2158 352 2236 τόποις
367 2165 429 2224 τών
443 2155 611 2242 πολεμίων,
632 2159 688 2222 xci
709 2155 848 2240 όδώιοισε,
865 2157 920 2221 πολ
964 2149 1157 2226 immtatis·
1178 2147 1242 2210 Vel
1268 2146 1379 2210 (15001'0
1401 2148 1478 2210 vult
1499 2146 1589 2227 (lUOd
1612 2146 1711 2209 11¹⁰d⁰

170 2263 266 2342 ἔδειξε
281 2264 341 2349 ι-ην
356 2260 519 2347 βασιλιίκν
533 2264 629 2326 αὐτοῦ
651 2261 851 2346 δικαιοσύνης
866 2281 921 2328 κς.
964 2250 1097 2313 occulto
1116 2251 1258 2315 accessit
1276 2250 1318 2314 ad
1340 2251 1414 2314 loca
1437 2250 1664 2329 inimicorum,
1681 2254 1716 2313 et

171 2366 392 2454 κληρωμίνην,
960 2351 1140 2434 judicavit,
1154 2357 1187 2416 et
1203 2354 1363 2434 expandit
1374 2371 1521 2434 rognum
1532 2372 1644 2434 suum,
1656 2371 1714 2418 cu·

965 2460 1097 2522 mulcta
1110 2460 1250 2539 plenum
1262 2457 1409 2542 iustitia.

213 2569 261 2640 Ἢ
274 2573 391 2660 νεφέλη
414 2574 516 2641 τοιόδ
530 2572 727 2660 γινώσκεται,
742 2573 858 2662 γνόφος
880 2573 918 2652 δὲ
1012 2566 1075 2628 Vel
1089 2563 1187 2630 ουόιο
1210 2569 1270 2643 est,
1288 2568 1456 2644 quatenus
1478 2566 1715 2645 cognoscitur3

170 2678 270 2745 ιιοιό’δ
286 2675 628 2764 consceleratorum.
644 2677 709 2742 Καὶ
724 2679 791 2763 γόιρ·
803 2675 919 2762 νεφέλη
969 2668 1084 2750 colico,
1097 2685 1166 2748 qna
1181 2685 1249 2730 non
1265 2668 1569 2750 comprehenditur.
1581 2670 1719 2732 Etenim

173 2784 232 2868 μὲν
251 2785 386 2869 φωτιινη
410 2782 553 2848 διδάσκει
573 2784 614 2847 τὰ
635 2783 706 2866 περὶ
720 2780 828 2866 Ἰησοῦ
849 2783 922 2858 τοὺς
966 2773 1136 2838 nubecula
1148 2774 1284 2854 quidem
1293 2774 1407 2838 lucida
1415 2774 1544 2836 revelat
1555 2775 1716 2854 apostolis

175 2887 380 2965 ἀποστόλους.
395 2885 547 2953 Μόνονδὲ
559 2885 677 2972 Μυσης
691 2884 868 2971 εἰσέρχεται
878 2886 922 2964 εἰς
966 2881 1129 2962 mysteria
1136 2898 1212 2961 quae
1223 2883 1377 2961 spectant
1388 2879 1430 2943 ad
1442 2881 1463 2943 J
1465 2897 1570 2942 esum.
1585 2881 1716 2943 Solum·

174 2995 228 3058 τόν
241 2991 358 3077 γνόφου
380 2993 459 3057 όπου
472 2993 514 3078 ην
537 2990 627 3073 Θεὸς,
642 2991 677 3068 ός
699 2992 787 3058 ἔθετο
810 2989 922 3068 σκότος
967 2984 1065 3048 modo
1077 2987 1207 3067 Moyses
1224 2984 1416 3062 ingreditur
1428 2984 1666 3062 incaliginem,
1680 3003 1719 3048 n-

175 3098 363 3183 ἀττοκρυφὴν
378 3099 484 3162 αὐτοῦ.
497 3096 633 3181 Δυνάμει
644 3095 680 3160 δὲ
694 3094 924 3180 κατορθοῦσθαι
967 3089 1003 3151 bi
1019 3093 1092 3152 erat
1108 3089 1209 3169 Deus,
1229 3109 1245 3148 «
1259 3089 1319 3168 qui
1339 3089 1453 3168 posuit
1467 3089 1624 3152 tenebras
1644 3090 1720 3153 lati·
1824 3104 1827 3110 '

176 3205 305 3288 εὔχεται
321 3205 374 3267 τόν
389 3201 504 3286 θρόνον
516 3199 609 3282 Θεοῦ,
622 3199 639 3264 ό
651 3198 771 3286 λέγων·
786 3198 924 3264 Ἐλθέτο)
967 3193 1088 3256 bulum
1103 3211 1215 3257 suum.
1230 3215 1247 3268 J>
1265 3193 1418 3256 Postulat
1436 3210 1516 3256 vero
1532 3194 1659 3256 virtute
1671 3193 1720 3256 di-

175 3305 198 3390 ἡ
216 3303 360 3392 βασιλεία
376 3327 442 3371 σου.
968 3297 1038 3376 rigi
1054 3297 1214 3360 thronum
1228 3298 1299 3374 Dei,
1312 3297 1370 3358 ille
1389 3298 1449 3376 qui
1466 3297 1537 3360 haec
1549 3298 1716 3377 loquitur:

972 3400 1164 3464 «adveniat
1179 3411 1324 3478 regnum
1342 3404 1481 3462 tuum.»

220 3535 252 3578 v.
268 3515 298 3579 4
314 3513 460 3599 Ἐηοινοιν
476 3513 509 3578 αἱ
525 3513 683 3597 ἀστραπαί
694 3523 733 3599 κη
745 3509 924 3597 οἰκουμένη,
1014 3524 1045 3567 v.
1059 3505 1089 3566 4.
1103 3503 1444 3586 Illcccmcctsclqcro
1455 3505 1525 3584 ejas
1538 3504 1607 3568 ονόι·
1618 3508 1719 3568 terrac.

220 3616 386 3702 Ἀστροιιτή
418 3617 484 3682 ἐστι
513 3617 702 3683 διδκοκιιλίκ
730 3617 924 3703 πνευματικὴ
1017 3609 1142 3687 Fulget
1145 3627 1220 3671 rum
1255 3613 1306 3670 est
1292 3608 1415 3670 tdoct
1401 3609 1493 3671 trina
1525 3610 1623 3688 spirit
1610 3609 1722 3688 tualis,

178 3721 241 3787 ἀπὸ
271 3730 333 3788 τιον
358 3731 478 3806 νοητῶν
510 3722 649 3808 νεφελῶν
680 3721 845 3808 γενομένη
878 3723 928 3800 κίς
973 3729 1048 3794 quse
1079 3715 1171 3774 creat
1172 3729 1213 3773 ur
1240 3728 1281 3772 ex
1308 3711 1457 3774 nubibus
1486 3713 1722 3794 pneumaticis,

178 3825 332 3904 πολλάκις
356 3825 535 3891 ἐντέλλεται
560 3827 676 3912 Κύριος
704 3823 926 3912 ἐργαζομένοις
973 3815 1097 3897 quibus
1136 3819 1276 3895 operant
1262 3814 1397 3876 tibus
1384 3833 1470 3896 sape
1510 3836 1527 3874 ιι
1557 3816 1723 3880 Dominus

180 3929 223 4016 μή
241 3928 346 4016 βρέξαι
363 3931 414 3996 ἐπ’
425 3933 538 4009 αὐτοὺς
561 3931 690 4012 careal
688 3951 727 3994 νικ
743 3926 868 4013 γίνηται
882 3929 927 3993 λι.
973 3920 1126 4001 praeoipit
1142 3936 1210 3981 nou
1226 3919 1343 3999 pluere
1359 3918 1501 3980 imbrem
1517 3937 1619 4000 super
1635 3937 1691 3982 eos
1705 3941 1721 3978 ν

179 4036 245 4119 μδς,
261 4037 320 4098 οὐκ
341 4035 447 4119 ἄρκου,
464 4035 537 4099 ινδδδ
551 4032 629 4116 δίψικ
642 4033 765 4114 δδκιινς,
781 4031 865 4097 ἀλλὰ
880 4033 926 4098 λι.
973 4027 1011 4085 ut
1023 4021 1082 4086 fiat
1068 4023 1213 4102 tfameS,
1225 4039 1293 4085 non
1305 4039 1385 4084 vero
1397 4024 1505 4102 penis,
1522 4040 1631 4104 neque
1648 4025 1693 4086 sit
1695 4025 1723 4088 is

180 4139 238 4223 μός
255 4149 309 4202 τοο
325 4139 461 4205 ἀκοῦσαι
476 4139 571 4225 λόγον
587 4134 715 4221 Κυρίου,
971 4143 1079 4206 aquae,
1103 4125 1167 4190 sed
1188 4125 1294 4190 lomes
1317 4127 1477 4190 audiendi
1500 4128 1641 4190 verbnm
1658 4129 1721 4227 Do·

972 4249 1067 4294 mrnr.

222 4353 254 4396 v.
271 4335 301 4396 5.
318 4331 368 4396 Τὰ
390 4333 448 4416 όρη
472 4331 633 4416 ἐτάκησοιν
649 4329 724 4395 dccl
745 4332 844 4413 κηρός
860 4328 925 4396 ἀπό
1015 4353 1046 4396 v.
1061 4335 1091 4396 5.
1106 4337 1230 4400 Maces
1241 4335 1328 4400 σίτοιό
1339 4349 1411 4400 cero
1418 4333 1587 4417 flcccrcra
1598 4351 1618 4398 o
1625 4335 1720 4417 socie

178 4435 349 4520 προσώπου
364 4445 419 4499 τοῦ
435 4434 563 4520 Κυρίου.
975 4438 1118 4502 Domini.

223 4535 324 4624 Ὅπερ
340 4539 493 4625 πήγνυσιν
508 4541 525 4603 δ
541 4538 675 4624 Βορρᾶς,
690 4547 782 4602 τοῦτο
797 4535 888 4622 τήκει
910 4537 928 4600 ό
1016 4541 1119 4634 ίλυοώΧ
1126 4543 1241 4622 aquilo
1264 4543 1457 4624 condensat,
1474 4542 1509 4606 id
1523 4547 1638 4606 auster
1653 4544 1719 4606 dis·
1759 4571 1760 4576 ¹

178 4643 276 4720 νότος.
293 4642 346 4708 Διό
363 4643 469 4720 καλῶς
484 4643 570 4728 λέγει
584 4641 605 4726 ἡ
623 4642 727 4728 νώμφη
744 4643 777 4708 ἐν
793 4651 858 4718 τοῖς
874 4645 929 4727 dc·
971 4647 1081 4709 solvit.
1098 4645 1193 4709 Unde
1207 4646 1349 4728 pulchre
1372 4663 1494 4728 sponsa
1517 4649 1552 4710 in
1577 4649 1718 4710 canticis

179 4769 273 4834 μασιν
288 4758 349 4814 τῶν
365 4748 524 4834 ᾀσμάτων
539 4746 728 4832 Ἐξεγεόρου,
745 4745 862 4832 Βορρᾶ,
874 4749 929 4811 κοιλ
971 4751 1196 4842 canticorum:
1217 4753 1412 4830 «Exsurge,
1436 4752 1560 4830 aquile,
1578 4752 1715 4830 eluant,

178 4853 286 4937 ἔργου,
302 4851 381 4932 νότε,
397 4852 583 4918 διόπνευσον
595 4851 698 4937 κῆπόν
712 4869 772 4938 μοι,
789 4851 843 4916 καὶ
859 4850 928 4936 peu·
972 4858 1096 4932 auster,
1119 4851 1226 4935 perfla
1240 4854 1376 4916 hortum
1400 4854 1494 4934 mihi,
1515 4861 1548 4917 et
1564 4853 1672 4919 fluent
1687 4875 1721 4918 c·

179 4956 265 5024 σόιτυ
281 4955 443 5042 ἀρώιιοιτα.
975 4961 1113 5020 comata.
1131 4978 1149 5016 ›>

215 5169 242 5205 v.
256 5152 280 5220 4,
294 5151 360 5208 Vat.
373 5154 399 5220 5,
414 5153 454 5206 14.
468 5151 506 5206 Ia.
520 5169 548 5220 v,
561 5152 588 5206 5.
1008 5163 1036 5202 ν.
1051 5145 1076 5200 5.
1090 5143 1180 5202 eodo.
1192 5144 1243 5200 ild.
1257 5144 1339 5201 Cant.
1354 5163 1394 5215 ιτ,
1409 5147 1463 5242 16.ο
