4006 6090
285 417 348 482 336
953 416 1164 486 ORIGENES

329 555 367 624 ‘0
382 557 415 624 ἐν
430 555 556 645 καθαρᾷ
571 555 685 644 καρδίρι
708 567 874 642 κατοικῶν,
891 568 1036 636 κατοικεῖ
1121 561 1184 638 Qui
1205 561 1239 623 in
1256 557 1355 624 eorda
1376 577 1460 642 puro
1475 557 1616 642 habitat,
1641 559 1751 623 incola
1773 562 1825 622 est

285 659 552 750 ἐνἹερουσαλήμ.
1077 668 1301 748 Solymarum.

856 923 1024 1002 Psoimua
1050 919 1253 1001 CXXXV.

328 1209 358 1256 ν.
378 1192 441 1256 1-3.
457 1188 717 1276 Ἐξομολογεῐσθε
732 1195 776 1274 τῷ
791 1184 907 1272 Κυρίῳ.
1118 1206 1149 1251 ν.
1168 1189 1231 1252 1-3.
1252 1187 1452 1272 Ουιρίίοκιίιιι·
1466 1187 1602 1253 Βαναίου
1618 1192 1675 1254 etc.

325 1293 427 1360 Ἔνθα
441 1294 471 1359 οί
487 1292 707 1380 βαπτιζόμενοι
721 1293 781 1358 ὑπὸ
794 1288 942 1358 Ἰωάννου
957 1289 1030 1371 iio·
1117 1292 1248 1356 Exinde
1263 1297 1401 1374 peccata
1422 1310 1485 1356 sua
1499 1293 1750 1356 confitebantur
1764 1293 1823 1356 bo·

283 1397 476 1484 μολογοῦντο
490 1398 548 1474 τίις
563 1391 718 1482 ἁμαρτίας
733 1396 846 1462 αὐτῶν.
1074 1399 1191 1479 ptizati
1206 1416 1227 1460 a
1241 1399 1262 1460 J
1264 1411 1382 1460 oanne.

325 1523 357 1567 v.
374 1505 405 1566 4.
422 1501 475 1587 Τῷ
490 1499 629 1568 αοιοῠντί
644 1503 742 1585 (alias
757 1499 935 1586 ποιήσαντι)
950 1497 1030 1564 θαυ·
1118 1519 1149 1563 ν.
1164 1502 1195 1563 4.
1216 1499 1375 1582 Quiseoit
1388 1499 1454 1583 (vel
1469 1501 1527 1582 qui
1531 1497 1637 1582 fecit)
1653 1499 1823 1566 mirabilia

283 1605 382 1691 μάσια
397 1604 522 1690 μεγάλα
538 1604 632 1692 μόνῳ.
1073 1621 1191 1687 moereo
1204 1604 1303 1670 raiae.

325 1707 441 1786 Καλῶς
456 1707 490 1773 δὲ
506 1717 549 1794 τῷ
561 1717 700 1773 ποιοῦντι
712 1704 799 1792 φησί,
812 1703 926 1771 ἀλλὀὐ
938 1703 1028 1790 mri-
1117 1709 1249 1789 Optime
1272 1709 1321 1771 ait
1342 1707 1401 1789 qui
1423 1707 1527 1790 socii,
1554 1721 1622 1770 non
1646 1707 1705 1788 qui
1728 1707 1824 1772 feeit:

280 1833 389 1878 σαντι·
404 1813 557 1897 διηνεκῶς
571 1814 633 1898 γὰρ
656 1812 779 1897 ἐνεργοί
791 1811 832 1874 τθι
852 1808 1028 1896 θαυμάσια.
1074 1829 1153 1875 nam
1167 1811 1328 1875 continuo
1351 1817 1512 1893 operatur
1535 1810 1824 1875 miraculosius

280 1917 333 2003 Τῷ
348 1917 383 1982 δὲ
400 1915 494 2003 μίνῳ,
518 1918 595 2000 πρὸς
618 1913 856 1999 ἀντιδιαοτολὴν
880 1921 941 1979 των
963 1914 1029 1980 δαι·
1073 1931 1163 1994 vero,
1176 1918 1215 1978 ut
1226 1915 1384 1978 excludat
1394 1915 1571 1995 damonia,
1585 1915 1644 1978 sed
1655 1931 1723 1977 non
1734 1933 1825 1996 spre·

280 2022 391 2109 μόνων,
408 2021 479 2087 ἀλλ’
491 2023 528 2086 oo
543 2023 621 2106 πρὸς
636 2019 783 2104 ἀθέτησιν
799 2027 854 2084 τοῦ
868 2017 951 2084 Υίοῠ.
1073 2025 1109 2082 to
1123 2020 1220 2083 Filio.
1430 2102 1433 2111 1

323 2147 355 2191 v.
375 2129 425 2191 11.
441 2124 507 2190 Καί
519 2123 702 2211 ίξαγαγθντι
718 2125 772 2190 τὸν
783 2122 915 2209 Ἰσραὴλ
927 2122 966 2188 ίκ
977 2121 1029 2210 μέ·
1116 2143 1148 2188 v.
1167 2125 1217 2188 lo.
1237 2124 1282 2188 Bt
1303 2121 1453 2188 tradam
1474 2123 1583 2188 Israel
1598 2140 1663 2205 per
1684 2123 1823 2188 auditam

279 2250 336 2295 σου
352 2229 465 2294 αὐτῶν.
1072 2226 1153 2308 ejice.

322 2331 378 2409 Ὡς
393 2329 553 2418 ἀγνωμοσι
570 2330 606 2396 δὲ
620 2331 705 2398 τίιέν
720 2329 871 2416 Αἰγύπτῳ
890 2339 1030 2416 συνεχῶς
1117 2333 1231 2396 Veluti
1258 2334 1298 2397 ad
1328 2334 1492 2413 ingratos,
1520 2336 1596 2397 aeta
1619 2334 1654 2397 in
1678 2337 1823 2418 AEgypto

277 2433 525 2520 περιστρίρεται,
548 2437 606 2522 τὴν
636 2435 754 2501 τούτων
782 2433 884 2521 λήθην
914 2435 1028 2500 irrie-
1071 2441 1265 2501 constanter
1277 2441 1487 2518 revocantur,
1501 2444 1540 2502 ut
1550 2439 1754 2504 oblivionem
1771 2441 1821 2504 in·

277 2560 383 2606 τοντα.
1071 2542 1260 2624 teroipiant.

321 2666 353 2710 v.
372 2645 562 2730 13,14.1ῷ
583 2640 801 2709 καταδιελόντι
819 2645 878 2730 την
894 2641 1026 2728 ἐρυθρὰν
1113 2666 1145 2710 v.
1164 2646 1284 2726 13,14.
1303 2647 1366 2724 Qui
1386 2646 1504 2712 divisit
1523 2663 1614 2714 κιαικ
1627 2646 1762 2713 rubrum
1783 2650 1820 2714 ira

276 2749 446 2818 θάλασσαν
469 2752 512 2830 είς
539 2748 736 2834 διαιρέσεις...
764 2749 819 2812 καί
844 2747 1025 2834 διαγαγόντι
1068 2749 1276 2817 divisiones...
1303 2751 1365 2828 Qui
1386 2750 1537 2818 tradiceit
1550 2754 1658 2818 Israel
1672 2771 1737 2836 per
1757 2772 1823 2820 τινα·
1913 2851 1915 2856 Ι

278 2857 331 2920 τδν
347 2855 478 2940 Ἰσραὴλ
492 2856 546 2920 διίι
562 2852 657 2940 μέσον
672 2854 782 2939 αὐτῆς.
1069 2854 1161 2920 ἀίοντα
1176 2855 1256 2936 ejus.

323 2957 419 3037 Θείας
430 2959 466 3024 δέ
477 2959 637 3045 δυνάμεως
648 2957 686 3022 οὐ
698 2955 791 3045 μόνον
802 2953 961 3042 διαίρεσις,
970 2955 1026 3022 ἀλ-
1111 2959 1243 3024 Divinae
1258 2961 1418 3040 potentiae
1432 2977 1517 3042 opus
1532 2977 1600 3024 non
1616 2961 1688 3026 sola
1702 2967 1753 3026 est
1768 2962 1817 3026 di·

278 3060 322 3126 λθι
332 3065 368 3126 τὸ
379 3061 543 3147 θαρρῆσαι
558 3065 610 3127 τὸν
621 3060 754 3146 Ἰσραὴλ
769 3061 821 3126 ἐπί
832 3069 876 3146 τῷ
887 3059 1025 3145 mpero
1068 3064 1164 3143 visio,
1180 3064 1239 3128 sed
1254 3063 1414 3128 fiduciam
1428 3064 1562 3128 dedisse
1575 3067 1692 3130 Israeli
1705 3067 1740 3130 in
1756 3066 1819 3130 hoo

279 3162 322 3249 ξφ
336 3166 391 3230 καί
403 3167 446 3252 μὴ
460 3163 638 3250 πτοηθέντα
649 3173 769 3250 φυγεῖν,
785 3161 1026 3249 κορυρουμένων
1069 3167 1235 3249 prodigio,
1252 3172 1291 3232 ut
1313 3187 1375 3232 nee
1396 3167 1604 3250 formidaret,
1628 3188 1738 3252 nequa
1761 3189 1821 3234 au·

278 3267 473 3353 ἑκατέρωθεν
487 3278 549 3336 τῷν
569 3269 708 3335 ὑδάτων·
731 3290 767 3334 το
791 3267 906 3354 μηκέτι
920 3267 1027 3354 γενέσ-
1071 3270 1217 3352 fugeret,
1239 3273 1320 3336 dum
1335 3271 1416 3335 hino
1431 3275 1466 3336 et
1487 3272 1565 3336 inda
1588 3291 1686 3355 aquae
1709 3275 1819 3354 erige-

278 3371 329 3438 θαι
343 3374 402 3459 τὴν
417 3383 474 3458 τῆς
493 3373 662 3457 θαλάσσης
678 3370 837 3458 διαίρεσιν,
854 3373 892 3438 οὐ
906 3373 1028 3457 φύσεως
1073 3382 1191 3441 rentur
1214 3378 1249 3440 in
1273 3378 1468 3440 cumulum:
1498 3394 1574 3458 quae
1601 3378 1705 3442 meris
1727 3397 1823 3460 sepa·

277 3478 380 3562 έργον,
408 3477 492 3543 ἀλλὰ
516 3475 609 3544 θείαν
632 3476 769 3543 δείκνυσι
793 3476 948 3564 [δύναμιν]
972 3486 1027 3543 τοῦ
1072 3484 1170 3562 ratio,
1194 3499 1301 3562 quum
1316 3482 1471 3546 inaudita
1493 3485 1591 3561 esset,
1611 3483 1767 3562 ostendit,
1784 3484 1820 3547 in

277 3591 535 3669 καταποντισμοῦ
549 3583 604 3647 καί
618 3583 676 3670 τὴν
691 3582 918 3669 ἀγανάκτησιν.
1072 3586 1314 3664 submersione,
1330 3585 1392 3648 Dei
1406 3585 1593 3666 potentiam
1608 3589 1642 3649 et
1664 3586 1821 3666 indigna·

1074 3693 1211 3755 tionem.

319 3813 352 3856 v.
375 3792 425 3856 15.
448 3789 515 3855 Καί
536 3788 731 3869 ίκτινάξαντι
753 3789 875 3874 Φαραὼ
898 3792 953 3856 καί
968 3791 1026 3876 τὴν
1117 3815 1149 3858 v.
1179 3797 1229 3859 15.
1252 3797 1298 3860 Ei
1321 3796 1379 3877 qai
1405 3793 1548 3859 corrosit
1564 3792 1765 3858 Pharaonem
1790 3798 1821 3859 et

275 3895 407 3982 δύναμιν
423 3896 521 3960 αίιτοῠ
536 3895 580 3972 είς
594 3894 765 3960 θάλασσαν
780 3894 922 3980 ίρυθράν.
1068 3899 1223 3964 virtatem
1237 3898 1309 3979 ejas
1323 3898 1361 3961 iit
1376 3897 1467 3962 Mori
1481 3896 1587 3960 reiro.

320 3995 406 4084 Ὀρα
426 3999 463 4065 δὲ
484 4000 540 4064 καί
562 4001 621 4084 τὴν
644 3997 877 4084 μακροθυμίαν·
903 4001 940 4065 οὐ
961 4001 1022 4086 γὰρ
1110 4000 1194 4064 Vide
1210 4018 1344 4083 quoque
1357 4001 1662 4081 aequanimitatem:
1679 4019 1747 4064 non
1759 4019 1816 4066 eos

275 4105 389 4181 αίιτοὺς
420 4103 560 4184 ἀνεῖλεν,
584 4101 655 4166 ἀλλ’
673 4101 804 4180 ίαυτοὺς
834 4102 1024 4189 κατέκριναν
1066 4105 1243 4184 destruxit,
1259 4104 1318 4169 sed
1341 4105 1406 4187 ipsi
1429 4110 1536 4168 semet
1554 4107 1813 4186 damnaverunt,

275 4204 392 4285 ἀδίκως
407 4204 688 4290 έπιδιωκησαντες·
707 4206 754 4272 διδ
768 4209 825 4271 καί
839 4207 955 4286 πάντες
969 4229 1022 4272 πε-
1067 4209 1192 4290 injuste
1207 4213 1464 4290 persequentes3
1488 4209 1562 4272 ideo
1583 4226 1698 4274 omnes
1722 4211 1814 4292 passi

273 4309 433 4392 πόνθασιν,
449 4309 521 4376 ἀλλ’
532 4310 569 4374 οὐ
585 4308 678 4396 μίνος
693 4309 825 4396 Φαραί).
1067 4317 1157 4394 sunt,
1173 4332 1241 4377 non
1258 4313 1387 4377 Pharao
1403 4315 1505 4378 solus.
1738 4357 1740 4362 ·

317 4435 349 4480 v.
368 4418 418 4480 lo.
435 4415 489 4500 Τῷ
511 4411 693 4500 διαγαγόντι
707 4416 761 4479 τὸν
783 4413 862 4480 λαδν
877 4414 975 4481 αὐτοῦ
989 4417 1023 4482 έν
1111 4438 1143 4481 ν.
1161 4421 1212 4482 16.
1232 4419 1294 4494 oui
1309 4416 1459 4483 tradidit
1470 4417 1628 4498 ρορκίνακ
1642 4433 1740 4482 souin
1753 4433 1817 4500 per

273 4529 316 4606 τῷ
333 4517 451 4605 ἐρήμῳ.
1069 4522 1241 4588 desertam.

316 4622 386 4689 Οδκ
408 4623 540 4688 ἔλαττον
554 4631 611 4710 της
632 4621 803 4710 θαλάσσης
824 4632 881 4712 της
901 4623 1020 4711 ίρήμου
1109 4629 1194 4692 Mari
1210 4627 1312 4692 rubro
1327 4627 1441 4690 minus
1457 4643 1524 4690 non
1541 4632 1592 4690 est
1607 4627 1731 4691 deserti
1743 4643 1817 4710 pro

304 4860 357 4920 es.
370 4873 485 4918 oms.
497 4875 526 4916 v.
540 4859 595 4914 1-θ.
608 4859 714 4916 Veto.
1102 4862 1243 4932 τ.13,14.
1263 4863 1330 4920 Vat
1348 4862 1374 4917 δ.
1393 4857 1493 4920 Etiam
1510 4861 1739 4936 chrysostomus
1756 4861 1821 4918 heo

305 4963 334 5004 τ.
346 4947 373 5017 4,
386 4947 428 5003 11.
442 4946 509 5003 Vat
523 4947 548 5001 5.
567 4947 678 5004 Nostra
688 4947 738 5005 rel
750 4946 853 5006 brevio
870 4949 1025 5006 confirmet
1067 4950 1112 5007 ita
1124 4948 1283 5022 amplificat
1295 4954 1328 5005 ut
1340 4955 1442 5006 nostra
1453 4949 1563 5023 legisse
1574 4949 1721 5024 probetur.

272 5027 457 5174 Hlarzoleota,
470 5030 540 5088 dum
555 5032 694 5106 pleraque
706 5033 828 5108 periodo
837 5035 954 5108 prolixe
965 5055 1024 5094 em-
1105 5053 1133 5094 v.
1147 5036 1245 5108 15,1o.
1261 5037 1326 5094 θαι.
1336 5037 1362 5092 5.

271 5131 337 5192 pao
353 5117 420 5174 ⁸tor.
