4036 6090
314 414 375 476 154
970 414 1183 479 ORIGENES

306 574 372 638 μαι,
396 551 455 618 οθκ
477 551 561 640 ἔστιν
583 551 691 636 ἰατρὸς
710 548 891 630 ἀπαλλάξαι
914 549 1056 616 θάνατον
1103 555 1175 618 nim
1187 554 1260 636 jam
1283 573 1350 620 non
1367 556 1488 621 videbo
1512 573 1596 622 enm.
1613 559 1761 623 Medicus
1784 576 1850 622 non

305 656 516 742 δυνάμενοςή
528 659 585 733 τὰς
597 654 699 733 αἰτίας
710 653 796 742 ήμᾶς
808 653 949 720 διδάσκει
958 655 1056 740 Χρισ-
1105 662 1227 741 estqui
1239 665 1383 727 mortem
1399 666 1532 726 auertat
1542 665 1605 727 Vel
1620 662 1773 727 Christus
1789 681 1849 726 nos

305 762 359 838 τὸς
373 769 431 844 τῆς
446 761 491 837 εἰς
502 761 555 824 τὸν
571 759 712 827 θάνατον
724 759 821 824 αὐτοῦ
836 758 985 842 καθόδου,
1003 780 1057 846 μυ-
1104 761 1221 826 edocet
1236 781 1356 828 causes
1372 768 1426 830 sui
1442 767 1478 828 in
1501 761 1642 830 mortem
1658 766 1849 832 descensus.

303 869 430 954 νσνουχί
452 865 538 953 λέγει
554 868 601 932 ὅτι
623 868 695 931 οὔτε
717 868 751 932 ἐν
766 875 888 950 νεκροῖς
911 866 1055 950 δυνατὸν,
1104 867 1354 931 Tantummodo
1377 886 1444 931 non
1461 868 1559 932 dicit:
1583 871 1699 951 Neque
1715 870 1750 932 in
1765 887 1852 933 mor-

307 973 395 1057 ιρησί,
418 969 609 1057 ποιήσασθαι
632 971 808 1056 θαυμάσιοι,
831 973 904 1036 οὔτε
931 972 1056 1056 ἰατροὺς
1102 971 1173 1034 tuis
1185 971 1236 1035 fus
1248 977 1299 1036 est
1311 974 1478 1036 miracula
1492 973 1612 1053 faeere,
1625 991 1735 1055 neque
1746 974 1850 1038 susei-

305 1076 494 1161 ἀναστῆσαι,
510 1078 561 1142 ίνα
583 1072 876 1162 έξομολογήσωνταί
899 1095 958 1156 σοι,
982 1077 1056 1140 οὔτε
1101 1080 1174 1138 ture
1189 1075 1347 1156 medicos,
1361 1081 1401 1140 ut
1415 1077 1479 1140 tibi
1491 1076 1726 1159 confiteantur,
1741 1095 1853 1159 neque

306 1181 370 1266 μήν
384 1179 413 1243 οἱ
428 1181 461 1246 ἐν
475 1190 514 1266 τῇ
530 1177 671 1265 ἀπωλείᾳ
693 1180 818 1246 δυνατοί
832 1179 916 1263 ήσαν
937 1178 1056 1264 γνῶναί
1102 1179 1181 1242 licet
1192 1181 1235 1242 iis
1243 1181 1303 1260 qui
1311 1181 1501 1262 perditione
1513 1182 1786 1262 pessumdantur,
1794 1199 1852 1245 no·

306 1305 364 1348 σου
375 1286 434 1369 τήν
449 1282 611 1368 ἀλήθειαν·
623 1284 734 1348 τούτου
751 1283 853 1370 χάριν,
867 1283 984 1368 Πάτερ,
1002 1283 1056 1348 καί
1102 1300 1196 1347 scere
1210 1288 1307 1347 tuam
1323 1285 1511 1348 veritatem.
1528 1287 1578 1350 Ea
1594 1291 1740 1368 propter,
1756 1302 1775 1348 o
1791 1287 1851 1348 Pa·

303 1396 370 1466 τοῖς
385 1388 418 1454 ἐν
434 1388 511 1474 ᾅδου
533 1387 813 1473 καταλελόγιομαι,
829 1389 880 1453 ἵνα
901 1386 1055 1452 ἀναστάν-
1101 1389 1163 1466 ter,
1180 1389 1283 1450 etiam
1300 1391 1336 1451 iu
1352 1389 1483 1453 inferno
1499 1407 1577 1454 oum
1593 1392 1737 1454 mortuis
1752 1407 1849 1471 repu-

304 1512 357 1568 τες
372 1492 401 1557 οἱ
416 1492 450 1558 ἐν
465 1501 503 1578 τῇ
521 1490 751 1578 ἐπιλελησμένρ
767 1502 820 1578 γῇ,
836 1493 964 1558 καὶτῶν
977 1491 1058 1557 θαυ-
1102 1495 1193 1555 tatus
1204 1510 1292 1572 sum,
1305 1496 1345 1556 ut
1355 1493 1415 1556 ubi
1429 1495 1641 1558 surrexerint
1652 1495 1688 1557 hi
1700 1495 1760 1574 qui
1771 1499 1853 1557 sunt

306 1593 426 1682 μασίων
441 1617 497 1661 σου
513 1604 623 1680 πεῖραν
643 1594 778 1677 λάθοιεν,
802 1597 857 1660 καί
879 1595 1055 1682 διηγήσων-
1102 1597 1139 1660 io
1153 1602 1244 1661 terra
1258 1596 1437 1678 oblivionis,
1468 1599 1688 1679 experiantur
1706 1601 1768 1660 tue
1790 1597 1851 1658 mi·

305 1721 357 1764 ται
373 1699 402 1764 οἱ
416 1699 514 1764 πάλαι
526 1701 560 1764 ἐν
574 1709 618 1785 τῷ
630 1699 734 1765 σκότει
751 1702 809 1786 τήν
820 1698 974 1784 ἀλήθειάν
987 1721 1054 1765 σου.
1102 1700 1235 1780 rabilia,
1266 1704 1369 1781 utque
1401 1703 1527 1765 iterum
1549 1703 1730 1765 veritatem
1750 1705 1851 1763 tuam

304 1801 485 1870 Ἀπωλειαν
499 1802 534 1868 δέ
556 1824 632 1888 φησι
647 1807 684 1869 τὸ
706 1813 768 1870 τῶν
782 1813 900 1889 νεκρῶν
926 1803 1055 1889 χωρίον,
1103 1780 1261 1868 enarren't
1275 1807 1336 1887 qui
1352 1807 1508 1870 hubitant
1525 1808 1563 1870 io
1578 1805 1725 1870 temore.
1738 1804 1853 1868 Perdi-

305 1905 359 1973 διά
372 1909 408 1970 τὸ
425 1905 610 1974 ἀνέλπιστον
629 1916 686 1993 της
709 1907 804 1992 ζωής.
822 1947 864 1958 -
882 1907 928 1974 Ἠ
943 1930 989 1986 τις
1003 1908 1058 1974 τά·
1101 1909 1229 1972 tionem
1244 1916 1343 1974 vocet
1357 1913 1470 1974 locum
1493 1916 1704 1975 mortuorum
1720 1911 1762 1974 ob
1777 1912 1852 1973 nul·

305 2031 364 2096 μσς
378 2009 609 2096 κεκονιαμένος
623 2014 678 2075 καὶ
694 2020 845 2097 μνημεῖον
857 2012 976 2098 άδήλον
988 2014 1056 2098 ἔχει
1102 2015 1170 2078 lum
1187 2015 1222 2078 in
1237 2031 1276 2078 eo
1298 2033 1392 2098 spem
1407 2019 1487 2080 vttae
1512 2017 1712 2080 habendam.
1730 2051 1768 2062 -
1785 2017 1849 2078 Vel

305 2113 452 2201 λάρυγγα
471 2115 572 2200 τάφου
595 2114 805 2202 ἀνεῳγμένου,
829 2117 863 2183 ἑν
884 2116 984 2201 τούτῳ
1000 2116 1059 2182 οὐκ
1102 2120 1204 2198 quale
1219 2122 1414 2202 sepulerum
1427 2124 1478 2184 est
1488 2121 1683 2185 dealbatum
1703 2123 1764 2182 aut
1778 2118 1851 2181 obs-

306 2221 406 2300 ἔσται,
422 2221 584 2285 οὐκέσται
600 2218 745 2306 διήγησις
760 2219 851 2287 ἐλέου
864 2220 963 2287 Θεοῦ·
978 2223 1055 2285 ὅταν
1102 2240 1223 2286 eurum
1236 2229 1504 2304 mouumentum,
1519 2225 1609 2306 quod
1622 2241 1658 2288 os
1667 2224 1790 2286 hebeat
1800 2227 1853 2285 tu·

189 2390 191 2396 ,
308 2323 421 2402 ἐντοῖς
445 2323 625 2410 μυστηρίοις
641 2322 859 2410 συναγὼμεθα,
882 2321 1059 2408 ἀπολλυμέ-
1103 2329 1189 2390 muli
1209 2328 1345 2392 hiantis.
1363 2332 1401 2392 111
1423 2330 1529 2394 simili
1544 2331 1616 2392 looo
1631 2347 1699 2393 non
1719 2330 1784 2391 erit
1798 2345 1850 2391 su·

307 2450 372 2506 νοις
387 2431 424 2493 oo
440 2427 636 2512 παραδοτέον
651 2430 709 2514 τήν
726 2427 886 2513 ἀλήθειαν.
906 2464 945 2474 -
962 2426 1008 2512 Γή
1025 2429 1055 2492 έ-
1103 2449 1156 2512 ωε,
1173 2449 1241 2495 nou
1264 2434 1330 2504 erit
1352 2435 1521 2497 enarratio
1544 2433 1782 2497 misericordius
1805 2433 1854 2495 di·

307 2531 522 2617 πιλελησμένη
539 2531 658 2619 έστίνή
676 2533 764 2619 ψυχή
780 2531 906 2617 λογική,
922 2540 984 2598 τῶν
998 2541 1057 2597 τοῦ
1102 2539 1202 2600 vinee.
1220 2539 1359 2613 Quando
1375 2542 1511 2619 propter
1534 2540 1699 2620 mysteria
1715 2553 1855 2614 cougre-

302 2635 398 2722 ,άγίου
424 2635 609 2723 Πνεθματος
634 2635 828 2722 ἐστερημένη
856 2645 996 2721 καρπῶν.
1014 2673 1053 2683 -
1103 2658 1238 2720 gamur,
1253 2642 1393 2722 perditis
1416 2659 1484 2705 nou
1506 2647 1558 2706 est
1579 2642 1743 2706 tradenda
1765 2641 1855 2704 veri-

307 2737 431 2827 Ὤσπερ
440 2742 545 2820 ἐντοῖς
554 2740 902 2814 ἀπολολίσινσθκέστιν
913 2739 1058 2825 ἀλήθεια,
1102 2751 1165 2810 tes.
1180 2781 1220 2791 -
1234 2749 1338 2812 utrm
1351 2746 1503 2812 obliuioni
1516 2746 1593 2812 dota
1608 2748 1784 2811 rationulis
1805 2752 1856 2810 est

311 2849 411 2924 οὕτως
426 2847 459 2912 ἐν
481 2855 547 2922 τοῖς
562 2843 793 2931 έσκοτισμένοις
808 2843 867 2909 οὐκ
888 2845 954 2910 ἔστι
979 2843 1060 2910 θαυ-
1103 2853 1218 2916 animo
1240 2851 1408 2915 fructibus
1430 2853 1539 2915 saneti
1560 2851 1706 2933 Spiritus
1729 2851 1855 2914 orbato.

307 2951 417 3037 μαοία.
433 2949 480 3016 Οὐ
496 2951 637 3034 δυνατὸν,
650 2953 739 3036 φησί,
751 2952 823 3026 τοὺς
836 2950 880 3026 εἷς
895 2948 980 3015 κόνιν
992 2949 1057 3014 δια·
1104 2958 1198 3020 sicut
1213 2958 1249 3019 in
1263 2956 1415 3037 reprobis
1430 2973 1497 3020 uon
1514 2959 1566 3020 est
1580 2957 1716 3034 veritus,
1733 2956 1781 3018 itu
1795 2973 1853 3018 ne·

307 3055 457 3133 λνθένπας
478 3057 618 3140 νεαροὺς,
634 3056 690 3120 οιαὶ
705 3056 738 3120 ἐν
753 3062 797 3140 πω
817 3053 905 3138 ζοφω
920 3063 976 3117 τοῦ
998 3052 1059 3117 θα·
1104 3077 1171 3141 que
1186 3061 1240 3123 his
1256 3061 1316 3142 qui
1342 3061 1378 3123 in
1405 3061 1555 3124 tenebris
1579 3065 1669 3139 suut,
1686 3060 1856 3124 mirabilia

306 3161 404 3227 νάπον
418 3161 595 3247 διάγοντας,
611 3161 666 3226 ναὶ
679 3156 761 3242 λήθω
776 3155 1057 3243 παραδεδομένους,
1103 3169 1296 3244 ooourrunt3
1312 3163 1387 3228 fieri
1399 3183 1466 3228 non
1482 3168 1602 3246 potest,
1615 3166 1672 3244 nit,
1686 3165 1795 3244 utqui
1808 3163 1856 3226 di-

307 3276 366 3352 πῆς
389 3275 448 3352 οθς
470 3265 632 3332 αἵοθεαθαν
654 3261 897 3349 φιλανθρωπίας,
920 3263 976 3327 παῑ
997 3271 1060 3328 τῶν
1104 3272 1189 3351 lapsi
1206 3270 1242 3333 in
1258 3271 1416 3350 cinerem,
1432 3273 1514 3334 sunt
1530 3270 1659 3332 mortui
1675 3273 1709 3332 et
1731 3269 1767 3331 in
1783 3285 1856 3331 um·

308 3379 373 3436 σων
387 3370 558 3458 θεαμάτων
572 3369 693 3446 θεατὰς
707 3376 916 3452 καταστῆναι.
1103 3377 1165 3440 bra
1181 3376 1299 3438 mortis
1318 3372 1444 3455 jacent,
1461 3382 1495 3438 et
1515 3373 1678 3437 oblivioni
1700 3374 1763 3436 toti
1786 3379 1853 3437 tru-

1106 3483 1244 3560 duntur,
1259 3485 1354 3543 tuam
1369 3481 1520 3544 sentient
1539 3482 1766 3560 clementium,
1781 3485 1855 3543 tuo·

1105 3603 1250 3667 rumque
1265 3585 1474 3649 mirabilium
1496 3586 1620 3648 sistent
1640 3603 1676 3648 se
1692 3589 1854 3666 spectato

1104 3710 1168 3755 res.

353 3809 385 3854 v.
404 3790 454 3854 14.
478 3785 592 3873 Κάγὼ,
615 3785 724 3872 Κύριε,
739 3789 817 3872 πρὸς
833 3788 870 3852 σὲ
892 3783 1059 3870 ἐκέκραξα,
1149 3814 1180 3858 v.
1199 3794 1249 3857 14.
1264 3795 1310 3859 Et
1330 3811 1384 3876 προ
1398 3791 1441 3858 od
1462 3795 1502 3872 te,
1527 3792 1672 3870 Βυιαίιιε,
1698 3791 1849 3871 clamosi,

307 3897 363 3959 καί
376 3897 413 3959 τὸ
429 3892 544 3978 πρωίή
560 3891 723 3977 προσευχή
740 3914 800 3978 μου
815 3891 989 3977 προρθάσει
1007 3911 1053 3955 σε.
1104 3907 1136 3967 et
1150 3916 1243 3964 mane
1258 3900 1362 3964 oratio
1376 3916 1447 3963 αιεα
1455 3897 1631 3979 proveniet
1646 3901 1685 3962 te.

352 3997 598 4084 Ἀπαλλαγήναι
620 4006 681 4062 τῶν
708 3995 910 4083 ἐπικειμένων
931 4004 1060 4062 ποτνιῶ-
1151 4003 1378 4068 Averrunoeri
1391 4001 1702 4065 imminentiomulu
1713 4017 1770 4064 oro
1779 4018 1856 4082 sup-

309 4125 375 4190 μοι,
390 4105 446 4168 καί
459 4102 567 4188 φθάνω
582 4111 621 4187 πή
637 4100 743 4185 δεήσει
759 4103 813 4167 τὸν
828 4099 949 4185 ὄρθρον.
967 4097 1005 4164 ‘0
1020 4099 1056 4164 δὲ
1108 4109 1197 4190 plex,
1207 4104 1427 4170 etudiluoulo
1439 4106 1597 4187 precibus
1604 4121 1752 4169 ooourro.
1763 4107 1856 4187 Sym-

309 4209 484 4297 Σθμμαχος
500 4210 612 4284 οὕτως·
628 4205 727 4291 Ἐμοῠ
742 4206 777 4271 δέ
792 4207 869 4289 πρὸς
885 4205 932 4286 σὲ,
949 4202 1059 4287 Κύριε,
1107 4212 1248 4275 machus
1263 4213 1378 4273 eutem
1390 4210 1426 4272 in
1439 4209 1531 4272 hune
1542 4209 1697 4272 modum:
1712 4207 1857 4272 Acmon

309 4314 331 4399 ή
355 4315 488 4399 οἰμωγή,
515 4313 569 4376 καί
591 4310 663 4375 κατ’
679 4308 789 4397 ὄρθρον
809 4305 972 4392 προσευχή
997 4327 1061 4391 μου
1106 4316 1347 4399 ααίεραυιίίαυ,
1361 4315 1651 4391 Βαρτίμαοίυιυιιε
1659 4327 1858 4392 precesmeo

310 4417 486 4504 προρθάσει
508 4436 554 4480 σε.
572 4454 613 4464 -
629 4413 688 4480 Διὰ
710 4423 821 4493 ταῦτα,
845 4413 934 4497 φησί,
949 4409 1059 4496 λείψα-
1099 4421 1299 4503 praemon
1310 4423 1348 4482 te.
1361 4421 1551 4500 Propterea,
1568 4419 1690 4498 inquit,
1702 4417 1785 4480 dum
1800 4416 1856 4479 ad·

310 4543 364 4590 νον
378 4525 423 4588 ἔτι
438 4521 528 4606 παίω
539 4527 601 4584 πων
616 4517 742 4598 ζωννων
757 4517 918 4602 ὑπάρχων,
935 4514 1059 4600 παχέως
1107 4529 1174 4592 huo
1197 4543 1273 4590 sum
1295 4528 1382 4591 inter
1405 4526 1559 4588 viventes
1582 4522 1747 4601 residuus,
1764 4523 1857 4586 ouius

310 4635 418 4715 τυχεῖν
430 4646 486 4690 οοω
499 4633 556 4711 τῆς
568 4621 801 4711 φιλανθρωπίας
816 4620 1010 4705 παρανιαλω·
1026 4623 1062 4685 πὸ
1108 4632 1242 4714 postulo
1258 4634 1298 4693 ut
1319 4635 1379 4692 tuo
1402 4646 1485 4707 ergo
1500 4628 1654 4691 homines
1676 4627 1859 4691 clementie

294 4734 372 4818 γὰρ
395 4730 479 4815 πρωϊ
499 4729 550 4795 ἐπί
572 4736 629 4792 τοῦ
650 4726 770 4812 τάχους
792 4722 994 4810 λαμθάνει,ή
1016 4722 1062 4788 ὅτι
1110 4735 1214 4798 fruar.
1231 4736 1327 4800 Mune
1344 4735 1470 4816 quippe
1486 4748 1546 4814 pro
1562 4732 1629 4795 oito
1641 4731 1773 4812 accipit,
1786 4730 1857 4792 sive

311 4835 420 4921 φθάνω
435 4843 474 4918 τῇ
491 4829 597 4916 δεήσει
612 4832 653 4896 τὰ
667 4827 868 4916 ἐλπιζόμενα·
1109 4840 1151 4903 ed
1166 4840 1255 4902 bona
1270 4842 1404 4920 sperata
1421 4836 1577 4919 precibus
1593 4851 1744 4916 propero.

347 5159 375 5200 ν.
389 5145 431 5200 14.
444 5144 511 5201 Vei.
524 5143 550 5198 4.
562 5142 655 5199 Field.
669 5158 701 5212 ιι,
714 5141 775 5197 241.
