4036 6090
851 417 894 479 ιιι
918 417 1104 480 rsluuos
1566 423 1573 440 ·
1703 421 1741 482 sl
1794 508 1796 514 ι

199 556 330 642 νησευν,
347 558 398 623 διὰ
414 565 470 642 τῆς
490 567 551 622 τῶν
567 555 777 642 αἰσθητηρίων
791 554 946 640 χρήσεως,
991 559 1201 638 theologicas
1217 560 1334 624 laudes
1351 561 1419 624 Deo
1435 562 1558 641 dignas
1574 581 1615 626 ex
1630 569 1744 626 mente

199 671 331 726 τοιαῦτα
345 661 490 745 πράττων
513 660 555 738 ὡς
571 659 757 740 δοξάζεσθαι
778 660 865 742 παρά
884 668 947 736 τοῖς
992 669 1178 756 repurgata
1203 665 1302 728 dicat.
1329 667 1449 728 Psallit
1474 672 1588 730 autem
1615 666 1744 729 nomini

199 766 295 849 δρῶσι
309 768 345 830 τό
361 767 461 851 ὄνομα
477 765 643 830 αὐτοῦτοῦ
659 763 753 832 Θεοῦ.
767 761 831 827 Καί
842 764 947 847 ὥσπερ
992 767 1076 847 eJus‚
1094 769 1151 831 ille
1168 770 1227 849 qui
1244 769 1326 832 dum
1342 771 1491 850 corporis
1510 775 1606 833 actus
1629 773 1743 832 movet

200 869 217 933 ό
244 868 399 955 τεχνίτης,
424 869 458 933 ἐν
474 871 499 954 ᾧ
515 868 638 952 ψάλλει,
655 869 692 932 οό
707 865 948 954 συγκεχυμένως
991 873 1090 962 solito
1106 891 1170 936 usu
1190 889 1364 952 sensuum,
1381 889 1421 936 ea
1438 875 1574 954 peragit
1585 891 1660 954 quas
1672 874 1745 950 glo·

199 973 306 1057 κρούει
320 975 377 1050 τάς
398 973 527 1060 χορδὰς,
552 972 622 1036 ἀλλ’
638 973 702 1037 οίδε
725 975 796 1048 τοὺς
819 973 948 1055 καιροὺς
986 977 1118 1039 riosum
1134 994 1247 1040 coram
1269 978 1500 1058 spectantibus
1524 994 1646 1039 nomen
1671 975 1741 1055 eju-

199 1079 341 1166 καίπούς
363 1077 487 1160 τόπους,
504 1074 559 1141 καί
573 1097 650 1141 ποτε
674 1078 730 1162 μὲν
746 1075 851 1160 τόνδε,
870 1095 947 1138 ποτε
991 1079 1084 1142 sdem
1097 1081 1158 1142 Dei
1171 1079 1309 1143 iaciunt.
1322 1081 1657 1162 thuemadmodum
1673 1098 1740 1143 me·

198 1181 234 1245 δὲ
248 1171 341 1266 τόνδε
353 1181 497 1266 κρούσει·
512 1184 610 1258 οὕτως
622 1181 639 1246 ό
651 1181 741 1257 εἰδὼς
759 1179 892 1264 ψάλλειν
904 1188 947 1264 τῷ
991 1182 1098 1261 lodus,
1115 1182 1196 1244 dum
1212 1185 1337 1264 psallit,
1354 1202 1420 1247 non
1437 1185 1575 1248 confuse
1601 1185 1743 1249 chordas

198 1295 254 1350 τοῦ
270 1284 414 1370 σώματος
437 1285 570 1370 ὀργάνῳ,
587 1282 726 1371 ῥυθμίζει
742 1287 819 1350 αὐτὸ
835 1293 880 1369 τῷ
895 1283 947 1348 λό-
992 1287 1110 1366 exciet,
1125 1287 1183 1350 sed
1200 1288 1365 1366 intelligit
1378 1292 1530 1369 tempora
1547 1294 1581 1352 et
1603 1291 1686 1368 loca,
1703 1307 1742 1350 ac

199 1409 246 1475 γιρ
261 1399 315 1454 τοῦ
332 1388 425 1472 Θεοῦ,
438 1391 493 1454 καί
504 1389 569 1454 οίδε
581 1389 657 1454 πότε
668 1387 790 1473 κινήσει
802 1390 860 1474 την
871 1410 946 1475 χορ·
991 1391 1089 1455 modo
1104 1392 1221 1472 hence,
1237 1394 1374 1456 illamve
1386 1393 1484 1456 modo
1496 1393 1655 1456 chordam
1668 1409 1741 1473 per-

199 1492 268 1579 δην,
291 1495 349 1579 την
372 1502 466 1579 χεῖρα
487 1495 578 1579 θεὸν
600 1492 692 1576 πόδα,
716 1495 769 1557 ίνα
791 1493 947 1577 περιπάτη
991 1497 1112 1558 cutiet:
1130 1497 1178 1558 ita
1193 1497 1252 1578 qui
1268 1497 1398 1577 peritus
1414 1501 1465 1559 est
1479 1496 1646 1577 psallendi
1661 1513 1739 1558 cum

200 1595 242 1674 ὡς
257 1594 339 1680 δέον,
351 1598 403 1660 ίνα
417 1596 540 1680 πράττῃ
555 1599 591 1662 τό
606 1595 744 1681 πρέπον·
759 1599 812 1661 τὸν
831 1597 947 1682 όφθαλ-
991 1601 1140 1680 corporis
1148 1600 1383 1680 instrumento
1392 1599 1534 1680 hujusce
1542 1600 1741 1682 rhythmum

203 1703 272 1786 μὸν,
292 1702 343 1765 ίνα
359 1702 402 1786 μη
426 1701 558 1787 ἐκμελὲς
584 1701 636 1786 ίδη
659 1703 713 1765 καί
735 1704 811 1786 πρὸς
833 1704 869 1766 τὸ
884 1701 949 1766 ἐπι·
992 1703 1093 1786 verbo
1109 1705 1171 1766 Dei
1185 1704 1424 1783 accommodat,
1437 1709 1471 1766 et
1482 1705 1577 1766 novit
1592 1703 1740 1784 quando-

201 1805 349 1892 θυμῆσαι·
365 1808 400 1870 τό
417 1807 480 1888 ούς,
496 1807 547 1871 ίνα
563 1808 605 1891 μὴ
619 1804 835 1889 παραδέξηται
846 1805 949 1891 άκοην
992 1825 1071 1871 nam
1096 1809 1159 1870 rite
1187 1809 1337 1871 movebit
1362 1807 1532 1887 chordam,
1561 1825 1743 1870 manumve

201 1908 354 1995 ματαίαν·
369 1912 405 1974 τὸ
420 1909 531 1995 στόμα,
548 1912 599 1974 ίνα
623 1911 665 1995 μὴ
682 1908 765 1995 λαλη
782 1909 878 1993 ἀργόν
893 1909 948 1994 llil·
992 1915 1052 1974 aut
1066 1911 1195 1991 pedem,
1212 1916 1251 1974 ut
1273 1912 1425 1974 ambulet
1440 1911 1498 1974 ubi
1522 1915 1683 1992 oporteat,
1701 1917 1740 1974 ut

200 2033 254 2099 μα.
268 2013 362 2078 Ἔστι
383 2015 438 2079 καί
458 2023 497 2099 τη
520 2015 620 2099 χορδη
644 2021 701 2097 της
723 2013 843 2090 κοιλίας
865 2013 946 2101 χρη·
992 2031 1183 2093 congruum
1199 2020 1313 2078 actum
1329 2020 1427 2094 agat3
1444 2016 1515 2078 sive
1539 2017 1686 2094 oculum,
1703 2021 1743 2079 ut

200 2117 316 2182 σασθαι
336 2117 489 2203 ἐμμελῶς,
513 2119 565 2182 ὅτε
580 2119 624 2196 εἰς
639 2117 734 2197 δόξαν
750 2117 834 2185 Θεοῦ
849 2116 947 2184 ἑσθίο-
992 2119 1079 2183 nihil
1106 2120 1259 2200 ineptum
1289 2124 1425 2198 cernat,
1459 2119 1634 2200 nequead
1665 2136 1742 2182 con-

202 2243 259 2307 μεν
273 2223 329 2286 καί
343 2221 481 2307 πίνομεν.
992 2223 1252 2304 cupiscendum3
1276 2224 1348 2308 siva
1371 2241 1500 2302 aurem,
1521 2241 1563 2286 ne
1587 2240 1739 2304 unquam

243 2324 316 2392 Ἐπί
338 2326 472 2412 δυσμῶν.
490 2365 530 2375 -
547 2325 668 2412 Δυσμαί
690 2327 750 2392 εἰσι
772 2325 880 2411 φύσεις
896 2326 948 2390 λο-
993 2331 1158 2412 percipiat
1171 2347 1298 2392 vanum
1314 2329 1485 2408 auditum;
1501 2330 1573 2392 sive
1585 2346 1632 2409 os,
1648 2346 1691 2392 ne
1707 2345 1740 2390 o-

201 2430 289 2514 γικαί
318 2429 509 2494 ἐκπεσοῦσαι
531 2439 587 2494 τοῦ
609 2438 666 2514 της
689 2429 889 2514 δικαιοσύνης
911 2429 948 2515 ἡ·
992 2433 1117 2495 tiosum
1147 2430 1296 2512 proferat
1318 2431 1470 2495 verbum.
1504 2435 1610 2495 Immo
1637 2434 1740 2496 etiam

204 2533 282 2600 λίου.
308 2573 344 2582 -
369 2533 609 2619 Ὀδοποιησατε.
634 2534 732 2620 Ζητεῦ
758 2537 813 2599 καί
841 2535 875 2600 ἐν
902 2537 951 2600 σοί
993 2539 1070 2616 apte
1083 2535 1247 2599 utendum
1259 2541 1311 2600 est
1321 2536 1446 2599 chorda
1457 2538 1595 2616 ventris,
1605 2537 1740 2618 quando

202 2646 413 2722 περιπατῆσαι
439 2638 456 2703 ό
482 2637 608 2723 Κύριος,
632 2639 687 2703 καί
710 2637 832 2724 βλέπων
851 2639 948 2704 ἀκάν-
994 2640 1036 2702 ad
1048 2641 1194 2718 gloriam
1207 2641 1268 2704 Dei
1280 2640 1525 2704 manducamus
1538 2645 1571 2705 et
1581 2640 1740 2704 bibimus.

203 2742 270 2826 θας,
285 2741 403 2827 ἡδονὰς
417 2743 472 2807 καί
484 2742 632 2829 μερίμνας
645 2742 678 2808 ἐν
690 2745 750 2825 σοὶ,
767 2743 882 2821 ἄλλους
893 2744 949 2829 ζη-
1037 2745 1142 2826 Super
1160 2761 1313 2832 occasum.
1338 2747 1482 2809 Occasus
1498 2750 1579 2808 sunt
1600 2747 1741 2826 spiritus
1838 2743 1840 2748 “

200 2855 250 2910 τεῖ
262 2831 452 2931 περιπάτους
466 2845 719 2930 καθαρωτάτους,
736 2848 790 2910 καί
801 2848 838 2911 σὲ
851 2868 949 2912 κατα·
994 2848 1053 2927 qui
1069 2865 1110 2910 ex
1132 2850 1201 2912 sole
1214 2847 1357 2928 justitiae
1373 2849 1576 2912 ceciderunt.
1593 2851 1664 2913 Iler
1676 2849 1737 2931 sor

202 2949 319 3014 λείπει·
334 2948 517 3034 ἐπιθήσεται
536 2949 571 3014 δὲ
586 2953 645 3034 σοί,
662 2953 738 3015 όταν
753 2951 812 3036 δύῃ
828 2951 845 3016 ό
861 2951 948 3017 ἐναν-
993 2951 1063 3015 cite.
1073 2951 1236 3014 Dominus
1250 2953 1352 3015 etiam
1369 2952 1404 3014 in
1416 2956 1449 3015 te
1461 2958 1539 3015 avet
1550 2953 1736 3032 ambulare,

131 3057 139 3068 '
201 3053 267 3130 τίος
282 3063 326 3140 τῷ
340 3052 421 3139 ἡλίῳ
437 3062 494 3138 της
516 3053 726 3139 δικαιοσύνης,
749 3055 838 3140 ἣλιος
853 3057 870 3120 ό
887 3055 949 3121 Σα-
993 3073 1032 3117 ac
1044 3054 1280 3118 vidensinesse
1289 3055 1474 3136 tibispinas
1483 3058 1695 3138 voluptatum
1705 3062 1739 3120 et

201 3165 309 3240 τανᾶς,
333 3157 721 3244 ὀμετασχηματιζόμενος
744 3160 788 3236 εἰς
811 3160 948 3245 άγγελον
992 3158 1247 3238 sollicitudines,
1261 3160 1383 3242 quaerit
1393 3160 1477 3223 alios
1491 3161 1622 3224 itineris
1632 3163 1740 3225 socios

204 3259 324 3344 φωτός·
341 3262 400 3326 εἰσί
416 3271 492 3347 γοῦν
507 3283 586 3340 τινες
602 3261 694 3347 ἐντῷ
709 3261 803 3347 νόμῳ,
820 3265 878 3341 ἕως
895 3265 951 3349 μὲν
993 3263 1201 3343 purissimos,
1217 3268 1318 3345 teque
1334 3262 1467 3327 deserit.
1484 3265 1651 3328 Ascendet
1665 3267 1738 3345 tibi,

202 3364 370 3430 ἀνατέλλει
380 3365 502 3443 ἑαυτοῖς
517 3366 603 3452 ότης
619 3366 741 3444 ἀδικίας
756 3367 854 3453 ἥλιος,
869 3368 950 3433 Ὶάκά-
993 3366 1128 3446 quando
1143 3366 1240 3430 cadet
1254 3367 1304 3430 sol
1320 3367 1377 3430 illc
1394 3369 1543 3446 Satanas,
1560 3369 1623 3431 soli
1641 3367 1741 3447 justi-

201 3467 310 3553 θαρτοι
320 3490 328 3506 ·
339 3468 396 3534 ἐάν
407 3468 442 3533 δὲ
454 3469 522 3554 δύη,
536 3469 670 3555 καθαροί
681 3492 688 3507 ·
700 3469 798 3536 δυέτιυ
812 3493 861 3536 σοι
872 3472 949 3538 πάν-
992 3471 1049 3533 tiae
1061 3469 1223 3550 infensus
1236 3472 1330 3533 larva
1345 3470 1492 3533 referens
1508 3473 1671 3549 angelum
1689 3474 1740 3534 lu-

201 3591 243 3638 τα
264 3594 314 3637 σοι
336 3571 481 3666 φωτίζειν
503 3573 702 3660 νομιζόμενα,
725 3578 780 3639 καί
802 3575 948 3655 δεδοξαα-
993 3576 1052 3638 cis.
1083 3577 1169 3638 Sunt
1198 3575 1308 3652 igitur
1334 3575 1370 3636 in
1397 3577 1474 3652 lege
1501 3577 1658 3638 nonnulli
1680 3577 1743 3638 im-

202 3675 282 3762 μένα
296 3677 356 3742 ύπό
379 3700 436 3744 σου
451 3680 506 3745 καί
528 3679 771 3766 θαυμαζόμενα·
786 3678 884 3744 δυέτυ
900 3703 948 3765 qu-
993 3680 1080 3761 puri,
1116 3680 1280 3761 quamdiu
1309 3679 1345 3742 in
1372 3681 1421 3743 eis
1449 3682 1558 3743 oritur
1580 3682 1629 3744 sol
1653 3679 1742 3760 inju-

202 3781 367 3867 λαργυρία,
383 3781 481 3848 caera
497 3782 648 3867 ἀλλοτρία
667 3783 864 3866 διδασκαλία,
881 3783 949 3850 δυέ-
992 3784 1109 3846 stitiae:
1133 3785 1187 3846 sin
1203 3783 1372 3862 occiderit,
1389 3785 1466 3865 puri
1481 3789 1571 3848 sunt.
1596 3786 1671 3848 Tibi
1688 3803 1741 3848 oc-

202 3905 248 3950 τοι
271 3884 421 3969 πορνεία,
445 3886 485 3971 ἣν
508 3886 647 3972 ἐνόμιζες
674 3887 726 3950 διά
751 3888 810 3972 την
831 3885 950 3972 ἡδονὴν
992 3886 1107 3950 cidant
1121 3904 1344 3967 quaecumque
1356 3888 1530 3950 luculenta
1542 3891 1687 3969 reputas,
1706 3894 1740 3952 et

202 3988 282 4053 εἶναί
296 4011 325 4053 τι
348 3989 476 4074 ἀγαθόν,
500 3991 551 4055 ίνα
574 3988 672 4075 ἐπεύῇ
688 3990 705 4055 ό
721 3988 836 4074 Κύριος
858 3989 949 4074 ποιη-
992 3991 1142 4070 gloriosa
1168 4009 1208 4053 ac
1225 3991 1405 4054 mirabilia.
1430 3992 1567 4054 Occidet
1588 3995 1740 4074 pecunia

201 4092 292 4157 σαντί
307 4114 356 4157 σοι
371 4093 490 4178 δυσμάς
506 4101 567 4158 τῶν
582 4091 740 4159 ἐναντίων.
992 4113 1097 4175 amor,
1123 4095 1253 4159 occidat
1282 4097 1395 4160 aliena
1424 4096 1587 4175 doctrina,
1611 4096 1741 4160 occidat

245 4195 486 4281 Ὁδοποιησατε.
496 4237 536 4245 -
549 4197 719 4282 Εύτρεπείς
731 4197 876 4283 γενέσθαι
889 4219 948 4284 φη-
993 4197 1180 4277 fornicatio
1197 4215 1299 4278 quam
1315 4202 1354 4261 tu
1370 4199 1411 4261 ob
1429 4202 1647 4280 voluptatem,
1667 4219 1739 4264 esse

204 4323 252 4368 σιν
267 4303 310 4380 εἰς
326 4305 361 4367 τὸ
377 4311 434 4386 της
450 4302 524 4367 όδοῦ
540 4300 663 4386 ἐκείνης
682 4301 877 4386 πορεύεσθαι,
894 4312 949 4367 τοῦ
992 4302 1128 4382 aliquod
1143 4303 1270 4365 bonum
1286 4303 1456 4382 censebas,
1467 4304 1565 4366 -unde
1580 4305 1742 4367 ascendat

201 4405 252 4472 ἐπ’
262 4407 385 4492 ἔσχατα
402 4405 540 4490 Χριστόν
563 4405 698 4491 ὀφθῆναι
719 4406 753 4471 ἐν
776 4408 870 4490 σαρκί
885 4417 949 4484 τοῖς
993 4407 1156 4470 Dominus
1171 4407 1207 4469 iu
1222 4411 1267 4486 te,
1279 4408 1308 4472 si
1321 4424 1434 4470 coram
1447 4409 1505 4471 illo
1516 4409 1667 4472 stravisti
1683 4409 1740 4472 ad-

202 4511 255 4576 ἐπὶ
266 4513 435 4597 γηςητοῐς
447 4509 665 4596 ἐπιθεθηκόσιν
677 4511 728 4575 ἐπί
738 4512 873 4597 δυσμῶν,
889 4522 950 4579 τῶν
992 4512 1159 4575 versarios
1182 4527 1329 4575 occasus.
1352 4513 1422 4575 Iter
1435 4511 1552 4593 facite.
1576 4514 1666 4576 Belle
1683 4531 1739 4594 pa-

203 4614 297 4701 μὲχρι
315 4616 392 4701 ᾅδου
408 4613 626 4700 πεποιημένων
642 4617 700 4700 τὴν
714 4615 858 4682 κάθοδον.
992 4621 1082 4710 ratos
1095 4634 1166 4680 esse
1185 4617 1234 4678 ait
1252 4615 1294 4678 ad
1306 4615 1456 4678 eundum
1469 4616 1533 4679 iter
1549 4617 1645 4695 illud,
1670 4633 1737 4696 quo

991 4722 1026 4782 in
1053 4720 1246 4784 novissimis
1275 4717 1425 4782 cernitur
1452 4720 1605 4783 Christus
1636 4739 1736 4783 carne

991 4827 1173 4904 accinctus
1188 4829 1262 4887 tum
1275 4825 1468 4887 hominibus
1483 4841 1586 4905 super
1602 4829 1738 4906 terram,

992 4938 1066 4994 tum
1090 4931 1132 4994 iis
1154 4930 1214 5009 qui
1237 4929 1484 4992 descenderunt
1507 4930 1543 4992 in
1567 4933 1738 5010 Occasum,

992 5035 1090 5115 cujus
1113 5033 1284 5099 descensio
1307 5033 1349 5096 ad
1381 5032 1505 5098 inferos
1536 5053 1644 5117 usque
1668 5054 1741 5116 per·

884 5171 886 5175 >
994 5139 1109 5218 tingit.

281 5262 431 5306 arsurem
451 5263 494 5319 ur,
516 5249 544 5303 ῦ.
