3966 6108
271 406 335 470 492
942 411 1152 477 ORIGENES

274 547 396 613 ὠσατο·
418 549 472 615 διόι
485 549 522 614 δὲ
544 561 600 617 τοῦ
615 552 770 640 παρόντος
792 551 889 638 λόγου
914 550 1020 618 διδασ·
1062 555 1129 618 nisi
1143 556 1250 636 aDe0,
1264 558 1314 620 uti
1325 564 1454 639 parest,
1467 559 1597 638 obtigit
1611 560 1826 626 illistantum

273 655 404 740 κόμεθα,
421 658 476 720 καὶ
490 657 611 739 τούτου,
626 657 670 735 ὡς
682 659 774 739 εἰκός,
791 655 969 742 παραδόξου
980 656 1019 721 ἐκ
1062 659 1267 742 prodigium,
1284 663 1332 726 ita
1348 669 1517 728 uteorum
1536 666 1654 729 nullus
1668 666 1704 730 in
1720 669 1828 748 AEgy-

275 741 331 824 τοῦ
346 758 430 826 Θεοῦ
453 760 559 838 αὐτοῖς
582 761 785 847 ὑπάρξαντος,
806 759 848 838 ὡς
870 760 909 825 ἂν
930 759 1021 846 μήτις
1067 767 1125 844 pto
1141 771 1303 845 maneret,
1320 769 1500 848 acorporis
1517 769 1753 833 imbecillitate
1768 789 1829 833 su-

274 863 417 950 άπομένη
442 865 475 931 ἐν
490 864 651 951 Αἰγύπτῳ,
675 867 735 931 ὑπό
759 876 815 952 της
837 876 894 932 τοῦ
918 866 1024 953 crispa
1068 871 1215 948 peratus.
1232 871 1275 932 Et
1290 870 1353 934 hoc
1369 871 1482 953 ipsum
1500 877 1574 935 erat
1591 873 1683 935 haud
1699 873 1829 938 medio-

274 990 328 1046 τος
343 967 519 1054 ἀρρωστίας
534 969 682 1055 νικηθείς.
697 969 758 1036 Ἠν
770 971 805 1036 δὲ
817 972 975 1035 καὶτοῦτο
987 971 1024 1035 οῦ
1069 989 1124 1035 cre
1140 975 1355 1055 miraculum,
1372 978 1459 1040 utin
1476 981 1527 1041 tot
1539 978 1749 1060 myriadibus
1764 979 1827 1042 ho-

275 1078 386 1168 μικρόν
400 1073 512 1159 θαῦμα
523 1074 557 1139 ἐν
568 1075 735 1152 τοσαύταις
748 1074 892 1160 μυριάσιν
904 1074 1024 1159 ἀνδρῶν
1068 1078 1201 1141 minum
1224 1083 1258 1142 et
1281 1081 1476 1160 mulierum,
1494 1086 1570 1162 post
1591 1082 1737 1145 laterum
1752 1099 1830 1145 coc-

274 1179 332 1242 καί
351 1169 526 1262 γυναικῶν·
554 1180 633 1263 μετά
656 1179 710 1243 τόν
732 1177 837 1261 πόνον,
863 1180 943 1263 μετὰ
965 1180 1024 1264 την
1068 1184 1211 1263 tionem,
1241 1189 1316 1265 post
1355 1189 1486 1249 tantam
1513 1186 1685 1249 miseriam
1713 1191 1747 1248 et
1775 1191 1831 1249 tot

277 1279 446 1364 πλινθείαν,
464 1283 544 1366 μετά
557 1283 617 1366 τὴν
631 1280 790 1366 τοσαύτην
800 1281 1028 1379 ταλαιπωρίαν,
1071 1287 1223 1368 verbera,
1239 1305 1282 1352 ue
1298 1307 1388 1354 unus
1403 1289 1541 1370 quidem
1557 1290 1713 1354 infirmus
1726 1297 1828 1370 esset,

281 1387 575 1473 καίτόιςμαστῖγας,
588 1386 1031 1473 οὐδέείςήνδάσθενῦν.Καὶ
1075 1393 1178 1480 idque
1204 1399 1254 1456 tot
1276 1396 1389 1476 plagis
1415 1399 1561 1478 AEgypto
1584 1396 1730 1461 afflictis.
1753 1399 1829 1460 Hoc

280 1500 384 1574 τοῦτο,
399 1491 557 1556 τοσούτων
571 1491 703 1577 πληγῶν
717 1493 752 1556 ἐν
766 1491 917 1577 Αἰγύπτῳ
936 1513 1030 1557 κατε·
1073 1515 1155 1561 saue
1171 1501 1302 1562 naturae
1318 1499 1471 1564 ordinem
1486 1499 1705 1564 transcendit.

281 1593 459 1679 νεχθεισῦν,
475 1596 636 1659 τοῦτοκαὶ
650 1605 707 1680 τῆς
722 1595 844 1680 φύσεως
855 1597 953 1683 αθτης
968 1598 1027 1682 την

280 1697 469 1765 ἀκολουθίαν
484 1697 671 1784 δπερθαίνει.
752 1767 763 1792 .

321 1823 354 1868 v.
370 1806 423 1868 38.
447 1802 618 1889 Εὐρράνθη
633 1802 794 1888 Αἴγυπτος
817 1804 852 1869 ἐν
874 1813 913 1888 τη
928 1803 1025 1889 ἐξόδῳ
1112 1829 1144 1874 ν.
1161 1810 1214 1874 38.
1229 1812 1352 1882 Lctctc
1366 1813 1590 1894 estAEppptcs
1604 1811 1641 1874 τ’τι
1649 1810 1828 1893 prrrs'ccta'o-

277 1909 391 1990 αὐτῦιν,
406 1909 455 1973 ότι
471 1907 624 1972 ἐπέπεσεν
640 1908 657 1973 ό
681 1905 777 1992 φόθος
792 1909 895 1972 αὐτῶν
910 1906 960 1974 ἐπ’
971 1909 1025 1974 αὐ-
1068 1931 1107 1977 tte
1121 1931 1240 1994 αῦτκινι,
1263 1915 1342 1994 μαῖα
1355 1915 1503 1980 timorit
1524 1917 1623 1980 timor
1638 1932 1747 1980 eorm
1767 1933 1826 1980 stt·

276 2011 358 2090 τοῦς.
1060 2034 1125 2098 ρον
1138 2035 1199 2084 eos.

319 2115 376 2182 Ἐν
398 2125 437 2200 τῇ
460 2117 556 2202 ἐξόδῳ
580 2117 640 2182 τιῖιν
661 2116 759 2203 άγίων
781 2115 811 2181 οἱ
833 2115 957 2196 άοεόεῐς
972 2119 1022 2183 εἰν-
1112 2122 1150 2182 Iu
1174 2121 1269 2184 exitu
1297 2125 1493 2186 sanctorum
1524 2123 1621 2204 impii
1653 2124 1824 2203 laetantur,

280 2218 472 2306 ρραίνονται,
486 2221 621 2307 οἰόμενοι
636 2221 699 2286 ἀπό
715 2231 770 2286 τοῦ
786 2220 884 2307 ρόῦου
899 2222 1023 2289 ἐλευθε-
1067 2224 1259 2301 cogitantes
1274 2242 1310 2288 se
1326 2243 1346 2288 a
1361 2225 1484 2289 timore
1500 2244 1575 2290 esse
1586 2227 1756 2292 liberatos.
1803 2222 1808 2229 ’

276 2324 403 2411 ρῦσθαι.

286 2455 290 2462 ·
319 2450 352 2495 ν.
374 2430 487 2495 42-45.
510 2428 583 2496 Ὀτι
604 2429 746 2516 ἐμνησθη
769 2439 825 2496 τοῦ
848 2431 945 2517 λόγου
965 2439 1023 2496 τοῦ
1111 2448 1143 2494 v.
1166 2432 1277 2495 4245.
1308 2432 1464 2509 ίλιιοαίακτ
1497 2451 1617 2498 memor
1628 2434 1708 2517 seit
1733 2433 1826 2500 cati

277 2534 370 2619 άγίου
385 2537 481 2600 αὺτοῦ
493 2536 570 2620 πρὸς
581 2532 731 2622 Ἁβραάμ
740 2538 794 2601 τόν
806 2534 918 2601 δοῦλόν
933 2555 1023 2601 σου...
1067 2534 1475 2602 suntinimicorum
1489 2554 1622 2602 saroam
1635 2554 1776 2618 ταῦτα...
1793 2543 1828 2604 τί

276 2640 344 2706 Καὶ
359 2640 477 2706 ἔδωκεν
492 2641 598 2718 αὐτοῖς
612 2639 720 2726 χώρας
742 2639 871 2706 ἐθνῦν...
886 2639 971 2718 όπως
985 2639 1024 2705 ἐν
1068 2638 1155 2704 dedit
1165 2639 1238 2705 illis
1248 2642 1394 2723 νομιοῦσι
1401 2643 1578 2723 pestium...
1590 2645 1630 2707 τιό
1641 2642 1827 2709 abacos

278 2743 439 2832 ρυλάξωσι
449 2747 490 2811 τόι
501 2745 700 2832 δικαιώματα
714 2745 823 2829 αὐτοῦ,
839 2746 894 2810 καὶ
908 2746 962 2810 τόν
975 2743 1025 2813 νό-
1060 2745 1314 2830 jesttt'ficatt'octc
1336 2746 1418 2828 τίαν,
1446 2751 1478 2811 ct
1499 2748 1602 2830 tepent
1622 2747 1694 2828 ejas
1715 2749 1826 2830 repati-

276 2873 335 2939 μον
346 2851 444 2916 αὐτοῦ
459 2849 688 2936 ἐκζητήσωσιν.
1068 2855 1157 2916 rant.

323 2955 372 3039 Os.
388 2956 455 3022 cdd.
474 2959 558 3022 1309
574 2960 613 3020 Β.
632 2953 733 3040 Ὁμοῦ
755 2955 868 3020 καίων
890 2951 1025 3039 ἠξιώθη·
1113 2956 1202 3018 Dum
1224 2954 1327 3018 simul
1355 2958 1389 3018 et
1419 2961 1662 3020 commemorat
1686 2955 1826 3036 quantis

276 3081 336 3125 σαν
350 3057 535 3142 παραδόξων
556 3059 640 3128 Θεοῦ
655 3059 684 3124 οἱ
699 3060 738 3124 ἐκ
751 3068 930 3145 περιτομῆς,
948 3078 1024 3145 μνη-
1068 3061 1128 3124 Dei
1151 3060 1318 3143 prodigiis
1333 3059 1523 3124 honoratus
1545 3061 1592 3123 sit
1612 3061 1758 3142 populus
1781 3076 1825 3122 ex

277 3162 425 3248 μονεῦων,
437 3163 491 3240 οὓς
505 3162 640 3250 ἔλεγχον
652 3165 709 3249 μὲν
719 3172 775 3229 τοῦ
787 3164 890 3229 αῦτῦιν
902 3162 1022 3230 ἐκείνου
1067 3164 1335 3243 circumcisione,
1358 3168 1433 3227 tum
1459 3179 1576 3228 eorum
1599 3180 1709 3228 mores
1731 3180 1826 3228 coar·

278 3266 406 3352 τρόπου,
421 3266 597 3354 ἀπολογίαν
619 3268 655 3333 δὲ
675 3277 733 3354 της
748 3268 829 3353 μετὰ
851 3277 952 3332 ταῦτα
966 3269 1021 3333 αὐ·
1067 3269 1155 3346 guit,
1170 3271 1244 3330 tum
1258 3271 1297 3330 ut
1309 3267 1549 3349 comprobetur
1562 3267 1733 3332 undenam
1747 3271 1827 3348 post

276 3379 337 3436 των
353 3370 531 3456 άποθολῆς·
554 3373 624 3457 ητις
639 3372 793 3458 μετῆλθεν
815 3371 931 3450 αὐτοὺς
945 3371 1022 3438 ἐπά-
1067 3371 1139 3434 haeo
1153 3369 1276 3450 abjecti
1291 3372 1370 3434 sint.
1390 3372 1471 3447 Qua
1492 3371 1686 3452 reprobatio
1702 3371 1825 3434 merito

275 3477 351 3558 ξιον,
366 3477 413 3541 ότι
424 3474 539 3562 μυρίων
550 3478 611 3542 ὑπό
621 3488 677 3542 τοῦ
689 3476 772 3544 Θεοῦ
783 3476 931 3562 τυχόντες
944 3477 1023 3565 άγα-
1066 3492 1169 3555 super
1180 3490 1237 3537 eos
1248 3474 1352 3551 venit,
1366 3475 1448 3555 quia
1459 3475 1631 3538 sexcentis
1645 3479 1825 3556 postquam

274 3581 347 3661 θῦν,
362 3580 421 3646 οῦκ
438 3580 599 3666 ἐφύλαξαν
612 3584 671 3668 την
691 3586 768 3667 πρός
780 3585 874 3650 αὐτόν
889 3581 1024 3648 εόσέόει-
1066 3580 1128 3644 Dei
1139 3578 1237 3642 bonis
1252 3579 1344 3642 aucti
1356 3579 1494 3657 fuerint,
1505 3595 1573 3642 non
1590 3579 1826 3644 custodierunt

280 3707 328 3751 αν.
352 3683 407 3750 Ἐν
436 3684 540 3769 ταθτφ
567 3685 602 3749 δέ
625 3685 767 3751 διδάσκει
800 3687 855 3751 καί
883 3688 942 3772 τὴν
966 3695 1022 3750 τοῦ
1065 3682 1215 3746 debitam
1238 3683 1290 3747 illi
1313 3683 1527 3762 religionem.
1555 3685 1595 3747 Ιιι
1619 3699 1686 3765 quo
1708 3687 1825 3746 autem

278 3790 362 3859 Θεοῦ
377 3791 454 3874 πρός
473 3792 545 3867 τοὺς
563 3789 702 3875 πατέρας
718 3791 822 3856 αὐτων
832 3790 955 3876 ἀψευδῆ
969 3791 1024 3854 καὶ
1068 3789 1208 3852 docetur
1222 3789 1400 3870 promissio
1415 3805 1529 3869 neque
1545 3787 1692 3852 mendax
1714 3805 1825 3869 neque

278 3892 476 3960 ἀδιάπτωτον
489 3893 702 3980 ἐπαγγελίαν·
717 3895 826 3980 ἐπειδὴ
841 3897 904 3982 γάρ
915 3895 958 3980 τῷ
970 3893 1025 3961 ‘A-
1068 3892 1207 3973 caduca,
1219 3909 1239 3955 a
1250 3893 1320 3956 Deo
1335 3892 1425 3956 facta
1436 3892 1594 3973 patribus
1606 3909 1734 3956 eorum:
1746 3909 1826 3956 nam

275 3997 381 4083 θραόιμ
396 3999 452 4062 καὶ
473 4006 517 4082 τῷ
533 3995 646 4063 Ἰσαόικ
661 3999 717 4064 καί
738 4008 782 4083 τῷ
796 3997 911 4063 Ἰακίυό
927 3999 1025 4084 ἐπηγ-
1069 3996 1150 4077 quia
1165 3995 1355 4059 Abrabamo
1371 3999 1406 4058 et
1421 3998 1518 4060 Isaac
1533 4002 1567 4060 et
1577 3995 1688 4059 Jacob
1704 3993 1740 4058 id
1753 4012 1829 4076 pro-

272 4099 401 4188 γείλατο
424 4099 568 4180 αὐξάνειν
582 4102 618 4164 τό
632 4101 723 4188 γένος
745 4105 848 4168 αὐτῶν
870 4104 925 4167 καί
945 4102 1024 4187 πλη·
1068 4099 1208 4162 miserat
1229 4098 1300 4160 fore
1326 4103 1365 4161 ut
1386 4115 1499 4176 genus
1530 4115 1647 4162 eorum
1670 4103 1825 4179 augeret,

274 4205 374 4270 θῦνειν
396 4207 452 4270 καὶ
474 4203 625 4288 δοξάζειν,
645 4205 775 4283 εἰκότως
797 4205 902 4272 πάντα
923 4216 1025 4272 ταῦτα
1069 4203 1323 4284 multiplicaret,
1343 4207 1377 4266 et
1399 4204 1512 4280 gloria
1535 4203 1759 4283 collustraret3
1782 4202 1826 4266 ad

276 4310 323 4396 [ἃ]
338 4307 497 4394 ἐπλήρουν
512 4310 555 4386 εἰς
571 4312 644 4387 τοὺς
659 4309 693 4389 ἐξ
707 4310 810 4376 αὐτῶν
829 4310 1024 4396 γενομένους,
1069 4309 1234 4371 amussim
1261 4306 1332 4370 haec
1355 4308 1470 4370 omnia
1493 4308 1635 4388 impleta
1653 4307 1761 4372 luisse
1788 4308 1825 4371 iu

274 4411 445 4498 παρίστησι
460 4411 499 4476 δι’
510 4414 618 4496 αὐτοῦ,
635 4414 683 4478 ότι
698 4412 840 4500 ἐμνήσθη
857 4423 913 4480 τοῦ
929 4414 1025 4500 λόγου
1070 4429 1188 4477 corum
1225 4413 1422 4494 posteritate
1456 4411 1622 4494 propheta
1654 4427 1826 4476 common·

275 4521 382 4599 αὐτοῦ,
399 4525 454 4581 τοῦ
470 4518 548 4600 πρὸς
562 4512 711 4603 Ἃόραόιμ
725 4519 779 4583 τόν
791 4517 903 4584 δοῦλον
915 4519 1024 4585 αὑτοῦ.
1070 4521 1167 4596 strat,
1183 4519 1219 4580 in
1236 4517 1298 4580 hoc
1313 4517 1432 4580 verbo:
1456 4515 1657 4583 Recordctcc
1671 4522 1722 4583 cst
1734 4516 1825 4582 ποτόν·

276 4619 654 4706 ΚαίόΜωυσής...Ειίό.
672 4626 813 4689 13091).
1069 4620 1501 4688 υκίοάΑόαοίιιιυιεαννυτκ
1514 4637 1618 4686 σανα.

312 4832 340 4872 ν.
352 4814 396 4870 38.
409 4813 504 4872 Vatia.
518 4813 560 4867 11.
1106 4831 1134 4871 ν.
1146 4813 1238 4868 4245.
1250 4809 1326 4868 lbid.
