4032 6118
303 392 344 454 34
966 398 1175 462 ORIGENES

299 532 415 617 ψυχης,
440 533 520 617 μετὰ
542 531 771 617 γνωσεωςτῦν
794 535 891 599 όντων
914 534 1048 619 ἀληθῶς.
1095 542 1143 603 tia
1155 559 1267 604 rerum
1281 558 1355 621 quae
1368 557 1446 602 vere
1455 542 1721 604 existunt-Ao
1734 540 1762 606 si
1772 559 1839 604 non

301 674 341 684 -
358 633 414 713 Ὣς
429 638 490 721 γάρ
515 637 576 722 οὐχ
598 636 801 723 ὑπαρχόντων
821 647 882 704 τῶν
905 639 1050 724 ἁμαρτω-
1095 649 1216 723 essent,
1241 645 1281 706 de
1302 643 1533 725 peccatoribus
1549 643 1686 707 dicitur:
1706 668 1722 704 «
1733 647 1842 709 Erunt

299 739 373 822 λῶν,
390 738 535 825 λέγεται·
554 738 705 804 Ἔσονται
727 740 768 818 ὡς
785 743 844 806 οἰνκ
866 741 961 819 όντες.
986 742 1050 809 Καί
1095 751 1192 830 quasi
1208 766 1275 811 non
1291 750 1369 827 sint,
1379 769 1395 806 »
1411 752 1460 810 et:
1476 749 1550 811 «Ea
1565 766 1652 829 qnae
1668 766 1735 811 uon
1751 755 1841 827 aunt,

299 847 340 909 τά
356 845 399 929 μὴ
416 845 492 909 όντα
504 843 656 909 ἐκάλεσεν
671 845 689 909 ό
704 843 793 922 Θεός.
810 843 868 910 Δια
880 855 970 910 τοῦτο
983 846 1049 911 όπί·
1094 853 1227 916 vocavit
1243 854 1342 916 Deus.
1357 872 1374 910 ν
1396 854 1574 933 Propterea
1597 857 1672 932 post
1694 853 1842 930 vestigia

298 971 343 1013 σω
356 957 410 1012 τοῦ
425 947 543 1032 Κυρίου
555 957 610 1012 τοῦ
621 946 704 1015 Θεοῦ
712 947 801 1033 ήμῶν
813 947 1047 1034 πορευσόμεθα,
1093 956 1228 1019 Domini
1256 956 1319 1019 Dei
1344 957 1450 1019 nostri
1474 956 1696 1035 ambulemuS,
1720 959 1754 1020 et
1776 957 1841 1037 ipsi

299 1057 353 1118 καὶ
369 1055 453 1139 αὐτῷ
468 1052 683 1139 κολληθῦμεν,
700 1055 751 1118 ἰνα
766 1053 929 1140 γενώμεθα
952 1053 1049 1138 ὑπάρ
1094 1058 1334 1137 adhereamus,
1351 1063 1390 1122 ut
1403 1059 1439 1121 in
1458 1059 1529 1140 ipso
1552 1057 1674 1123 fiamus
1699 1061 1842 1124 existen-

297 1179 409 1245 χοντες
425 1159 459 1222 ἐν
473 1159 557 1243 αὐτῷ
570 1159 613 1236 εἰς
627 1160 699 1235 τοὺς
712 1161 825 1235 αἰῶνας
838 1167 898 1224 τῶν
917 1158 1047 1224 αἰώνων.
1094 1165 1155 1239 tes,
1173 1163 1208 1224 in
1224 1162 1347 1226 saecula
1363 1164 1573 1227 saeculorum.

872 1351 1040 1428 Poolmus
1062 1349 1262 1427 XXXIX.

343 1604 373 1647 v.
392 1587 421 1647 3.
438 1582 503 1648 Καί
519 1581 661 1668 ἀνήγαχέ
674 1599 717 1667 με
739 1581 778 1646 ἐκ
792 1579 914 1645 λάκκου
937 1578 1045 1645 ταλαι-
1109 1549 1110 1552 ¹
1132 1601 1162 1644 v.
1180 1584 1210 1645 3.
1225 1583 1271 1647 Et
1291 1583 1401 1647 σόωαίί
1423 1603 1471 1648 me
1493 1585 1530 1648 de
1551 1586 1625 1651 ίαοῦ
1639 1585 1787 1665 miseric,
1807 1591 1839 1650 εί

297 1685 416 1770 πωρίας
438 1688 493 1750 καί
514 1686 576 1751 ἀπὸ
591 1686 695 1771 πηλοῦ
718 1685 811 1767 ἰλύος,
835 1686 890 1748 καί
912 1685 1045 1768 ἔστησεν
1090 1686 1128 1750 do
1142 1687 1326 1770 lotosaecia.
1342 1689 1388 1751 nt
1400 1691 1518 1754 statuit
1531 1694 1766 1771 παραμείναντα
1781 1707 1838 1772 pe-

296 1792 349 1856 έπί
364 1790 481 1876 πέτραν
497 1793 569 1868 τοὺς
584 1790 683 1869 πόδας
707 1812 776 1877 μου,
800 1792 854 1854 καί
876 1786 1047 1853 κατεύθυνε
1091 1791 1145 1855 (ίαν
1166 1809 1258 1870 mooe,
1286 1796 1316 1855 et
1337 1791 1459 1856 direxit
1477 1810 1610 1876 pressus
1632 1811 1724 1859 cccco.

295 1895 533 1983 τὰδιαόήματά
550 1917 618 1981 μου.
644 1899 710 1963 Vct.
728 1897 750 1960 f.
768 1897 843 1976 648,
862 1897 891 1958 1.

342 1999 381 2066 Οί
396 2000 478 2086 πέρα
493 2007 550 2084 της
570 1998 684 2078 λέξεως
700 1998 797 2084 μηδὲν
820 1997 990 2081 δηλοῦσθαι
1012 1999 1046 2063 ἐν
1135 2002 1198 2075 Qui
1214 2002 1396 2081 opinantur
1412 2003 1447 2065 in
1460 2004 1632 2085 Scriptura
1643 2023 1739 2068 sacra
1751 2006 1838 2069 nihil

300 2115 339 2190 τῇ
366 2114 473 2190 γραφῇ
497 2100 686 2189 νομίζοντες,
710 2101 889 2187 λεγέτωσαν
911 2099 1047 2184 πηλίνου
1092 2102 1255 2165 declarari
1271 2104 1361 2166 ultra
1375 2105 1660 2186 litteram,dicant
1674 2109 1768 2189 quali
1784 2109 1838 2172 de-

299 2207 421 2293 άγαθοῦ
437 2208 541 2293 τυχὼν
565 2207 581 2272 ό
604 2207 655 2272 ἐπί
676 2213 733 2290 τής
757 2203 910 2289 αἰσθητῆς
932 2204 1047 2289 πέτρας
1091 2222 1185 2268 mum
1211 2206 1299 2270 bono
1322 2207 1454 2272 fruatur
1476 2212 1535 2291 qni
1557 2230 1659 2293 super
1686 2214 1836 2276 tactilem

299 2314 372 2388 τοὺς
396 2310 494 2389 πόδας
517 2320 571 2376 τοῦ
594 2308 738 2395 σώματος
761 2311 847 2392 στάς,
870 2310 1050 2394 εὐχαριστεῖ
1091 2316 1219 2391 petram
1235 2311 1376 2392 pedibus
1394 2316 1542 2394 corporis
1551 2316 1605 2378 sni
1615 2321 1763 2382 statutus
1778 2323 1838 2397 est,

299 2425 344 2502 τῷ
359 2425 451 2480 τοῦτο
467 2413 688 2501 δωρησαμένῳ.
702 2410 810 2499 Ἡμεῖς
826 2411 860 2476 δέ
875 2432 988 2498 φαμεν,
1001 2413 1053 2477 δτι·
1093 2418 1132 2477 ut
1145 2417 1275 2493 gratias
1289 2421 1372 2494 agat
1386 2420 1418 2480 ei
1441 2420 1499 2499 qui
1515 2419 1578 2482 hoc
1593 2438 1718 2485 munus
1737 2421 1837 2485 dona-

301 2522 318 2585 ό
342 2530 397 2584 τοῦ
419 2517 645 2606 προειρημένου
667 2518 788 2584 λάκκου
810 2519 865 2598 καὶ
888 2517 991 2602 πηλοῦ
1014 2517 1048 2582 ά-
1092 2519 1361 2584 vitNosautem
1377 2522 1718 2604 idasserimus,qnod
1734 2527 1837 2607 isqui

301 2623 485 2710 παλλαγείς,
502 2624 553 2690 ἐπί
567 2625 625 2709 τήν
648 2622 772 2709 ἀρραγῆ
796 2625 851 2687 καί
873 2621 1048 2707 ἀκλόνητον
1092 2640 1133 2686 ex
1148 2625 1224 2686 lacu
1247 2629 1281 2686 et
1301 2626 1373 2688 luto
1395 2626 1563 2714 praedictis
1586 2632 1757 2692 extractus
1773 2634 1833 2708 est,

302 2729 374 2795 κατ’
389 2730 505 2815 ἀρετήν
520 2727 874 2813 tauromenitanae,
891 2724 1049 2812 ἀπαχγέλ-
1091 2729 1261 2792 stabilitus
1273 2747 1333 2810 per
1342 2731 1518 2794 veritatem
1526 2750 1628 2812 snper
1636 2734 1836 2798 inconcussa
1936 2728 1940 2744 '
2000 2739 2001 2752 ¹

300 2836 349 2900 λει
363 2836 404 2900 τὰ
418 2832 628 2920 προκείμενα·
644 2842 688 2918 τῷ
703 2833 764 2918 γὰρ
780 2833 861 2896 οῦτω
877 2830 1045 2896 στάντιέπί
1089 2839 1123 2897 et
1155 2835 1359 2898 immutabili
1390 2836 1603 2915 perfectione,
1638 2839 1836 2919 pronuntiat

299 2938 427 3023 πέτραν,
445 2937 613 3003 ἀκολουθεῖ
626 2940 680 3002 καὶ
696 2939 731 3001 τὸ
746 2935 988 3002 κατευθύνεσθαι
1004 2938 1045 3001 τά
1087 2939 1239 3018 subjecta
1253 2938 1364 3002 verba.
1384 2941 1510 3003 Stantis
1533 2941 1624 3003 enim
1648 2940 1711 3004 hoc
1733 2940 1832 3004 modo

298 3041 479 3128 διαδήματα
495 3043 601 3124 αὐτοῦ,
617 3039 828 3118 διαόαίνοντος
844 3040 906 3106 ἀπὸ
928 3039 1044 3118 κακίας
1086 3060 1188 3124 super
1202 3047 1341 3124 petram,
1358 3059 1567 3123 consequens
1582 3047 1634 3107 est
1649 3049 1738 3108 recte
1753 3043 1836 3108 diri-

297 3148 341 3222 εἰς
358 3144 482 3231 ἀρετήν.
499 3145 602 3212 Ἀλλὰ
624 3145 670 3223 τίς
692 3145 713 3230 ή
739 3145 855 3231 πέτρας
878 3147 966 3230 παρὰ
987 3156 1042 3210 τοῦ
1085 3149 1123 3226 gi
1139 3145 1211 3226 ejus
1230 3163 1378 3226 grossae,
1390 3147 1577 3225 gradientis
1589 3149 1834 3230 scilicetapra·

298 3250 429 3316 Παύλου
456 3250 612 3336 μάθωμεν,
638 3249 802 3335 λέγοντος·
824 3247 865 3314 Ἣ
887 3249 922 3312 δέ
944 3247 1043 3334 πέτρα
1085 3253 1190 3315 vitate
1206 3251 1248 3314 ad
1263 3252 1434 3314 virtutem.
1458 3252 1522 3315 Sed
1545 3269 1621 3333 quae
1644 3257 1694 3316 est
1716 3257 1833 3334 petra?

298 3357 339 3438 ήν
356 3356 374 3420 ό
389 3355 533 3439 Χριστὸς,
550 3357 586 3418 τὸ
601 3355 725 3420 πάντων
741 3355 878 3439 ἔρεισμα,
895 3353 912 3417 ὁ
935 3352 1044 3417 ἐκλεκι
1086 3359 1113 3419 Α
1129 3356 1233 3419 Paulo
1245 3355 1414 3418 discamus
1429 3356 1556 3419 aiente:
1576 3358 1700 3419 «Petra
1716 3362 1831 3420 autem

294 3462 347 3537 τός
362 3459 456 3542 λίθος,
473 3460 490 3523 ό
505 3461 549 3536 εἰς
565 3461 605 3524 τὰ
620 3457 747 3543 θεμέλια
768 3458 849 3523 Σιὼν
869 3455 1042 3544 τεθειμένος
1087 3465 1159 3525 erat
1175 3460 1338 3537 Christus,
1352 3480 1368 3518 »
1394 3461 1453 3522 illo
1469 3477 1582 3523 rerum
1599 3461 1750 3524 omnium
1768 3468 1834 3525 sta-

296 3566 384 3648 παρά
398 3575 453 3629 τοῦ
469 3562 552 3630 Θεοῦ
574 3567 628 3628 καὶ
652 3563 785 3649 Πατρός,
809 3563 858 3650 ἐφ’
881 3566 906 3650 ᾧ
928 3563 1043 3641 πάντες
1086 3563 1284 3642 bilitas,i11e
1301 3563 1386 3644 lapis
1410 3565 1546 3642 eleotuS,
1564 3565 1621 3646 ilie
1644 3566 1773 3645 positus
1796 3567 1832 3628 in

295 3667 554 3753 οἰκοδομούμεθα,
572 3669 657 3746 οἰκος
672 3671 878 3753 πνευματικός
893 3669 947 3732 καί
969 3672 1043 3746 ναός
1087 3666 1314 3732 fundamentis
1330 3667 1409 3729 Sion
1425 3685 1445 3728 a
1460 3668 1528 3728 Deo
1545 3671 1579 3728 et
1594 3669 1703 3746 Patre,
1717 3668 1751 3729 in
1765 3683 1832 3748 quo

296 3775 384 3859 ἅγιος
399 3757 443 3850 εἰς
458 3771 701 3856 κατοικητήριον
716 3772 799 3840 Θεοῦ
822 3772 855 3836 ἐν
875 3771 1042 3858 Πνεύματι.
1088 3789 1203 3838 omnes
1211 3769 1427 3847 aedificamur,
1439 3786 1499 3831 nos
1506 3770 1692 3850 spiritualis
1700 3769 1829 3850 domna,

292 3877 339 3942 oo
356 3876 449 3962 μόνον
465 3877 519 3941 οὖν
533 3875 738 3962 ήδράσθημεν
760 3876 848 3960 ἔντη
865 3874 966 3960 πέτρᾳ
984 3883 1042 3958 της
1085 3881 1306 3956 sanctumque
1329 3875 1503 3954 templum,
1527 3891 1588 3936 nos
1611 3875 1672 3936 Dei
1696 3874 1832 3938 domici·

157 4011 160 4018 ·
233 4029 234 4032 ι
295 3982 339 4058 εἰς
355 3981 491 4066 Χριστὸν
507 3980 647 4064 πίστεως,
665 3981 817 4046 ἀλλὰκαὶ
832 3978 1042 4064 ἐδιδάχθημεν
1085 3982 1169 4043 lium
1197 3979 1233 4040 in
1259 3978 1380 4057 spiritu
1408 3976 1591 4039 conditum.
1617 3978 1691 4040 Non
1720 3979 1829 4042 solum

293 4087 388 4171 όρθὰς
415 4084 569 4151 ποιεῖσθαι
595 4088 723 4170 τροχιὰς
754 4084 821 4149 ἀντί
849 4093 912 4148 των
941 4083 1041 4148 πάλαι
1084 4086 1192 4163 igitur
1209 4082 1406 4146 consolidati
1429 4081 1556 4144 fuimus
1579 4083 1615 4145 in
1638 4087 1733 4163 petra
1750 4081 1829 4146 fidei

292 4188 544 4276 διεστραμμένων
560 4190 649 4254 όδῦν.
666 4187 822 4274 Πρότερον
846 4189 880 4253 δὲ
895 4191 966 4266 τοὺς
986 4188 1041 4253 πό·
1085 4190 1286 4266 christianae,
1302 4186 1360 4250 sed
1385 4193 1419 4249 et
1440 4187 1547 4250 edocti
1572 4187 1699 4249 fuimus
1723 4191 1832 4250 rectas

291 4296 348 4372 δας
362 4294 453 4380 ήμῶν
469 4295 601 4378 ἔστησεν
617 4293 667 4356 ἐπὶ
683 4301 740 4376 της
756 4291 881 4377 πέτρας,
901 4291 1041 4357 τουτέστι
1085 4294 1232 4372 dirigere
1249 4297 1347 4370 rotas,
1366 4291 1501 4370 nedum,
1518 4297 1557 4354 ut
1580 4296 1689 4369 anteo,
1713 4290 1833 4354 distor-

288 4402 339 4465 ἐπὶ
356 4407 413 4482 τῆς
428 4397 571 4481 πίστεως,
594 4396 780 4474 ἀνασπάσας
795 4398 833 4462 ἐκ
852 4406 906 4461 τοῦ
926 4396 1039 4482 πηλοῦ,
1086 4405 1137 4462 tas
1152 4403 1300 4462 teramus
1314 4397 1397 4458 vias.
1412 4397 1450 4457 In
1466 4396 1584 4476 primis
1599 4399 1713 4457 autem
1729 4394 1830 4476 pedes

287 4506 341 4567 καί
350 4503 401 4566 ἐπί
409 4502 754 4587 καθαρωτάτηνψυχην
767 4499 873 4586 βάσεις
883 4502 1040 4587 στηρίξας·
1086 4509 1216 4566 nostros
1230 4501 1348 4566 statuit
1368 4516 1469 4580 cupra
1485 4504 1624 4580 petram,
1651 4497 1686 4561 id
1709 4503 1760 4561 est
1777 4516 1832 4561 su-

287 4610 342 4671 καί
363 4606 432 4670 τότε
449 4607 490 4671 τά
513 4604 692 4691 διαδήματα
713 4605 811 4690 ήμῶν,
837 4605 961 4691 δηλάδη
986 4618 1042 4693 της
1087 4625 1147 4689 pra
1162 4606 1273 4686 fidem,
1290 4605 1469 4669 extrahens
1481 4621 1541 4667 nos
1554 4621 1571 4666 e
1585 4606 1666 4684 lut0,
1679 4603 1832 4668 firmans-

321 4782 369 4836 Ps.
390 4798 500 4848 xxxu,
526 4799 552 4836 v.
578 4781 603 4836 3.
623 4781 689 4837 vat.
710 4783 751 4850 14,
771 4783 812 4837 15.
836 4800 847 4840 1
872 4781 936 4837 Gor.
956 4801 985 4852 x,
1011 4784 1037 4854 4,
1082 4781 1134 4836 lim
1146 4783 1203 4834 Ἐπί
1214 4781 1262 4846 τήν
1272 4783 1378 4844 πότραν,
1398 4783 1460 4831 tum
1478 4779 1526 4845 τήν
1538 4783 1628 4844 πίστιν,
1642 4777 1710 4833 dein
1728 4779 1830 4832 όπίκα-

286 4868 385 4924 Ottob.
399 4869 466 4924 Vct.
481 4867 529 4921 14:
543 4871 630 4935 Πίτρα
642 4873 710 4924 ἐστίν
722 4873 739 4938 ή
753 4874 844 4937 πίστις,
857 4872 875 4937 ή
889 4873 904 4923 ὁ
917 4873 1036 4937 Χριστὸς,
1081 4873 1235 4936 θαρωτάτης
1246 4871 1340 4935 ψυχῆς.
1354 4865 1549 4921 Confirmatur
1560 4867 1704 4922 scholium
1722 4866 1832 4940 partim

283 4961 320 5021 ὡς
339 4958 516 5021 όᾱπόστολος
533 4959 593 5023 ἔφη·
611 4960 629 5024 ή
648 4959 735 5023 Πέτρα
753 4959 813 5009 κτλ.
824 4956 908 5010 -la
928 4973 1032 5015 xxvm
1077 4957 1108 5010 in
1121 4954 1183 5010 cod.
1196 4953 1315 5025 Gryptae
1327 4951 1446 5008 ierratae
1464 4952 1484 5008 s.
1499 4954 1558 5023 103,
1572 4952 1623 5024 qui
1637 4951 1831 5008 subtilissima

284 5045 326 5097 16.
340 5059 350 5098 r
363 5043 442 5098 Petr.
457 5059 489 5112 ιι,
506 5043 530 5097 5.
544 5043 611 5098 sort.
623 5042 727 5098 Ezech.
742 5060 761 5110 r,
776 5043 817 5098 19.
831 5042 937 5097 Matth.
949 5061 976 5110 v,
987 5044 1031 5111 27,
1077 5041 1221 5112 scriptura
1234 5038 1358 5110 insignis
1372 5043 1424 5107 est,
1438 5039 1632 5110 neque-etiam
1644 5039 1763 5100 vomant
1775 5036 1829 5094 mi-

281 5127 324 5200 28,
335 5130 377 5198 33,
392 5129 426 5183 34
440 5147 500 5201 sqq.
515 5129 620 5202 Ephes.
640 5147 670 5201 11,
683 5131 726 5184 22.
741 5129 830 5185 Hebr.
846 5145 893 5186 x11
908 5129 949 5183 13.
967 5128 1030 5185 Ma·
1075 5145 1130 5184 nus
1143 5131 1274 5184 correcta
1286 5129 1328 5182 ἐπί
1339 5131 1387 5195 τῆς
1399 5129 1504 5195 πέτρας.
