4008 6094
296 434 339 494 24
647 447 656 462 ’
960 433 1170 498 aaronitas

327 590 358 633 v.
378 571 427 634 13.
445 568 509 635 Kal
526 568 727 649 ἐξεόιάσαντο
742 571 771 635 ol
794 570 961 655 ζητοῦντες
979 571 1037 655 την
1123 589 1155 634 v.
1181 573 1231 635 13.
1254 573 1300 638 at
1312 573 1378 636 aim
1391 571 1561 654 sacrabant
1575 572 1632 653 qai
1646 567 1828 651 atterebant

284 671 391 759 ψυχήν
409 695 478 761 μου,
499 677 554 739 καὶ
570 674 599 739 οἱ
614 675 781 759 ζητοῦντες
803 678 843 740 τὰ
865 675 953 740 ιιακόι
975 695 1036 760 μοι,
1082 676 1225 740 attineant
1246 692 1358 755 auant,
1384 681 1416 741 et
1435 677 1494 758 qui
1514 675 1721 757 inquirebant
1740 672 1829 738 atala

286 777 449 861 ἐλάλησαν
463 777 686 864 ματαιότητος,
698 781 753 843 καὶ
765 778 1037 863 δολιόιηταςόλην
1080 777 1173 857 miti,
1200 778 1298 843 terrai
1319 783 1396 842 aaut
1416 779 1585 858 vanitates,
1612 783 1644 844 et
1656 778 1744 843 detor
1761 781 1827 842 tota

291 882 349 966 την
364 881 487 968 ἡμέραν
502 882 705 969 ἐμελέτησαν.
1081 881 1133 944 aa
1155 881 1399 946 meditabantur.

332 984 492 1063 Πολλάκις
507 987 569 1071 γάρ
584 988 638 1051 καὶ
653 983 845 1051 έπιόαένουσι
859 994 923 1063 τοῖς
937 984 1048 1050 roton·
1125 987 1218 1066 Saepe
1242 987 1332 1049 enim
1348 986 1519 1049 insultant
1532 985 1624 1048 hisce
1638 985 1829 1074 poenitenti-

286 1110 360 1172 τοις,
376 1091 431 1154 καὶ
446 1090 576 1174 ζητοῦσι
586 1091 674 1156 κακά
688 1099 732 1176 τῷ
749 1088 869 1174 δικαίην,
883 1091 943 1176 οὐχ
955 1092 1036 1154 οὕτω
1079 1087 1154 1166 bus,
1179 1092 1213 1151 et
1235 1087 1383 1168 injusto
1407 1091 1565 1169 quarunt
1587 1089 1686 1167 mala,
1712 1088 1827 1150 minus

284 1191 448 1280 χαίροντες
471 1194 505 1258 ἐν
527 1202 571 1258 τῶ
598 1193 724 1259 ἀκούειν
749 1197 790 1258 τὰ
810 1192 942 1278 κρείττω
964 1195 1036 1277 περὶ
1079 1191 1242 1271 laetanteS,
1258 1193 1287 1254 si
1310 1191 1398 1256 bona
1416 1191 1490 1271 ejus
1504 1191 1659 1271 audiunt,
1675 1209 1777 1273 quam
1793 1193 1822 1254 si

286 1300 393 1381 αὐτοῦ,
418 1297 459 1375 ὡς
475 1301 550 1364 ὅταν
566 1298 742 1364 ἀκούσωσιν
755 1298 797 1363 τά
817 1297 946 1385 χείρονα
966 1299 1038 1382 περὶ
1080 1292 1120 1354 de
1136 1293 1195 1356 illo
1210 1293 1325 1375 pejora
1340 1296 1618 1359 auscultaverint.
1634 1297 1679 1359 Et
1693 1295 1825 1377 loquare

285 1404 392 1467 αὐτοῦ.
416 1401 482 1468 Καὶ
509 1403 658 1468 λαλοῦσιν
687 1401 909 1489 ματαιότητος,
938 1424 1037 1467 νιατα-
1081 1401 1136 1460 tar
1157 1399 1327 1478 vanitates,
1346 1398 1535 1462 deridentes
1551 1416 1630 1462 eum
1646 1401 1705 1480 qui
1721 1415 1757 1462 se
1774 1416 1827 1462 ac·

282 1505 436 1590 γελῶντες
451 1505 582 1590 ἐκείνου,
596 1511 652 1571 Ιτοό
668 1504 780 1570 ἑαυτὸν
793 1503 1033 1591 καταγορήσαν·
1079 1502 1322 1581 cusavit3haud
1334 1503 1424 1566 enim
1437 1503 1540 1566 verba
1551 1509 1668 1566 exacte
1680 1502 1827 1567 cribrata

284 1629 356 1687 τος·
379 1611 415 1674 οὐ
430 1612 492 1695 γάρ
508 1608 704 1695 ἐξητασμένα
719 1608 813 1674 λαλεῖ
826 1609 842 1674 ό
860 1608 964 1693 ζητῶν
979 1628 1037 1673 τινι
1080 1606 1232 1686 loquitur
1247 1606 1381 1687 illequi
1396 1607 1486 1670 mala
1501 1606 1662 1671 adversus
1677 1607 1826 1688 aliquem

286 1715 384 1798 κακά,
402 1714 474 1779 ἀλλ’
488 1715 506 1780 t
519 1713 622 1798 ζητῶν
637 1716 730 1778 παντὶ
745 1712 860 1799 ἀγαθά.
1079 1710 1211 1790 quaerit,
1227 1709 1286 1788 sed
1301 1712 1361 1790 qui
1376 1711 1464 1774 bona
1476 1711 1511 1774 in
1528 1728 1741 1792 quocumque
1753 1728 1826 1793 per-

1082 1814 1248 1893 sequitur.

329 1943 361 1987 v.
380 1925 430 1986 14.
446 1920 531 2008 Ἐγὼ
547 1913 582 1986 δὲ
604 1919 678 1986 ὡσεὶ
700 1922 806 2004 κωφός
828 1920 887 1985 οὐκ
905 1921 1034 2006 ἤκουον,
1123 1933 1155 1978 ιι.
1181 1919 1231 1980 14.
1247 1918 1436 2000 decantent
1451 1916 1748 2000 adaquarentur
1761 1934 1825 1983 aaa

282 2026 339 2090 οιαὶ
369 2024 444 2090 ὡσεὶ
472 2023 591 2100 άλαλος
621 2024 681 2087 οὐκ
710 2019 843 2108 ἀνοίγων
871 2023 908 2086 τό
935 2020 1037 2106 στόμα
1079 2019 1255 2100 audiebam,
1281 2021 1534 2086 etaicntntttas
1547 2021 1772 2102 annumerans
1793 2037 1828 2085 ot

285 2129 392 2194 αὑτοῦ.
1078 2140 1184 2188 mam.

331 2233 577 2319 Λοιδοροόμενσς
592 2233 614 2318 η
631 2233 685 2296 καὶ
696 2230 747 2295 ἐπὶ
759 2239 797 2316 τῇ
813 2227 1039 2316 ἐξομολογήσει
1124 2229 1291 2292 conviciis
1302 2229 1499 2310 proscissus,
1511 2229 1565 2291 vel
1577 2230 1679 2292 etiam
1690 2232 1825 2310 propter

285 2337 568 2422 οιαιισλογούμενος,
591 2333 835 2421 διαόαλλάμενος
858 2333 954 2421 μυρία
975 2335 1036 2398 ὅσα
1081 2331 1324 2396 confessionem
1346 2331 1558 2412 maledictus,
1581 2333 1749 2396 sexcentis
1766 2333 1827 2396 im·

286 2441 420 2524 άνισόων,
436 2439 719 2526 προσεποιησάμην
733 2441 787 2504 τόν
804 2440 847 2524 μη
864 2438 1032 2519 ἀκούοντα,
1082 2437 1209 2516 petitus
1232 2436 1423 2514 calumniis,
1447 2433 1609 2514 effingere
1632 2453 1686 2498 me
1710 2434 1825 2498 studui

286 2548 341 2610 καλ
354 2546 438 2630 ἔχων
453 2565 482 2608 τι
498 2538 726 2627 ἀποκρίνασθαι
747 2544 824 2626 πρὸς
848 2543 960 2617 αὐτοὺς
983 2542 1038 2605 καὶ
1080 2545 1255 2620 tamquam
1284 2557 1351 2603 non
1381 2540 1586 2619 audientem,
1616 2545 1730 2603 tamen
1760 2541 1824 2603 etsi

288 2647 422 2732 ἐλέγξαι,
440 2648 499 2712 οὐκ
513 2645 646 2732 ἐλέγχω,
663 2646 731 2710 ἐπεὶ
752 2645 815 2730 ὁρῶ
837 2647 885 2710 ότι
906 2645 1038 2732 ἐλεγχος
1080 2644 1209 2708 habens
1231 2643 1321 2708 unde
1345 2643 1413 2707 illis
1436 2643 1682 2724 responderem,
1701 2661 1826 2724 eosque

288 2752 386 2817 δεῖται
402 2749 572 2827 ἀπαθείας·
591 2749 655 2813 άπὸ
669 2751 730 2834 γὰρ
745 2746 844 2835 θυμοῦ
865 2749 920 2812 καὶ
942 2749 1039 2834 ὀργῆς
1080 2749 1300 2828 confutarem,
1324 2765 1391 2810 non
1418 2747 1566 2827 confuto,
1593 2748 1711 2813 videns
1738 2748 1829 2829 quod

290 2855 424 2942 ἐλέγχω,
440 2856 495 2919 καὶ
510 2853 650 2936 λυπῆσαι
672 2851 869 2939 βουλόμενος,
893 2853 931 2917 οὐ
946 2851 1036 2936 θερα·
1081 2855 1116 2918 in
1139 2853 1380 2931 redargutione
1403 2851 1613 2916 desideratur
1632 2853 1829 2933 aequanimi·

289 2969 422 3025 πεῠσαι·
438 2959 484 3024 διὸ
499 2955 654 3043 ἐγενόμην
669 2955 787 3034 τούτοις
799 2955 873 3021 ὡσεὶ
888 2954 1003 3040 κωφός.
1080 2963 1142 3050 tas.
1167 2958 1206 3019 In
1221 2956 1334 3020 lurore
1351 2960 1385 3020 et
1399 2957 1435 3019 in
1452 2957 1502 3021 ira
1517 2957 1697 3035 redargue,
1720 2973 1827 3036 quum

1080 3061 1197 3125 malim
1220 3061 1413 3124 contristari
1436 3078 1538 3141 quam
1554 3077 1682 3124 sanare.
1700 3059 1827 3124 Idcirco

1080 3164 1191 3228 tactus
1213 3182 1289 3227 sum
1314 3165 1382 3226 illis
1405 3165 1457 3226 uti
1480 3163 1613 3227 surdus.

335 3297 366 3340 v.
387 3279 437 3342 15.
453 3274 519 3341 Kal
535 3273 687 3360 ἐγενόμην
703 3271 777 3337 ὡσεὶ
796 3270 956 3354 άνθριοπος
979 3271 1038 3334 οὐκ
1124 3286 1156 3330 v.
1183 3269 1232 3331 15.
1255 3269 1302 3332 at
1314 3266 1431 3349 faetus
1452 3283 1525 3331 nem
1546 3267 1632 3332 sicut
1652 3265 1741 3330 amo
1765 3283 1828 3331 non

291 3380 425 3460 άιιούων,
440 3381 495 3444 καὶ
509 3380 569 3443 οὐκ
590 3378 673 3462 ἔχων
688 3375 780 3461 ἐντῷ
795 3374 926 3462 στόματι
941 3375 1036 3438 αὑτοῦ
1080 3373 1225 3452 audant,
1250 3377 1282 3438 et
1301 3389 1365 3436 aaa
1386 3371 1502 3437 tabern
1522 3373 1559 3436 ia
1574 3389 1627 3436 are
1640 3389 1697 3437 stro
1719 3371 1829 3437 redar-

292 3483 454 3570 ἐλεγμοός.
1078 3478 1236 3559 naama.

333 3587 406 3654 Ἐπὶ
417 3586 537 3662 τούτοις
552 3584 642 3649 οὐδέν
657 3583 744 3668 εἶχον
760 3581 873 3666 λέγειν,
886 3581 1039 3667 αἰσχύνης
1125 3579 1217 3642 Nihil
1244 3579 1286 3642 ad
1316 3579 1387 3643 haec
1416 3578 1520 3643 habui
1551 3578 1670 3658 dicere,
1700 3579 1827 3659 pudore

290 3688 557 3776 πεπληρωμένος·
580 3687 680 3763 οὐδεὶς
694 3687 755 3770 γὰρ
778 3684 871 3770 λόγος
894 3706 946 3771 μοι
963 3688 1040 3770 πρὸς
1082 3683 1251 3747 suffusus:
1275 3684 1325 3746 nil
1348 3684 1438 3746 enim
1461 3683 1624 3746 sermonis
1647 3687 1719 3745 erat
1744 3683 1829 3746 mihi

292 3792 477 3880 ἀπολογίαν,
508 3791 581 3858 οὐδὲ
610 3788 696 3877 εἶχόν
725 3809 794 3854 τινα
824 3797 887 3866 τοῖς
917 3789 1041 3874 ἐχθροῖς
1082 3787 1125 3851 ad
1148 3785 1390 3866 excusandum,
1413 3803 1524 3866 neque
1546 3787 1618 3848 ulla
1632 3785 1735 3850 verba
1752 3804 1830 3868 sup-

339 4006 488 4067 Rurrnus
509 4002 547 4065 ιἰι
561 4018 591 4064 a.
611 4001 661 4063 13.
686 4001 772 4062 Sunt
786 3998 877 4060 enim
901 3998 1040 4078 quidam
1126 4000 1274 4060 Ramnes
1296 3993 1333 4056 ia
1353 4011 1383 4057 a.
1408 3994 1458 4072 14,
1484 3993 1533 4056 15.
1558 3994 1591 4056 ai
1615 4009 1695 4056 vero
1706 3991 1822 4073 justus

295 4093 354 4171 qui
371 4095 529 4172 quaerunt
543 4090 633 4152 mala
644 4086 748 4166 justo,
765 4091 799 4148 et
813 4103 881 4148 non
893 4087 942 4148 sic
957 4103 1041 4164 gau·
1083 4103 1169 4162 sum,
1193 4085 1282 4147 sicut
1303 4081 1427 4146 surdus
1450 4099 1517 4144 non
1540 4080 1651 4160 audie,
1680 4088 1714 4144 et
1740 4083 1830 4145 siout

174 4219 181 4236 ·
293 4181 374 4243 dent
396 4195 503 4259 quum
526 4176 698 4240 audierint
715 4175 755 4238 de
777 4174 875 4246 bonis
891 4172 965 4252 ejns
980 4176 1041 4238 ali·
1083 4179 1199 4236 mutus
1221 4187 1290 4235 non
1312 4170 1440 4233 habens
1463 4171 1498 4232 in
1521 4187 1577 4233 ore
1600 4187 1662 4234 suo
1678 4171 1828 4252 increpa-

294 4267 387 4349 quid,
410 4267 501 4330 sicut
522 4265 743 4344 gratulantur
765 4280 843 4327 cum
870 4262 1042 4326 audierint
1083 4264 1221 4339 tionem,
1244 4258 1331 4322 nihil
1354 4256 1552 4339 respondeo:
1581 4263 1616 4320 et
1637 4259 1764 4322 habens
1792 4259 1829 4322 in

291 4357 392 4436 mala,
416 4363 450 4418 et
471 4356 568 4418 velut
589 4353 766 4431 insultant,
789 4366 867 4414 cum
891 4351 925 4412 in
942 4353 1041 4438 malis
1083 4351 1208 4432 quibus
1237 4365 1392 4426 arguam,
1419 4363 1486 4409 non
1521 4363 1639 4424 arguo.
1668 4348 1828 4426 intelligo

291 4443 465 4526 aliquibus
480 4443 628 4506 viderint
638 4440 803 4519 justum...
820 4440 863 4501 Et
877 4456 956 4503 vere
968 4456 1036 4502 ma·
1083 4439 1173 4502 enim
1196 4437 1279 4518 quia
1301 4437 1361 4517 qui
1383 4441 1473 4498 recte
1496 4436 1623 4515 arguit,
1642 4437 1830 4517 impassibi-

292 4533 510 4596 niiesti'ssime
528 4529 734 4613 pervidetur,
750 4529 831 4608 quia
847 4543 914 4589 non
929 4527 1039 4591 solum
1082 4528 1161 4590 liter
1182 4525 1282 4588 debet
1297 4540 1451 4604 arguere,
1467 4529 1507 4586 ut
1527 4525 1673 4588 salutern
1694 4529 1830 4605 expetat

294 4621 319 4684 ii
343 4621 402 4701 qui
421 4619 514 4698 justo
541 4623 700 4700 quarunt
726 4618 825 4696 mala,
852 4614 909 4678 sed
937 4618 1039 4680 etiem
1082 4615 1156 4696 eJ'us
1179 4615 1239 4695 qui
1262 4613 1431 4692 arguitur,
1454 4629 1521 4674 non
1544 4612 1761 4676 vindictam...
1778 4613 1830 4675 Ex

290 4710 404 4788 ,omnis
427 4709 487 4788 qul
502 4709 705 4788 cuicumque
721 4707 811 4769 mala
833 4707 976 4769 conatur
989 4707 1040 4769 in·
1082 4702 1258 4767 iracundia
1273 4703 1363 4764 enim
1380 4705 1413 4763 et
1428 4700 1663 4778 indignatione
1675 4701 1767 4764 hunc
1778 4718 1831 4763 ar-

292 4798 388 4878 ferre,
412 4798 565 4877 loquitur
586 4796 781 4858 vanitatem.
797 4796 870 4857 Non
886 4794 976 4855 enirn
993 4796 1039 4857 lo
1081 4809 1163 4872 guo,
1171 4792 1288 4854 volens
1297 4789 1420 4852 inferre
1432 4789 1722 4871 tristitiam...quae
1730 4789 1831 4851 ledat

292 4886 411 4967 quitur
433 4902 474 4948 ea
495 4902 571 4965 quae
598 4883 784 4948 secundum
811 4883 920 4945 Deum
947 4888 1037 4963 sunt,
1081 4883 1241 4958 animam,
1258 4896 1325 4941 non
1342 4877 1559 4941 emendet...
1583 4879 1693 4954 Quare
1711 4881 1825 4940 autem

293 4976 352 5056 qui
375 4973 498 5056 querit
519 4990 622 5052 agere
645 4975 744 5038 mala.
767 4971 829 5035 ΒΒ.
854 4973 927 5035 686.
1082 4971 1161 5033 talis
1185 4967 1325 5031 effectus
1347 4968 1456 5030 sumi.
1481 4968 1542 5032 ΒΒ.
1567 4967 1642 5030 687.

278 5181 280 5187 ,
323 5166 351 5206 v.
365 5147 407 5204 ra.
420 5113 488 5205 νιι.
503 5147 544 5203 ιο.
1113 5160 1141 5200 v.
1156 5142 1198 5213 ιι,
1212 5142 1254 5198 ιι.
1269 5141 1336 5199 νιν.
1349 5142 1374 5211 s,
1388 5141 1429 5196 ιο.
