4006 6090
734 406 778 468 IN
800 353 999 470 PSILMUM
1023 407 1155 470 CXVIII
1658 419 1723 481 279

221 543 398 630 Πεποίηται
414 546 470 631 μὲν
484 544 506 630 ἡ
523 547 622 631 ψυχή,
639 543 817 611 πέπλασται
835 547 920 611 δὲτὸ
1015 549 1071 611 Fu
1088 549 1226 631 quidem
1243 553 1367 634 anima,
1387 560 1422 618 at
1437 541 1722 641 fing'ituraorpus.

177 657 289 736 σῶμα·
316 648 504 736 Ποιήσωμεν
533 651 605 735 γάρ,
635 651 729 734 φησὶ,
761 650 923 736 ἄνθρωπον
974 655 1187 718 «Faciamus
1205 657 1307 736 enim,
1324 659 1381 737 ait,
1397 657 1567 724 homiuem
1585 662 1627 725 ad
1642 664 1726 726 ima-

175 753 247 818 κατ’
269 753 377 820 εἰκόνα
397 751 565 839 ἡμετέραν.
583 752 647 819 Καὶ
668 752 781 816 πάλιν·
807 751 922 818 Λαάὼν
968 758 1084 836 ginem
1097 766 1256 823 nostram
1273 765 1366 825 eto.»
1392 760 1436 826 Et
1462 765 1601 829 Iterum:
1630 788 1648 828 «
1664 769 1724 832 Su·

175 869 255 945 χοῦν
270 857 332 924 ἀπὸ
347 866 404 942 τῆς
419 866 478 944 γης
501 857 649 952 ἔπλασεντ
665 895 706 906 -
723 855 763 921 ‘II
778 856 922 934 ὑπόθεσις
969 878 1065 924 mens
1080 863 1191 924 lutum
1211 870 1343 944 eterra,
1361 865 1559 932 efformavit.
1574 891 1590 928 i>
1606 908 1646 916 —
1659 874 1720 934 Ar·

175 973 250 1030 τοῦ·
266 962 299 1027 αἱ
313 960 418 1048 χεῖρές
433 984 490 1027 σου
505 963 574 1028 κτλ.
587 971 644 1046 της
655 963 726 1047 περί
737 963 795 1047 τήν
807 960 922 1047 ἀνθρω
969 972 1175 1043 gumentnm
1216 971 1391 1032 versiculi:
1422 975 1545 1037 Manus
1570 978 1632 1038 aaa
1661 981 1723 1040 eto.

173 1065 267 1152 πίνην
282 1065 373 1151 φύσιν
388 1064 606 1152 φιλοστοργίας
626 1062 855 1151 ἀναμιμνήσκει
869 1067 922 1130 τὸν
968 1071 1159 1133 creatorem
1192 1073 1353 1136 admonet
1367 1074 1408 1138 de
1424 1094 1487 1139 sna
1503 1094 1586 1156 erga
1606 1077 1724 1142 huma-

173 1167 319 1254 ποιητήν.
349 1167 453 1255 Λόγος
474 1170 536 1255 γάρ
562 1169 667 1234 πάντα
691 1169 922 1256 τεκτηνάμενος
969 1191 1048 1236 nam
1074 1179 1231 1237 naturam
1259 1175 1438 1242 dilectione
1464 1184 1615 1261 paterna.
1642 1185 1723 1246 Ver·

174 1275 269 1351 αὐτὸς
286 1271 412 1358 λέγεται
423 1272 595 1338 διαπλάσαι
609 1282 671 1339 τῶν
683 1272 852 1359 ἀνθρώπων
863 1275 922 1360 τήν
966 1275 1049 1340 bum
1064 1278 1164 1357 enim,
1192 1295 1261 1360 quo
1287 1286 1410 1346 ounota
1433 1282 1597 1348 fabricata
1622 1292 1714 1366 sunt,

174 1378 276 1464 φύσιν,
292 1379 330 1442 οῦ
344 1379 435 1464 χερσὶ
445 1377 657 1464 χρησάμενος,
670 1376 837 1463 ἀσώματος
847 1377 921 1463 γάρ·
967 1379 1092 1444 dieitur
1100 1381 1212 1462 ipsum
1225 1385 1449 1464 plasmavisse
1461 1388 1637 1452 hominum
1649 1408 1722 1471 spe·

175 1482 260 1548 ἀλλά
277 1484 336 1568 τήν
351 1480 482 1548 πλείονα
497 1484 568 1567 περί
582 1481 654 1547 τάδε
668 1484 704 1547 τὸ
719 1479 842 1569 ποίημα
857 1482 922 1548 διά·
966 1487 1063 1566 oiem,
1084 1503 1150 1548 non
1177 1489 1300 1568 palmis
1333 1508 1426 1570 usus,
1455 1495 1604 1574 eorporis
1631 1497 1722 1558 enim

174 1587 260 1654 θεσιν
277 1586 489 1672 ἑνδεξάμενος,
512 1586 644 1651 ἱκετεύει
658 1585 761 1652 τοίνυν
782 1589 835 1650 τὸν
857 1586 922 1652 δια·
967 1592 1019 1653 est
1040 1608 1169 1673 expers.
1197 1592 1261 1656 Sed
1287 1593 1454 1675 opificem,
1479 1597 1538 1678 qui
1560 1597 1724 1678 majorem

173 1692 342 1758 κλάσαντα
356 1699 540 1778 χορηγῆσαι
561 1701 605 1778 τῷ
619 1689 770 1778 ποιήματι
788 1692 919 1757 σύνεσιν.
967 1695 1100 1757 exeruit
1113 1693 1272 1758 affectum
1301 1713 1389 1776 erga
1416 1699 1479 1762 hoo
1506 1699 1720 1781 figmentum,

175 1789 222 1866 Ἣ
236 1794 412 1862 ἀκόλουθον
427 1795 462 1859 δὲ
477 1794 520 1873 ὡς
534 1799 612 1880 πρὸς
628 1795 816 1882 δημιουργὸν
826 1797 863 1861 τὸ
875 1796 921 1860 ul·
966 1796 1103 1860 interim
1118 1803 1218 1876 rogat
1232 1803 1272 1863 ut
1286 1802 1379 1881 operi
1406 1803 1619 1867 intellectum
1642 1823 1720 1869 oon·

175 1920 280 1985 τημα·
303 1901 378 1982 οίον,
400 1910 456 1965 τοῦ
472 1909 529 1965 σοῦ
553 1901 716 1984 φρόντισον
734 1898 919 1986 ποιήματος,
965 1901 1067 1964 oiliet.
1086 1903 1148 1965 Vel
1167 1907 1330 1985 tanquam
1356 1905 1399 1968 ad
1424 1908 1618 1972 Creatorem
1645 1926 1722 1973 oon-

174 2007 230 2070 καὶ
244 2003 409 2070 τελείωσον
424 2014 462 2091 τῇ
478 2002 587 2088 νοήσει
601 2005 638 2068 τά
657 2005 738 2084 ξῦον
759 2008 796 2070 τὸ
818 2025 920 2090 νοητι-
966 2021 1093 2082 gruum
1104 2005 1225 2084 dirigit
1237 2011 1517 2089 votum,soilioet:
1530 2015 1653 2078 Curam
1665 2015 1718 2077 tui

174 2111 243 2192 κὸν,
266 2109 320 2175 καί
334 2109 352 2172 ὃ
367 2099 444 2194 τἰρὸς
467 2105 619 2174 οἰκείοισιν
641 2111 700 2193 τήν
723 2110 782 2194 σήν
805 2129 921 2193 παρεσ-
964 2109 1074 2190 operis
1083 2109 1178 2190 habe,
1187 2115 1339 2176 etmente
1348 2113 1471 2195 perfice
1481 2117 1717 2182 animalratio·

174 2213 325 2294 κεῦασας,
348 2221 441 2277 τοῦτο
463 2212 515 2277 διὰ
536 2219 593 2297 τῆς
616 2220 675 2296 σής
693 2209 837 2296 γνώσεως
859 2220 921 2277 τῶν
967 2215 1054 2292 nale,
1071 2218 1105 2276 et
1127 2215 1217 2295 quod
1237 2216 1273 2278 in
1292 2219 1395 2280 tuum
1415 2221 1624 2301 mancipium
1640 2241 1722 2305 prae·

176 2316 385 2404 βουλημάτων
406 2315 574 2384 οἰκείωσαι.
590 2311 718 2399 Ἕτεροι
735 2317 770 2380 τὸ
792 2313 922 2398 Ἐποίη-
968 2318 1104 2397 parasti,
1112 2316 1175 2380 hoo
1186 2318 1251 2382 tibi
1263 2338 1324 2401 per
1332 2323 1509 2386 soientIam
1518 2329 1656 2390 tuarum
1665 2345 1721 2390 vo-

175 2444 235 2487 σαν
257 2421 309 2486 ἐπὶ
330 2430 388 2505 τῆς
406 2421 513 2507 ψυχῆς
535 2419 679 2507 εἰρῆσθαί
700 2439 806 2505 φασιν,
828 2420 864 2484 τὸ
887 2419 923 2482 δὲ
967 2423 1138 2486 luntatum
1154 2423 1259 2488 redde
1273 2424 1507 2490 domesticum.
1520 2429 1588 2492 Alii
1604 2433 1718 2494 autem

175 2525 345 2592 Ἐπλασάν
362 2547 400 2610 με
416 2525 467 2589 ἐπί
481 2535 537 2590 τοῦ
553 2524 715 2610 σώματος·
731 2523 822 2588 ἀλλοι
837 2521 871 2586 δὲ
886 2524 922 2587 τὸ
968 2525 1008 2589 de
1016 2527 1264 2591 animadiotum
1273 2530 1446 2610 aooipiunt
1458 2531 1711 2613 illudfecemmt,

176 2629 233 2716 μὲν
248 2626 424 2713 Ἐποίησεν
438 2629 491 2692 ἐπί
506 2639 562 2715 της
578 2627 705 2712 πρώτης
719 2626 923 2712 δημιουργίας
968 2631 1009 2695 de
1027 2649 1164 2713 corpore
1186 2649 1267 2696 vero
1290 2634 1376 2698 illud
1392 2633 1644 2716 plasmatorem
1656 2655 1714 2702 κιο.

176 2735 271 2818 φασίν
287 2732 334 2817 [τὸ
357 2733 392 2797 δὲ
406 2733 586 2816 Ἔπλασαν,
610 2732 662 2797 ἐπί
683 2741 740 2818 της
763 2733 830 2816 τοῦ]
852 2731 923 2796 λου-
967 2737 1093 2800 Verum
1108 2736 1168 2798 elii
1180 2735 1266 2800 illud
1271 2736 1427 2818 fecerunt
1439 2739 1585 2803 audiunt
1595 2740 1635 2804 de
1647 2743 1713 2823 pri-

174 2833 250 2922 τρυῦ
279 2837 521 2924 παλιγγενεσίας
550 2839 605 2903 καὶ
631 2836 848 2914 ἀνακλάσεως.
880 2875 920 2885 -
968 2855 1024 2900 ma
1041 2840 1221 2920 creatione,
1236 2839 1295 2904 sed
1310 2841 1396 2904 illud
1405 2842 1657 2922 ρίατνιοτιιτικί
1672 2847 1712 2909 de

175 2941 255 3027 Χείρ
270 2940 389 3026 Κυρίου
409 2940 432 3026 ή
449 2940 516 3028 μετ’
527 2942 623 3006 αὐτοῦ
646 2941 697 3004 ἐπὶ
718 2940 857 3025 Χριστοῦ
873 2937 923 3004 λέ·
967 2960 1055 3005 nova
1071 2943 1106 3005 in
1120 2945 1256 3008 lavaero
1271 2946 1450 3010 nativitate
1474 2952 1508 3010 et
1532 2950 1638 3012 altera
1650 2950 1714 3013 for-

174 3067 274 3132 γεται.
297 3046 458 3125 Συνὲσεως
479 3047 514 3111 δὲ
536 3046 707 3131 χρῄζομεν,
726 3047 781 3110 καί
804 3044 847 3121 εἰς
869 3046 923 3109 τὸν
968 3048 1126 3110 motione.
1142 3082 1180 3092 —
1197 3049 1318 3113 Manus
1333 3051 1479 3131 Domini,
1496 3070 1572 3133 ηοω
1596 3071 1674 3116 oum
1690 3056 1716 3118 i·

173 3149 285 3236 ἠθικὸν
307 3151 433 3236 τρόπον,
456 3150 497 3228 ὡς
521 3152 558 3216 οὐ
580 3151 662 3216 πάνυ
685 3159 783 3236 σοφή.
801 3189 841 3198 -
859 3150 936 3216 'Iov-
967 3169 1027 3232 pso
1047 3155 1107 3230 est,
1123 3151 1276 3218 Christus
1298 3153 1431 3218 dicitur.
1457 3157 1635 3221 Intelleotu
1654 3177 1715 3222 au·
1811 3197 1813 3203 ·

173 3257 237 3341 γάρ
252 3255 414 3341 ἄνθρωπον
426 3257 463 3320 οῦ
476 3257 570 3340 μόνον
582 3254 739 3340 ἐποίησεν,
752 3253 793 3332 ὡς
808 3257 849 3320 τά
860 3255 922 3320 λοι-
966 3262 1035 3319 tem
1045 3257 1250 3337 indigemus,
1267 3259 1319 3322 vel
1331 3258 1373 3320 ob
1383 3276 1521 3323 sensnm
1538 3263 1710 3340 moralem,

175 3363 223 3427 πά
236 3361 404 3447 κτίσματα,
421 3361 573 3427 ἀλλὰκαὶ
588 3361 717 3444 ἔπλασε,
737 3370 776 3446 τῇ
793 3363 923 3446 αῦτουρ-
967 3379 1035 3425 non
1050 3378 1187 3442 prorsus
1201 3362 1429 3443 perspicuum.
1444 3399 1482 3409 —
1497 3367 1632 3429 Etenim
1645 3383 1712 3428 non

172 3463 230 3552 γίᾳ
243 3463 381 3550 τιμήσας
392 3467 497 3531 αὐτόν.
513 3505 551 3514 -
565 3466 678 3550 Χεῖρες
689 3467 724 3531 δὲ
735 3467 798 3530 είεν
809 3465 921 3533 Θεοῦὸ
967 3468 1076 3530 solum
1092 3465 1190 3528 modo
1213 3465 1384 3528 hominem
1407 3466 1496 3546 feeit,
1513 3471 1552 3530 ut
1574 3475 1712 3530 caeteras

175 3567 247 3647 Πὸς
272 3571 327 3634 καί
353 3572 388 3634 τὸ
415 3569 554 3656 Πνεῦμα,
579 3571 619 3636 δι’
640 3573 683 3636 ιὐν
705 3571 810 3636 πάντα
832 3569 922 3655 δεδη-
967 3575 1148 3650 creaturas,
1164 3569 1222 3633 sed
1239 3573 1273 3632 et
1284 3571 1475 3650 plasmavit,
1489 3589 1566 3634 eum
1579 3573 1715 3654 proprio

176 3674 372 3759 μιοῦργηται.
388 3675 581 3740 Ἀκάλουθον
598 3675 634 3738 δὲ
654 3673 725 3740 λίαν
747 3677 801 3739 καὶ
823 3677 860 3739 τὸ
875 3674 921 3737 αἰ·
941 3705 945 3714 ·
964 3676 1071 3755 ipsius
1086 3673 1219 3756 opificio
1241 3674 1433 3738 honestans.
1453 3709 1491 3719 —
1513 3677 1632 3739 Manus
1655 3693 1714 3738 au-

174 3785 238 3842 τεῖν
252 3779 340 3863 παρὰ
361 3788 417 3844 τοῦ
439 3776 628 3862 ποιήσαντος
650 3777 783 3861 σύνεσιν,
806 3777 920 3863 ήπρὸς
964 3782 1033 3840 tem
1056 3778 1116 3840 Dei
1132 3777 1260 3841 fuerInt
1274 3777 1381 3840 Filius
1408 3781 1442 3840 et
1469 3780 1616 3859 Spiritus
1642 3797 1717 3842 san·

173 3884 234 3968 τήν
248 3880 374 3966 ποιήσιν
388 3891 448 3948 τῶν
463 3882 598 3949 ἐντολῶν
613 3881 751 3948 συνωθεῖ.
857 3884 860 3890 ’
965 3887 1050 3960 etus,
1067 3899 1126 3962 per
1148 3898 1231 3962 quos
1252 3883 1365 3944 omnin
1390 3886 1504 3945 ereata
1524 3888 1614 3946 sunt.
1632 3886 1717 3947 Con-

965 3990 1165 4050 sentaneum
1193 3987 1317 4069 quippe
1345 3990 1427 4065 erat,
1452 3993 1491 4050 ut
1516 4005 1537 4050 a
1559 3989 1716 4052 Creatore

967 4089 1177 4153 intellectum
1192 4107 1270 4152 eum
1283 4091 1478 4171 postularet,
1492 4093 1550 4172 qui
1563 4091 1606 4155 ad
1622 4109 1716 4154 men-

966 4193 1045 4256 data
1059 4193 1273 4276 exsequenda
1285 4197 1396 4272 urget.

216 4319 248 4364 ν.
267 4299 374 4367 74.οί
397 4299 584 4388 ροὸοῦμενοί
600 4321 636 4366 σε
656 4299 851 4386 donatellae,
867 4301 923 4365 καί
1011 4317 1042 4361 ν.
1070 4299 1123 4362 74.
1152 4299 1214 4375 ραι·
1236 4299 1350 4364 timeat
1371 4304 1411 4378 te,
1426 4297 1578 4367 videbunt
1600 4317 1667 4380 τινος
1690 4305 1721 4365 et

173 4525 205 4576 at
229 4521 440 4594 interpretum,
464 4539 523 4577 uno
545 4539 596 4578 ors
619 4520 756 4593 Origenis
773 4519 923 4594 ooryphaei
965 4519 1084 4594 ίποίησο)
1101 4523 1206 4590 νοήσεις
1223 4521 1265 4574 ἀπὶ
1281 4525 1330 4589 της
1347 4524 1438 4588 ψυχῆς
1460 4524 1508 4574 καί
1528 4523 1576 4573 τοῦ
1598 4521 1721 4588 σωματος

172 4607 264 4667 verba
275 4607 422 4666 referens:
965 4609 1078 4683 (πνεῦμα
1090 4610 1142 4676 γάρ
1155 4607 1224 4661 Θεοῦ
1233 4607 1391 4680 ἀμφότερα),
1402 4610 1433 4660 τὸ
1445 4609 1474 4660 u
1487 4609 1606 4662 ἔπλασαν
1619 4609 1661 4662 ae
1671 4610 1719 4662 τοῦ

231 4697 438 4763 ’urlruuoru
450 4697 637 4764 urrrulllor,
649 4699 863 4764 'uolumen
965 4701 1089 4766 σώματος
1101 4699 1181 4764 μάνου
1192 4699 1311 4763 νοητάον.
1323 4695 1396 4762 Quoe
1407 4694 1491 4750 nulla
1501 4694 1721 4768 iuterpretatio-

369 4785 524 4849 Aldr'llor,
536 4786 723 4838 ΕὟΑΓΡΙὈΥ.
966 4800 1004 4840 ne
1015 4781 1159 4852 Indigent.
1172 4779 1216 4836 ef.
1230 4779 1304 4836 Gan.
1316 4795 1336 4851 1,
1349 4781 1392 4851 26,
1407 4798 1438 4852 n,
1452 4783 1477 4837 7.

207 4869 245 4922 'lt
261 4871 398 4924 ἁνυστικόν
415 4875 463 4938 τῆς
481 4872 615 4939 ίνοργιίας
633 4873 713 4924 αὐτοῦ
732 4874 858 4940 σημαίνει,
875 4874 923 4925 καί
999 4886 1028 4926 ν.
1042 4867 1084 4923 74.
1099 4868 1166 4924 Vat.
1179 4867 1205 4937 4,
1218 4867 1243 4935 5,
1256 4867 1299 4922 16.
1321 4867 1434 4923 Ultima
1455 4883 1514 4923 non
1526 4867 1602 4923 nihil
1624 4867 1718 4924 disso-

173 4957 331 5024 δημιουργοῦ
344 4960 485 5025 ίνίργειαν·
504 4964 593 5024 χεῖρες
605 4956 920 5023 messuerimus
965 4954 1029 5010 luta
1046 4952 1264 5024 aunt310ngnm
1288 4953 1366 5008 enim
1387 4958 1514 5009 uaotnm
1536 4953 1718 5026 reliquimus,

174 5045 281 5110 Πνεῦμα
290 5046 323 5097 τὸ
341 5046 426 5112 ἀγιον,
439 5047 471 5097 δι’
484 5047 520 5098 ὢν
537 5047 572 5097 τά
588 5047 684 5110 πάντα,
701 5046 816 5112 μάλιστα
833 5046 862 5099 u
874 5047 921 5098 τὸν
965 5047 1000 5097 nt
1016 5045 1086 5114 pote
1101 5039 1172 5110 jam,
1185 5039 1237 5095 sed
1249 5045 1352 5095 eontra
1369 5039 1458 5096 fidam
1475 5039 1579 5113 optimi
1595 5047 1655 5098 vat.
1674 5041 1717 5112 16,

175 5132 312 5198 ἄνθρωπον
323 5133 535 5200 ἐδημιούργησεν.
548 5133 601 5186 Καὶ
608 5132 640 5186 τὸ
653 5133 699 5200 μίν
709 5133 834 5200 ἐποίησαν
847 5128 921 5202 (aod.
967 5127 1021 5184 sub
1033 5126 1150 5184 nomiae
1162 5125 1284 5200 Didymi
1296 5125 1408 5184 editum
1420 5127 1498 5203 apud
1510 5127 1689 5187 cordarium.
