4008 6094
781 402 823 466 ru
847 396 1032 467 essenos
1635 367 1677 473 ιτ

185 555 217 601 v.
232 539 262 617 2,
279 539 308 603 θ.
325 535 503 604 Ἀκούσατε
520 539 611 620 αὐτὰ,
627 537 784 603 πάντατὰ
796 537 887 623 ἔθνη·
972 559 1004 604 v.
1021 544 1051 621 2,
1069 544 1098 604 3.
1115 540 1242 620 Arcdite,
1261 559 1369 609 omues
1391 551 1519 632 μετείθη·
1541 549 1679 614 cambas

134 637 350 723 ἐνωτίσασθε,
381 641 497 720 πάντες
523 643 552 706 οί
578 651 798 720 κατοικοῦντες
827 644 886 728 τὴν
921 647 1092 727 peraqnita,
1111 663 1218 710 οκιιισε
1231 648 1289 727 qai
1304 647 1460 716 habitatis
1474 651 1587 732 orbem,
1607 656 1678 734 qai-

136 743 346 829 οἰκουμὲνην·
363 747 396 810 οί
408 765 443 810 τε
458 755 615 831 γηγενεῖς,
631 747 687 811 καί
702 744 732 810 οί
747 745 806 810 υἱοί
825 755 887 811 τῶν
928 751 1173 832 praetermeare
1194 752 1306 834 etstlii
1320 752 1495 835 ίίοιιιίιικικ,
1520 757 1622 821 amul
1642 758 1680 820 io

134 847 319 933 ἀνθρώπων,
335 849 386 914 ἐπὶ
397 852 434 915 τὸ
446 852 523 915 αυτθ
540 848 689 926 πλούσιος
705 852 759 914 καί
777 848 885 933 πένης.
928 867 1030 915 taum
1045 851 1134 916 ditas
1150 856 1183 917 et
1189 869 1327 934 pauper.

183 951 276 1036 Τρεῖς
297 954 359 1039 γὰρ
374 954 452 1019 εἰσίν
474 953 507 1020 αί
527 952 672 1040 συζυγίαι
686 961 749 1018 τῶν
771 952 887 1039 κεκλη-
975 955 1132 1035 'triplicis
1161 957 1251 1019 enim
1275 960 1412 1036 generis
1428 963 1510 1023 sunt
1531 951 1622 1026 bina
1644 968 1680 1025 et

135 1054 249 1140 μένων,
265 1058 300 1123 ἐν
315 1059 364 1135 αίς
387 1059 472 1123 ἅπαν
494 1060 530 1122 τὸ
552 1068 614 1124 τῶν
637 1043 807 1143 ἀνθρώπων
831 1079 886 1123 πε·
929 1059 1017 1121 binae
1032 1061 1318 1138 congregationes
1340 1069 1612 1144 convocatorum,
1643 1066 1679 1128 in

134 1158 478 1246 ριέχεταιγένος·έθνη
491 1161 583 1226 καλοί
594 1172 814 1240 κατοικοῦντες
825 1164 884 1248 τὴν
930 1153 1055 1242 quibus
1079 1179 1177 1226 omne
1194 1164 1372 1228 hominum
1394 1161 1507 1245 genus
1530 1171 1679 1233 contine-

134 1261 339 1350 οἰκουμένην,
368 1273 513 1351 γηγενεῖς
536 1266 590 1329 καὶ
618 1266 646 1328 ol
669 1263 729 1328 υίοὶ
751 1274 812 1330 τῶν
835 1263 887 1329 ἀν
929 1268 1001 1327 tur:
1014 1270 1124 1348 pectas
1145 1271 1177 1330 et
1197 1265 1378 1332 habitantes
1400 1268 1514 1350 orbem,
1541 1272 1675 1354 beauape-

134 1365 279 1450 θρὼπων,
294 1367 436 1434 πλούσιοι
456 1370 511 1434 καὶ
532 1367 674 1452 πένητες.
694 1405 730 1414 -
749 1366 789 1433 ‘H
805 1368 887 1452 πριθ-
928 1385 977 1432 aa
990 1369 1109 1452 castita·
1127 1369 1300 1451 ίιοιιιίκκιιι,
1319 1373 1437 1437 dicitas
1459 1379 1490 1438 at
1504 1392 1676 1456 pauperes.

133 1491 188 1554 τη,
205 1469 291 1556 ἔθνη,
307 1471 369 1536 ὅσα
390 1472 467 1537 εἰσίν
482 1471 511 1536 οἱ
525 1481 747 1548 κατοικοῦντες
769 1474 829 1558 την
844 1472 887 1536 οἰ-
930 1473 1045 1536 Prima
1068 1475 1185 1537 classis
1208 1479 1260 1537 est
1282 1479 1439 1554 gentium
1463 1483 1497 1542 et
1523 1483 1676 1544 omnium
1703 1466 1706 1477 ’

133 1573 306 1659 κουμένην,
322 1574 351 1639 oi
365 1575 523 1660 ἀλλότριοι
538 1585 596 1662 της
610 1574 742 1654 πίστεως
757 1577 808 1642 διά
826 1585 888 1641 τῶν
930 1581 1097 1658 quotquot
1111 1577 1267 1640 habitant
1281 1583 1416 1660 terram,
1433 1584 1493 1662 qui
1513 1601 1573 1664 per
1595 1601 1678 1663 gen·

133 1676 243 1744 ἐθνῶν.
259 1677 341 1744 Etru
353 1679 582 1764 scabrositate,
597 1688 752 1766 γηγενεῖς,
766 1679 794 1744 οἱ
810 1701 884 1766 opo
929 1683 980 1742 tes
1004 1681 1107 1743 alieni
1123 1698 1144 1743 a
1158 1681 1224 1744 fide
1247 1687 1338 1746 sunt.
1353 1685 1489 1748 -Deinde
1505 1692 1581 1768 post
1602 1688 1675 1768 hos,

134 1790 261 1857 νοῠντες
275 1781 317 1845 τὰ
332 1779 436 1866 γήινα,
459 1785 514 1847 καί
537 1792 597 1848 τῶν
617 1782 803 1870 θελημάτων
826 1793 886 1870 τῆς
930 1784 1108 1866 tanqam,
1132 1784 1193 1864 qui
1223 1787 1357 1848 terrena
1382 1790 1530 1870 sapiunt,
1562 1795 1596 1853 ct
1621 1809 1678 1854 vo-

136 1887 258 1968 σαρκθς
273 1883 485 1971 ἀντεχόμενοι.
499 1885 579 1952 Eira
590 1885 618 1950 οἱ
629 1886 688 1950 υίοί
700 1886 880 1971 ἀνθρώπων,
933 1886 1082 1950 luntntes
1098 1889 1209 1974 capnis
1225 1891 1494 1971 amplectuntur3
1510 1898 1675 1974 praeterea

135 1987 164 2050 σί
184 1985 366 2073 ἐπιμέλειάν
387 1969 457 2054 τινα
479 1991 534 2054 καί
557 1991 691 2074 ἄσκησιν
714 2001 771 2055 τοῦ
786 1991 884 2076 λόγου
918 1989 995 2072 filia·
1008 1989 1181 2070 ἀοιιιίιικιιι,
1198 1993 1257 2073 qui
1270 1994 1411 2058 rationis
1428 1995 1610 2075 quamdam
1626 1999 1677 2060 in·

135 2090 335 2176 ποιοιίμενοι·
357 2091 435 2158 ἴδιον
456 2094 518 2178 γὰρ
533 2085 589 2158 τοῦ
604 2091 768 2177 ἀνθρώπου
784 2097 820 2158 τὸ
835 2094 888 2158 lo
929 2095 1141 2157 stitutionem
1157 2099 1191 2158 et
1207 2099 1408 2166 exercitium
1427 2099 1570 2180 habent3
1594 2101 1677 2182 quia

134 2193 245 2279 γικθν·
260 2196 378 2278 λοιπὸν,
402 2196 543 2262 πλούσιοι
559 2198 613 2261 καὶ
629 2197 781 2282 πένητες·
797 2197 888 2264 αὐτὸ·
930 2199 1071 2262 rationis
1086 2218 1171 2262 usus
1186 2202 1321 2282 proprie
1337 2202 1513 2266 hominum
1531 2209 1591 2268 est.
1615 2207 1678 2268 De-

136 2300 192 2365 θεν
213 2301 321 2385 ἔχουσι
342 2300 575 2387 γνωριζομένην
597 2304 656 2387 τὴν
680 2301 837 2388 ἰδιότητα,
858 2303 888 2367 οἱ
930 2319 1036 2381 mum,
1051 2301 1169 2366 diaitm
1190 2307 1222 2368 et
1234 2321 1406 2386 pauperes,
1432 2323 1578 2387 quorum
1600 2326 1674 2388 pro·

136 2405 197 2489 μὲν
226 2402 464 2488 ὑπερὸαίνοντες
489 2407 549 2491 τὴν
570 2415 681 2490 κτῆσιν
707 2413 769 2472 τιῖιν
792 2405 888 2491 ἀναγ-
930 2406 1056 2488 pristas
1078 2424 1139 2487 per
1160 2425 1196 2470 se
1219 2409 1446 2488 cognoscitur,
1463 2411 1514 2473 illi
1538 2411 1676 2492 quidem

134 2504 249 2586 καίων,
265 2505 294 2570 oi
311 2507 339 2572 δ’
351 2508 383 2573 ἐν
399 2506 501 2593 ἐνδείᾳ
512 2507 630 2575 τούτων
641 2509 885 2594 καθεστηκότες.
929 2511 1209 2590 superabundant
1224 2511 1324 2574 rebus
1341 2516 1550 2593 necessariis,
1571 2516 1607 2578 hi
1622 2535 1678 2580 ve·

134 2611 270 2697 Ἐπειδη
296 2611 364 2676 aab
384 2612 488 2696 ἰατρὸς
511 2621 573 2677 των
595 2613 706 2698 ψυχῶν
727 2614 788 2676 οὐκ
809 2612 888 2698 ἠλθε
930 2630 967 2676 ro
983 2614 1178 2678 earumdem
1191 2615 1306 2696 inopia
1320 2616 1484 2680 laborant.
1498 2621 1608 2694 Quum
1620 2639 1679 2684 au-

135 2715 273 2781 καλέσαι
289 2715 438 2797 δικαίους,
459 2716 531 2781 ἀλλ’
546 2716 753 2802 ἀμαρτωλοὺς
775 2716 819 2795 εἰς
836 2739 888 2804 με·
929 2723 999 2783 tem
1028 2718 1180 2782 medicus
1210 2720 1402 2783 animarum
1436 2726 1504 2784 non
1534 2724 1677 2802 venerit,

135 2821 276 2903 τάνοιαν,
308 2830 430 2905 πρῶτον
453 2820 562 2900 ἔταξεν
589 2821 622 2886 ἐν
651 2830 691 2906 τῇ
715 2820 827 2905 κλήσει
854 2823 888 2888 ἐν
933 2839 1083 2886 «vocare
1095 2821 1216 2902 justos,
1233 2823 1292 2886 sed
1308 2830 1499 2904 peccatores
1515 2826 1558 2889 ad
1573 2828 1678 2908 poeni-

134 2926 258 3012 έκάοτη
282 2925 415 3011 συζυγίᾳ
436 2928 472 2990 τὸ
495 2924 754 3011 κατεγνωσμένον
782 2925 885 3012 μέρος.
933 2928 1087 3007 tentiam,
1103 2949 1119 2988 »
1138 2928 1173 2990 id
1196 2929 1345 3009 primum
1369 2931 1405 2992 in
1428 2932 1603 2995 vocatione
1626 2949 1682 3013 po-

134 3032 275 3117 Χείρονα
288 3032 350 3118 γὰρ
366 3033 407 3096 τά
418 3029 493 3114 ἔθνη
505 3040 567 3096 των
582 3029 814 3095 κατοικούντων
827 3032 887 3115 την
932 3032 1003 3094 suit
1017 3031 1108 3112 quod
1126 3031 1162 3095 in
1179 3032 1332 3111 qualibet
1342 3032 1585 3113 conjugatione
1600 3053 1679 3117 pars

138 3134 346 3221 οἰκουμένην·
369 3135 441 3199 ἀλλ’
463 3136 545 3220 ὅμως
573 3133 815 3220 προτετίμηνται
843 3136 888 3213 εἰς
932 3138 1005 3197 erat
1019 3136 1161 3198 minoris
1177 3137 1260 3216 spei.
1285 3138 1475 3202 Deteriores
1491 3139 1582 3201 enim
1598 3145 1681 3203 sunt

45 3321 51 3332 ι
134 3244 193 3327 τὴν
216 3241 340 3324 κλῆσιν,
356 3241 408 3305 ίνα
422 3239 451 3304 οί
466 3249 574 3318 κακῶς
589 3241 719 3325 ἔχοντες
734 3237 886 3324 πρότερον
935 3243 1055 3317 gentes
1075 3257 1179 3320 quam
1202 3239 1238 3302 hi
1262 3243 1322 3321 qui
1345 3241 1460 3304 orbem
1483 3246 1601 3307 tenent
1622 3243 1680 3307 ha-

136 3343 353 3430 μετοιλάθωσιν
379 3325 437 3428 τῆς
459 3345 497 3408 ἐκ
512 3353 567 3408 τοῦ
591 3345 699 3428 ἰατροῦ
722 3342 885 3428 ὠφελείας.
932 3344 1088 3432 bitatum,
1121 3348 1355 3408 verumtamen
1380 3346 1415 3409 in
1438 3349 1679 3412 convocatione

135 3449 247 3530 Πάλιν,
260 3448 290 3512 οί
300 3457 446 3533 γηγενεῖς
459 3450 519 3533 πρὸ
535 3457 596 3513 τῶν
607 3447 680 3512 υίιῖιν
695 3457 756 3512 των
770 3447 887 3532 ἀνθρώ·
931 3449 1119 3528 praepositae
1151 3452 1248 3510 sunt:
1276 3450 1402 3529 utqui
1429 3451 1517 3512 male
1543 3451 1680 3530 habent,
1790 3498 1791 3507 ,

133 3575 211 3636 πων,
220 3555 274 3617 καί
283 3552 426 3618 πλούσιοι
437 3554 497 3636 πρὸ
505 3561 567 3618 τῶν
576 3550 773 3636 πενήτωντὸ
786 3553 883 3638 ἀπεγ-
931 3552 1026 3631 μείου
1057 3569 1078 3613 a
1107 3550 1237 3613 medico
1263 3553 1453 3633 percipiant
1483 3554 1678 3618 utilitatem.

134 3654 293 3743 νωσμένον
326 3655 434 3741 τάγμα
466 3658 521 3722 καί
547 3655 702 3722 δύσκολον
732 3657 884 3742 πρότερον
931 3659 1061 3718 Rursus
1076 3656 1244 3736 senipeta
1255 3659 1333 3717 ante
1343 3657 1441 3737 filios
1455 3655 1634 3737 ίιοικίιικιιη
1647 3665 1681 3721 et

134 3759 290 3845 κέκληται
311 3769 372 3825 τῶν
387 3769 521 3845 πτωχῶν
541 3763 618 3845 πρὸς
640 3763 700 3847 τὴν
715 3759 884 3846 σωτηρίαν.
930 3760 1047 3824 dicitas
1059 3763 1137 3821 ante
1142 3775 1317 3838 pauperes
1326 3757 1523 3838 desperatus
1532 3761 1590 3823 ille
1599 3761 1679 3824 ordo

135 3864 275 3950 Τοιαύτη
298 3865 360 3951 γὰρ
386 3865 425 3930 ἐκ
452 3875 509 3930 τοῦ
535 3867 643 3948 ἰατροῦ
670 3864 887 3951 φιλανθρωπία
932 3863 1041 3943 etqui
1057 3879 1149 3940 aegre
1172 3863 1318 3924 salutem
1334 3863 1563 3943 consequitur,
1585 3866 1680 3944 prius

134 3978 198 4047 τοῖς
226 3967 460 4053 ἀσθενεστέροις
491 3968 694 4054 μεταδίδωσιν
720 3979 778 4065 ι-,ης
805 3971 885 4056 aaa·
931 3969 1072 4030 vocatus
1088 3969 1148 4044 est,
1165 3982 1268 4045 quarn
1284 3981 1459 4046 pauperes.
1476 3966 1680 4046 Huiusmodi

137 4071 233 4150 λείας.
246 4068 350 4158 Ὀμοῦ
366 4073 466 4138 δὲκαὶ
482 4071 609 4158 εἰρήνης
621 4072 689 4139 ἐστί
703 4078 886 4160 συναγωγὸς
932 4071 1023 4134 enim
1040 4073 1091 4133 est
1106 4069 1304 4147 benignitas
1319 4069 1452 4148 medici,
1468 4071 1563 4150 prius
1583 4089 1680 4153 opem

138 4174 158 4259 ἡ
175 4175 323 4242 κοινωνία
333 4186 390 4262 της
405 4177 559 4261 κλήσεως,
577 4179 657 4243 ὥστε
668 4181 741 4255 τοὺς
754 4171 888 4264 ἔχοντας
932 4174 1021 4236 ferre
1031 4173 1320 4236 imbecillioribus.
1331 4175 1440 4236 Simul
1453 4176 1554 4236 etiam
1564 4193 1681 4256 pacem

137 4279 215 4359 τέως
231 4282 269 4346 ἐκ
290 4290 352 4346 τῶν
367 4281 622 4367 ἐπιτηδευμάτων
633 4283 711 4365 πρὸς
727 4280 886 4366 ἀλλήλους
931 4278 1093 4340 conciliat
1115 4277 1343 4340 communitas
1371 4279 1570 4358 vocationis,
1597 4279 1680 4343 adeo

137 4383 346 4466 ὑπεναντίως,
377 4385 508 4461 τοιίτους
537 4386 588 4449 διά
618 4392 682 4469 ’της
713 4381 887 4468 ἐκκλησίας
932 4386 971 4444 ut
996 4382 1057 4461 qui
1079 4381 1244 4444 hactenus
1268 4381 1359 4444 inter
1389 4399 1425 4444 se
1459 4383 1582 4446 studiis
1617 4383 1683 4446 dis-

137 4489 346 4577 προστεθῆναι
366 4487 518 4573 ἀλλήλοις
532 4489 577 4566 εἰς
592 4490 650 4573 τὴν
670 4486 809 4572 ἀγάπην,
828 4508 886 4573 μη·
931 4489 1118 4564 senserant,
1137 4485 1179 4548 ob
1203 4485 1296 4547 hunc
1320 4489 1525 4548 conventum
1549 4488 1679 4549 mutuae

137 4593 224 4672 δενὸς
234 4605 295 4660 τῶν
307 4592 466 4680 προτέρων
478 4589 733 4676 ἀποτρεπομένου
747 4592 801 4656 καί
814 4591 886 4675 ρεύ-
931 4592 1128 4653 assuescant
1143 4588 1312 4667 charitati,
1329 4589 1426 4652 nullo
1449 4590 1601 4669 priorum
1616 4605 1679 4668 ag-

137 4719 257 4781 γοντος,
281 4700 335 4765 καί
363 4697 500 4784 μάλιστα
530 4705 591 4762 τιῖιν
615 4693 780 4783 πλουσίωγ,
809 4695 887 4778 ὅπερ
930 4693 1237 4756 minumacaeteris
1250 4696 1403 4772 separato
1415 4695 1450 4753 et
1465 4689 1678 4771 diffugiente,

138 4801 378 4890 ἀπεγνωσμένον
402 4801 510 4888 τάγμα
539 4803 616 4886 πρὸς
643 4796 802 4884 σωτηρίαν
832 4799 887 4865 καί
931 4796 1118 4879 prasertim
1145 4814 1165 4858 a
1193 4795 1367 4875 divitibus,
1395 4813 1541 4876 quorum
1569 4812 1680 4874 genus

171 5045 198 5082 ν.
210 5029 236 5097 2,
249 5027 275 5082 θ.
288 5028 355 5084 vat.
370 5028 411 5097 10,
425 5027 466 5082 14.
485 5023 529 5080 of.
542 5023 648 5080 Matth.
669 5024 766 5091 rx,12.
781 5023 816 5078 In
830 5024 887 5082 fine
931 5024 962 5075 ot
974 5016 1198 5074 Theodoretum.
1211 5017 1277 5075 Huc
1290 5017 1380 5074 etiam
1391 5015 1423 5074 in
1434 5013 1584 5074 nonnullis
1601 5032 1680 5074 acoe-

138 5110 403 5188 id.x1,15.0perae
422 5111 550 5186 pretium
568 5109 724 5168 erit‘adiro
742 5109 886 5180 Basiliam
931 5105 976 5164 dit
994 5101 1147 5161 Eusebius.
