4008 6094
19 43 26 295 l

17 561 19 676 ι

812 438 862 502 ἸΝ
887 437 1072 504 PSALMOS
1668 441 1707 502 51

214 595 246 639 v.
274 575 304 638 4.
333 571 594 659 Προσκαλίσεται
615 576 669 641 τὸν
692 575 825 660 οὐρανὸν
850 577 915 643 ἀνιυ
1004 598 1036 642 r.
1052 581 1083 642 4.
1099 577 1272 646 lateant
1288 578 1401 646 calam
1416 579 1587 646 desursum
1602 585 1634 648 et
1647 584 1711 647 ter·

172 681 228 744 καί
242 680 301 765 τὴν
315 687 386 765 γῆν,
403 679 557 764 διακρῖναι
571 681 625 746 τὸν
640 679 718 747 λαὸν
734 681 841 746 αὐτοῦ.
960 699 1032 750 νυνι
1045 682 1226 750 decumo
1248 683 1406 766 populun
1419 702 1525 750 οκυυι.

216 783 348 851 Ζώντυν
359 787 421 871 γὰρ
432 785 487 848 καῖ
497 793 615 869 νεκρῶν
631 787 696 852 ἐστι
707 789 826 873 κριτης,
839 785 915 852 διότι
1003 787 1201 851 Viventium
1221 789 1312 852 enim
1328 791 1362 850 et
1378 793 1587 852 mortuorum
1600 787 1707 869 judex

168 897 278 956 πᾶσαν
292 891 352 976 την
366 885 466 975 κρίσιν
482 888 598 955 ἔδωκεν
613 890 631 956 δ
649 889 761 994 ῌατηρ
772 875 828 976 ’τῷ
843 889 914 976 rip.
960 893 1021 970 est,
1040 893 1202 972 quoniam
1216 909 1340 958 «omne
1352 890 1521 972 judicium
1537 891 1629 956 dedit
1643 895 1704 956 Pa-

961 999 1013 1059 ter
1026 995 1155 1059 Filio.»

214 1117 246 1161 v.
265 1097 315 1161 14.
332 1094 436 1164 Θῦσον
458 1104 502 1183 τῷ
524 1098 597 1184 Θεῷ
610 1098 681 1164 κτλ·
1003 1116 1034 1160 v.
1054 1098 1479 1180 14.Ιιευισ1σῦιο(οι·θει.
1496 1101 1546 1180 II,
1560 1116 1596 1180 p.
1613 1101 1702 1180 338).

214 1219 246 1264 ν.
266 1197 316 1266 16.
340 1198 406 1266 Καὶ
424 1201 610 1268 επικάλεσαί
629 1221 667 1289 με
683 1202 716 1270 ἐν
730 1200 835 1290 ἡμέρᾳ
856 1202 919 1270 θλί-
1006 1219 1038 1265 v.
1056 1203 1107 1265 15.
1123 1203 1168 1266 Et
1180 1203 1402 1270 taramriam
1413 1203 1512 1271 indie
1526 1203 1708 1270 tribulatio-
1746 1237 1749 1244 ·

172 1303 519 1391 ψευς,κα1ἐξελσῦμαί
535 1327 581 1372 σε.
962 1306 1027 1384 nir,
1046 1305 1230 1386 etm'pt'am
1244 1311 1284 1372 te.

217 1406 256 1474 Ὁ
282 1407 376 1486 αὐτὸς
398 1408 464 1475 ἐστι
478 1409 559 1488 Θεὸς
580 1430 616 1476 τε
637 1413 693 1478 καί
712 1413 840 1497 ὕψιστος
862 1415 918 1478 καὶ
1006 1409 1100 1476 Idem
1122 1411 1212 1475 Deua
1236 1416 1288 1474 est
1310 1415 1345 1476 et
1365 1411 1563 1494 altissimus,
1586 1416 1622 1477 et
1647 1413 1706 1494 qui

172 1510 322 1598 ῥυόμενος
341 1515 405 1578 απδ
428 1512 571 1600 θλίψεως.
595 1513 751 1596 Αῖνὲσευς
774 1517 809 1582 δὲ
831 1515 918 1602 λέγει
962 1513 1063 1595 eripit
1083 1514 1126 1577 ab
1155 1515 1336 1594 augustiis.
1360 1515 1566 1600 Saarpiciwt
1591 1520 1707 1580 autern

171 1613 282 1682 θυσίαν
297 1624 361 1694 τοῖς
376 1616 507 1697 δικαίοις
521 1615 640 1703 πρέπον
655 1629 711 1685 τοῦ
730 1621 845 1708 ὑμνεῖν,
869 1620 917 1684 εὐ·
961 1615 1125 1684 laudirait
1135 1619 1279 1701 hymnos
1290 1619 1411 1698 dicere,
1427 1619 1637 1702 quodjustas
1649 1619 1704 1682 de·

173 1721 237 1806 χθις
252 1720 288 1786 δὲ
302 1721 359 1799 τὰς
374 1719 579 1808 ὑποσχέσεις·
601 1725 683 1788 odra
701 1725 763 1808 γὰρ
785 1725 840 1788 καῖ
862 1721 917 1789 ἀλ-
961 1726 1030 1802 eet3
1042 1727 1121 1786 vota
1135 1740 1216 1787 vero
1230 1723 1479 1805 promissionem
1497 1725 1549 1787 Ita
1560 1723 1705 1787 etalibi:

172 1824 295 1912 λαχοῦ·
310 1823 376 1891 Καὶ
391 1825 489 1913 εὐχάς
502 1847 561 1913 μου
572 1835 618 1914 τῷ
629 1827 735 1913 Κυρίῳ
752 1825 916 1892 ἀποδώσω.
965 1849 982 1889 α
997 1829 1084 1892 Vota
1098 1845 1174 1892 mea
1189 1829 1331 1892 Domino
1347 1827 1527 1892 reddam.»

216 1950 249 1994 v.
265 1931 316 1995 16.
332 1929 385 2016 Τῷ
397 1930 432 1996 δὲ
444 1930 621 2019 ἁμαρτωλῷ
633 1931 850 2010 είπενὸΘιός·
865 1933 918 1998 ίνα
1006 1950 1038 1995 v.
1072 1935 1122 1996 16.
1152 1932 1319 1998 Peccatori
1346 1936 1454 1998 autem
1481 1933 1571 1996 Deua
1603 1929 1708 1997 dixit.-

171 2030 203 2100 τί
217 2035 255 2098 σθ
271 2034 366 2120 διηγῇ
381 2036 423 2100 τά
437 2034 634 2121 δικαιώματά
651 2057 727 2122 μους
966 2035 1418 2116 Qttaretaeaarraajrtdicia
1431 2039 1525 2100 mai

218 2135 266 2204 ot
275 2139 338 2223 γὰρ
354 2136 467 2222 ὡραῖος
482 2141 569 2217 αῖνος
583 2139 616 2206 ἐν
632 2138 764 2225 στόματι
774 2139 919 2226 θιμαρτυ-
1008 2139 1107 2204 Haud
1122 2140 1265 2221 pulehra
1279 2141 1371 2204 enim
1387 2141 1462 2204 laus
1473 2139 1509 2201 in
1522 2155 1578 2201 ore
1593 2155 1708 2220 pecea-

171 2239 240 2306 λυῦ.
251 2240 291 2308 El
302 2243 364 2328 γὰρ
374 2241 479 2319 πάσας
490 2243 558 2329 ἅμα
568 2241 754 2328 παραδαίνει
765 2245 822 2321 τὰς
834 2243 919 2308 ἐντο-
963 2243 1057 2306 toris.
1075 2245 1226 2324 Namque
1241 2244 1271 2308 si
1287 2245 1401 2308 omnia
1414 2247 1581 2326 precepta
1600 2247 1709 2308 trand-

171 2345 240 2428 λάς,
262 2348 317 2411 καὶ
336 2355 442 2412 πᾶσαν
464 2346 640 2432 ἐπιτηδεύει
660 2345 787 2429 κακίαν,
809 2345 840 2413 τί
860 2349 918 2412 καῖ
964 2347 1139 2428 graditur,
1166 2352 1201 2412 et
1230 2349 1323 2412 omni
1352 2349 1492 2412 malitia
1517 2347 1649 2430 studet,
1672 2352 1713 2412 ut

170 2451 229 2527 τάς
244 2448 328 2528 θείας
351 2451 401 2516 ἐπὶ
425 2449 580 2536 στόματος
602 2450 728 2538 ἐκφέρει
750 2453 875 2537 γραφὰς
897 2451 915 2517 ὁ
966 2450 1051 2534 quid
1065 2451 1177 2516 adhue
1191 2451 1325 2516 divinae
1341 2453 1471 2518 litteras
1487 2453 1523 2517 in
1539 2469 1596 2517 ore
1610 2453 1714 2517 habet

172 2552 376 2639 θμερτυλόςς
395 2554 447 2620 διὰ
462 2554 617 2641 στόματος
632 2555 920 2642 θναλαμθάνειτην
965 2557 1142 2638 peccatori
1157 2558 1221 2619 Per
1243 2573 1280 2619 ου
1302 2556 1447 2619 assumit
1468 2559 1717 2620 testamentum·

174 2655 330 2741 διαθήκην
343 2666 399 2723 τοῦ
411 2657 510 2744 Θεοῠς
528 2668 612 2745 μισεῖ
622 2669 699 2745 γοῦν
711 2657 856 2727 παιδείαν
866 2659 922 2724 καί
965 2663 1049 2727 Dei?
1071 2662 1207 2744 Spernit
1229 2661 1320 2725 euim
1343 2660 1566 2742 disciplinam,
1583 2665 1618 2726 et
1636 2679 1711 2743 pee-

171 2759 354 2846 ἀμαρτάνει.
371 2757 416 2828 Ἢ
432 2764 500 2829 ἐπεὶ
524 2762 638 2841 ὁλαδς
659 2765 750 2841 οθτος
773 2773 839 2842 τοῖς
857 2762 922 2850 χεί-
968 2771 1032 2830 cat.
1056 2767 1134 2830 Vel:
1160 2766 1352 2846 «quoniam
1367 2765 1423 2830 hia
1442 2768 1588 2848 populus
1611 2767 1711 2830 labiis

175 2863 245 2929 λεσί
271 2885 310 2952 με
335 2875 419 2952 τιμᾳ,
442 2864 464 2951 η
488 2867 523 2932 δὲ
545 2863 661 2952 καρδία
687 2868 783 2933 αὐτοῦ
806 2865 921 2954 ἀπέχει
966 2887 1021 2934 me
1037 2869 1190 2950 honorat,
1207 2886 1264 2935 eor
1278 2872 1393 2934 autem
1409 2867 1483 2949 ejus
1506 2871 1608 2950 longe
1624 2874 1710 2933 esta

177 2967 232 3033 ἀπ’
247 2969 334 3056 ἐμοῦ.
966 2990 1062 3036 me.»

209 3160 356 3220 ravat
370 3162 396 3218 6.
963 3167 1104 3240 perieras,
1116 3163 1153 3222 da
1170 3164 1276 3238 quibus
1287 3163 1325 3220 af.
1338 3179 1382 3238 ps.
1401 3180 1428 3235 u,
1442 3164 1484 3236 14.
1503 3177 1564 3235 arr,
1582 3163 1616 3219 14
1627 3163 1714 3222 inira.

208 3265 236 3304 v.
255 3247 297 3303 14.
315 3245 464 3306 Scholinm
481 3249 635 3307 retulimus
647 3251 686 3307 ad
698 3251 834 3308 Senioraa
852 3249 920 3308 Ala·
999 3271 1027 3310 v.
1040 3253 1083 3308 15.
1096 3251 1163 3310 θυι.
1176 3251 1218 3307 lt
1231 3251 1281 3306 Pe.
1295 3267 1344 3320 nx,
1356 3251 1382 3306 9.

40 3367 43 3372 -
172 3331 334 3390 xandrinos
345 3333 424 3391 inter
441 3335 591 3393 rarissima
603 3335 770 3410 fragmenta
786 3337 860 3395 tomi
872 3356 918 3395 eu·
998 3354 1026 3395 v.
1040 3339 1082 3394 16.
1095 3338 1163 3396 Vat.
1177 3339 1219 3409 14,
1232 3336 1338 3393 Matth.
1352 3353 1403 3408 xv,
1415 3335 1442 3392 θ.

822 3607 991 3686 Psalmis
1015 3606 1062 3682 L.

221 3911 253 3956 v.
278 3891 308 3956 6.
332 3887 398 3956 Καί
420 3887 553 3976 νικήσῃς
575 3890 608 3956 ἐν
629 3875 674 3975 τῷ
696 3887 854 3974 κρίνεσθαί
877 3911 925 3965 σο,
1015 3891 1279 3958 ualitudine
1293 3891 1548 3976 tamjudicaras.

188 3996 415 4183 γαθιιῗὲὅὸεὲς,
431 4097 536 4164 πάντα
557 4100 599 4164 τὰ
612 4098 822 4164 συντελοῦντα
836 4095 925 4184 ποιή-
1014 4100 1129 4164 Vincit
1150 4101 1251 4181 Deus,
1266 4117 1374 4182 quum
1396 4101 1511 4166 omnia
1532 4099 1613 4164 feeit
1635 4116 1711 4181 quae

176 4222 237 4280 ρας
251 4204 328 4286 πρὸς
344 4201 511 4288 σωτηρίαν.
969 4204 1115 4267 salutern
1131 4203 1327 4285 adimplent.
1493 4207 1494 4212 ’

220 4326 253 4371 v.
271 4312 300 4374 9.
317 4305 467 4384 Ῥανπεῖς
487 4329 526 4394 με
540 4305 676 4391 δσσώττιρ
698 4307 754 4371 καῖ
773 4325 923 4391 καταρισ-
1011 4326 1043 4370 v.
1060 4310 1090 4372 9.
1105 4305 1467 4391 Αερινρεοπιεθμιεορο
1478 4304 1713 4384 ιῖπκπθαθοες

177 4409 334 4498 θήσομαι·
348 4411 473 4488 πλυνεῖς
496 4431 545 4497 με,
561 4412 616 4476 καί
638 4411 717 4494 ὑπὲρ
738 4407 831 4496 χίονοι
854 4408 925 4474 λευ-
970 4410 1095 4476 wratis
1108 4428 1158 4476 ma
1173 4415 1205 4476 et
1217 4428 1314 4494 super
1328 4411 1433 4477 uitem
1448 4411 1623 4477 dealbabor.

181 4513 429 4696 κῗθθήθσῗὲζίτος
460 4614 616 4704 σύμθσλίν
647 4618 731 4685 ἐστιν
759 4614 925 4694 ἀπαθείας,
1015 4622 1190 4704 Hyeaopus
1205 4621 1460 4704 symbolumest
1474 4619 1582 4702 quieti
1598 4619 1716 4698 animi,

176 4725 232 4789 καί
246 4721 268 4808 η
284 4723 396 4802 πλύσις
410 4731 524 4809 γνῶσιν
539 4721 694 4811 σημαίνει
717 4721 783 4789 Καὶ
799 4722 852 4787 διά
867 4709 924 4808 μὶν
970 4729 1005 4789 et
1026 4725 1152 4789 lavatio
1174 4727 1292 4804 signat
1312 4725 1499 4790 seientiam.
1522 4727 1586 4788 Per
1608 4724 1715 4788 animi
1845 4769 1848 4777 .

177 4824 332 4906 ἀπαθείας
361 4826 605 4915 καθαριζθμεθα,
629 4828 681 4895 tta
702 4828 738 4892 δὲ
763 4837 821 4913 της
847 4825 925 4913 γνὼ-
971 4830 1200 4910 equalitatem
1227 4829 1306 4910 puri
1328 4827 1511 4908 efficimur;
1524 4845 1596 4910 per
1610 4827 1718 4892 seien-

178 4951 258 5008 σευς
273 4930 514 5019 γλυκαινθμεθα.
972 4935 1055 4998 tiam
1071 4938 1186 5000 autem
1202 4932 1408 4998 dealbamur.

217 5141 266 5198 Ps.
281 5157 307 5212 a,
318 5159 348 5202 v.
360 5143 386 5213 6,
397 5145 423 5199 θ.
437 5141 505 5200 vat.
517 5143 543 5199 5.
