4008 6094
235 389 237 394 ’
352 389 391 450 16
1021 389 1231 458 calonnae

347 545 438 611 μενος
452 527 562 612 αὐτὴν,
579 528 634 592 καί
648 531 714 596 νυνὶ
726 529 806 614 ὁρῶν
822 531 857 596 τὸ
869 528 1045 616 πρόσωπον,
1059 530 1097 596 ἐκ
1142 533 1210 596 lam
1222 530 1400 594 dumtaxat
1407 530 1750 611 menterevolvena,ai
1758 533 1894 592 tantum

345 638 408 695 τῶν
419 639 482 695 σῶν
494 629 590 698 θείων
602 631 704 718 λόγων
718 635 773 698 καὶ
784 644 923 721 γραφῶν,
932 633 1047 720 πάσχω
1060 636 1095 699 τὸ
1142 654 1233 700 nunc
1249 636 1455 718 prospiciens
1466 635 1605 716 taciem,
1626 636 1751 700 divinis
1768 651 1878 698 sermo

347 741 449 818 σῶμα,
468 736 523 798 καί
543 736 741 823 ταράσσομαι
763 740 822 822 τὴν
844 739 949 824 σάρκα
969 740 1025 804 καί
1056 741 1098 805 τὰ
1141 740 1242 803 nibus
1258 741 1327 803 tuis
1343 745 1377 803 et
1394 739 1576 819 Scripturis
1596 756 1799 821 expressam,
1874 781 1877 788 ·
1978 753 1979 762 ¹

346 838 434 920 ὀστᾶ,
447 838 502 902 καί
513 841 689 924 παρακαλῶ
702 843 746 928 μὴ
760 840 814 908 ἀπ’
822 844 920 928 αὐτῆς
932 852 989 927 της
998 844 1096 930 ὀργῆς
1141 858 1220 923 pore
1235 845 1354 924 patior,
1371 859 1472 905 carne
1496 846 1530 905 et
1551 844 1693 907 artubus
1713 847 1847 906 contre„
1978 839 1979 858 ¹

346 941 472 1006 audete.
485 936 569 1026 Ὅρα
584 944 655 1029 γὰρ,
671 945 699 1009 εί
715 947 757 1031 μὴ
771 955 871 1012 ταῦτα
886 956 995 1033 σαφῶς
1006 946 1095 1033 λίγε-
1138 963 1205 1025 sco,
1214 946 1428 1028 acdepreoor,
1438 963 1480 1009 ne
1492 943 1535 1008 ab
1548 945 1607 1010 illa
1620 946 1845 1010 iraoondolea·

345 1065 407 1128 ται,
423 1044 553 1111 ἐδύνατο
568 1049 665 1113 εἰπεῖν
683 1048 746 1113 ἀπὸ
766 1058 824 1134 τῆς
839 1051 937 1137 ὀργῆς
950 1073 1017 1135 σου,
1040 1055 1095 1119 καί
1138 1051 1273 1114 Etenim
1300 1050 1393 1114 vide:
1421 1051 1488 1114 nisi
1518 1051 1590 1114 haec
1611 1051 1789 1132 perspicue
1818 1065 1887 1112 non

346 1151 389 1234 μὴ
406 1147 470 1214 ἀπὸ
484 1150 653 1234 προσώπου
667 1161 724 1236 τῆς
739 1154 846 1239 ὀργῆς.
857 1152 947 1222 Ἀλλ’
955 1158 1013 1221 οὐκ
1027 1155 1094 1222 ἕλε·
1137 1154 1304 1233 dicantur,
1327 1155 1439 1235 potuit
1465 1153 1577 1217 dicere
1602 1176 1618 1214 α
1632 1155 1675 1218 ab
1704 1155 1756 1216 ira
1783 1157 1854 1231 tua,
1868 1173 1886 1210 a>

345 1273 419 1338 γεν·
440 1251 523 1319 Ἀπὸ
534 1263 591 1339 τῆς
606 1257 704 1342 ὀργῆς
715 1279 771 1322 σου
785 1259 955 1343 παιδεύσῃς
966 1280 1015 1345 με,
1027 1259 1097 1332 ἐπεὶ
1138 1275 1206 1321 non
1229 1275 1308 1321 vero
1330 1274 1352 1322 a
1371 1257 1467 1324 calta
1487 1260 1547 1324 ira
1569 1263 1639 1324 tac.
1659 1258 1722 1322 Sed
1745 1273 1813 1320 non
1836 1257 1886 1320 di-

344 1357 421 1442 ὅπερ
437 1358 476 1422 ἄν
498 1357 644 1444 ἐποίησεν
656 1361 771 1447 ataid
787 1361 866 1448 ὀργή
883 1384 940 1428 σου
955 1363 1093 1430 ἐλθοῦσα
1138 1362 1204 1424 xit:
1226 1361 1265 1426 ab
1286 1363 1341 1426 ira
1364 1365 1421 1427 tac
1442 1362 1605 1444 comptas
1618 1379 1677 1440 ate,
1697 1362 1779 1441 quia
1794 1359 1886 1441 quod

344 1459 394 1526 ἐπ’
420 1461 477 1549 ἐμὲ
501 1462 702 1548 παιδεύουσα,
732 1477 824 1532 τοῦτο
850 1466 967 1547 ἐλπίζω
993 1479 1093 1536 ποιεῖν
1135 1463 1271 1529 fecisset
1291 1466 1451 1530 irruendo
1469 1483 1641 1547 superma
1658 1467 1731 1546 ipsa
1747 1465 1884 1541 iratua,

345 1565 444 1652 μόνην
458 1569 517 1653 τὴν
531 1566 704 1652 φαντασίαν
719 1578 774 1634 τοῦ
786 1568 955 1655 προσώπου
969 1579 1026 1656 τῆς
1042 1573 1092 1658 ὀρ-
1136 1573 1176 1632 nt
1196 1570 1365 1651 corripiat,
1385 1570 1449 1634 hoc
1471 1586 1570 1651 spero
1588 1574 1628 1632 ut
1651 1567 1775 1633 efficiat
1788 1569 1883 1631 solus

343 1677 414 1754 γῆς.
437 1669 502 1735 Καί
524 1671 568 1747 εἰς
594 1670 761 1755 πρόσωπον
781 1675 844 1759 γὰρ
867 1675 964 1760 ὀργῆς
982 1673 1005 1760 ἡ
1020 1677 1092 1762 περὶ
1135 1677 1333 1755 conspectus
1357 1673 1469 1740 cattas
1493 1674 1553 1738 irc
1578 1677 1648 1738 ώαο.
1675 1675 1786 1752 Atque
1811 1670 1882 1736 σαί-

328 1774 441 1860 ,αὐτῆς
462 1771 628 1858 φαντασία,
644 1775 713 1859 ἥτις
734 1776 866 1860 ἔδρασεν
889 1779 970 1864 ἅπερ
993 1779 1042 1864 ἂν,
1066 1780 1094 1846 εί
1136 1780 1190 1843 tua
1210 1779 1279 1858 irc,
1305 1783 1356 1842 est
1377 1777 1451 1859 ejus
1473 1778 1736 1859 representatio,
1757 1793 1833 1857 qua
1849 1793 1885 1840 o-

344 1885 459 1964 παρῆν,
481 1876 503 1962 ἡ
526 1875 617 1963 ὀργή.
641 1871 686 1942 Ἢ
709 1877 773 1943 ἀπὸ
795 1879 964 1965 προσώπου
986 1883 1092 1969 ὀργῆς,
1135 1885 1275 1961 peratur
1292 1882 1327 1945 id
1342 1881 1433 1962 quod
1455 1886 1489 1944 et
1511 1883 1584 1962 ipsa
1604 1898 1750 1963 praesens
1765 1881 1826 1943 ira.
1841 1914 1879 1924 -

340 1984 413 2067 ἦτοι
433 1991 494 2047 τῶν
508 1982 727 2066 παριστάσεών
742 1982 801 2046 οὐκ
815 1982 879 2049 ἀπὸ
894 1986 991 2072 ὀρφῶς
1005 1986 1022 2051 d
1038 1986 1090 2052 λώ-
1136 1985 1214 2049 Sive
1235 2001 1257 2050 a
1277 1985 1372 2049 ονίία
1388 1985 1457 2064 ira,
1475 1985 1634 2048 videlicet
1647 1985 1879 2048 calamitatum

341 2106 408 2170 ρος,
420 2084 491 2149 ἀλλ’
498 2084 562 2149 ἀπὸ
570 2083 740 2169 προσώπου
751 2087 850 2173 αὐτῆς
857 2087 1036 2175 ἐρχόμενος.
1046 2128 1087 2148 -.
1132 2090 1228 2168 ratio,
1254 2105 1330 2169 quae
1352 2105 1420 2153 non
1436 2089 1479 2152 ab
1495 2089 1556 2168 ira,
1572 2088 1630 2152 sed
1646 2088 1688 2152 ab
1704 2086 1778 2167 ejus
1795 2087 1881 2151 facie

343 2188 405 2254 Τό·
421 2189 577 2254 οὐκέστιν
597 2188 681 2265 ῐασις
695 2198 734 2274 τῇ
750 2190 845 2274 σαρκί
867 2211 936 2278 μου,
959 2193 1090 2260 τοιαῦτά
1131 2192 1366 2273 proficiscitur.
1381 2225 1419 2236 -
1433 2192 1538 2256 Illud:
1555 2193 1628 2258 Non
1641 2191 1826 2256 eetsaaitea
1839 2192 1878 2256 ia

341 2312 438 2377 φησιν
457 2291 474 2356 ὁ
490 2290 666 2369 ἀπόστολος
680 2292 731 2357 ἐπί
746 2303 801 2358 τοῦ
815 2292 1036 2381 ἡμαρτῆντώτος
1055 2295 1089 2365 ἐν
1131 2311 1228 2360 carate
1247 2311 1328 2375 mea,
1357 2296 1469 2359 simile
1496 2301 1548 2360 est
1568 2295 1694 2360 dicenti
1720 2297 1879 2377 Apostolo

341 2393 484 2481 Κορίνθῳ
504 2397 700 2480 παραδοῦναι
721 2399 776 2464 τὸν
803 2407 942 2464 τοιοῦτον
963 2409 1007 2486 τῷ
1027 2398 1091 2465 Σα-
1134 2396 1175 2461 de
1198 2415 1237 2462 ec
1259 2400 1319 2479 qul
1342 2398 1494 2462 corinthi
1516 2400 1677 2480 peccavit,
1700 2415 1778 2462 eum
1806 2415 1879 2462 esse

339 2509 420 2588 τανᾷ
434 2501 479 2578 είς
494 2499 622 2586 ὀλεθρον
637 2510 694 2587 τῆς
706 2504 834 2586 σαρκὸς,
850 2504 902 2569 ίνα
916 2506 952 2568 τὸ
966 2514 1091 2592 πνεῦμα
1133 2500 1335 2566 tradendum
1359 2504 1491 2566 satana
1514 2503 1549 2566 in
1571 2501 1793 2584 perditionem
1809 2520 1880 2566 car-

337 2699 410 2781 jam
432 2699 469 2763 in
491 2715 545 2762 me
567 2699 662 2762 locus
684 2714 756 2762 esse
779 2715 847 2762 non
870 2698 1005 2764 debeat:
1021 2703 1088 2769 Nee
1133 2703 1173 2763 ut
1194 2700 1304 2781 sapiat
1326 2716 1402 2780 quaa
1424 2703 1505 2763 sunt
1519 2698 1641 2778 carnis,
1656 2714 1696 2760 ac
1710 2695 1879 2760 desideret

340 2792 390 2854 est
408 2786 586 2853 stataria
607 2803 702 2852 com
715 2802 786 2851 orco
799 2786 920 2870 ajacis
933 2790 993 2854 irc
1014 2795 1085 2858 tae.
1131 2789 1271 2867 malum,
1287 2793 1369 2851 tunc
1392 2789 1520 2852 sanitas
1536 2792 1587 2850 est
1608 2788 1644 2849 in
1660 2802 1771 2863 carne,
1787 2786 1878 2865 quod
1978 2789 1979 2872 ᾗ

338 2878 387 2941 De
411 2894 450 2940 eo
473 2878 533 2956 qui
557 2874 646 2956 apud
662 2875 862 2939 Corinthum
876 2887 1084 2962 peccaverat,
1131 2877 1250 2957 utique
1265 2877 1401 2957 spiritui
1416 2893 1484 2939 non
1500 2880 1551 2938 est
1562 2876 1698 2939 bonum.
1712 2876 1778 2937 Iste
1795 2891 1877 2952 ergo
1978 2943 1979 2948 ρ

338 2965 502 3029 indicavit
521 2962 732 3047 (djcdicccit)
748 2967 937 3046 Apostolus,
952 2967 1081 3034 dicens:
1130 2966 1190 3046 qui
1206 2967 1376 3045 arguitur,
1389 2969 1423 3028 et
1434 2969 1569 3029 recusat
1578 2983 1639 3046 per
1653 2963 1801 3025 furorem
1813 2963 1877 3024 Do
1978 2961 1979 3010 ἓ

340 3055 514 3119 «Tradere
536 3052 731 3133 hujusmodi
753 3052 924 3118 hominem
952 3059 1084 3122 Satanae
1130 3055 1215 3117 mini
1227 3055 1329 3132 argui
1345 3059 1446 3134 atque
1462 3053 1638 3116 iracundia
1653 3051 1726 3131 ejus
1741 3051 1876 3130 corripi,
1978 3071 1979 3128 g

337 3143 373 3206 in
396 3144 572 3206 interitum
606 3141 783 3204 carnis...»
815 3143 993 3208 ostendens
1015 3164 1081 3211 non
1124 3141 1333 3223 justissimas
1361 3159 1481 3206 causas
1514 3141 1618 3222 huJ‘us
1647 3140 1876 3203 excusationis
1978 3161 1979 3180 ν

338 3249 435 3313 posse
458 3231 582 3296 salvari
605 3232 773 3312 spiritum,
796 3231 863 3294 nisi
881 3249 959 3295 caro
981 3235 1017 3296 in
1033 3236 1082 3299 in·
1126 3231 1284 3309 ostendit,
1307 3249 1460 3295 asserens
1481 3248 1517 3295 se
1540 3231 1678 3310 sagittis
1692 3228 1873 3292 verborum

335 3322 476 3384 teritum
498 3318 697 3384 traderetur.
721 3321 802 3394 Quis
824 3337 907 3398 ergo
930 3323 975 3385 sit
997 3323 1082 3387 inte·
1125 3322 1188 3384 Dei
1210 3337 1282 3383 esse
1303 3319 1485 3399 confixum,
1508 3325 1542 3382 et
1564 3322 1613 3383 ita
1634 3319 1808 3382 turbatum
1824 3321 1873 3378 at

334 3410 422 3472 ritus
444 3408 565 3487 carnis,
582 3408 672 3471 audi.
696 3407 781 3483 Quia
795 3409 884 3488 quod
904 3409 1081 3493 interierit,
1126 3425 1192 3489 que
1204 3409 1453 3490 perterrituma
1468 3407 1635 3474 solafaoie
1651 3408 1711 3470 irae
1725 3405 1872 3486 Domini,

334 3499 409 3561 sine
432 3497 534 3560 dubio
557 3501 730 3560 mortuum
758 3501 817 3559 est.
845 3499 939 3561 Vivit
964 3502 1079 3563 autem
1125 3502 1165 3560 ut
1185 3497 1280 3560 callo
1294 3512 1434 3577 proram
1455 3497 1492 3560 ia
1513 3514 1609 3562 σαννο
1635 3495 1706 3576 ορύυ
1730 3495 1868 3573 coattaa,

334 3603 411 3650 caro
434 3586 469 3648 in
491 3588 676 3666 peccatore,
699 3588 833 3647 mortua
860 3591 911 3649 est
936 3604 1014 3652 caro
1042 3589 1078 3653 in
1123 3586 1378 3665 idest,nullum
1391 3585 1552 3667 peccandi
1565 3582 1871 3650 ultradesiderium
1978 3615 1979 3624 τ

334 3675 471 3738 homine
489 3673 594 3753 justo.
617 3675 757 3755 Propter
772 3673 861 3753 quod
877 3679 911 3738 et
928 3675 1014 3755 justi
1031 3677 1079 3741 di·
1123 3675 1295 3738 manserit.
1318 3675 1380 3737 ΒΒ.
1405 3676 1479 3754 682,
1503 3676 1576 3737 683.
1633 3737 1635 3744 ,

333 3768 432 3827 cunt:
469 3765 637 3844 «Semper
669 3761 962 3828 mortificationem
995 3768 1078 3830 Jesu
1166 3767 1315 3827 Romans
1337 3762 1374 3826 ia
1394 3780 1424 3826 ο.
1448 3765 1478 3825 4.
1502 3763 1576 3828 Noc
1596 3765 1645 3826 cat
1658 3777 1728 3842 pac
1743 3757 1867 3824 oscitat

333 3852 458 3916 Christi
480 3851 516 3914 in
538 3867 675 3930 corpore
702 3853 817 3914 nostro
843 3851 1080 3934 circumferen—
1124 3855 1180 3916 etc.
1203 3853 1315 3914 Etiam
1338 3851 1410 3914 haec
1433 3850 1532 3914 debet
1546 3851 1656 3914 dicere
1680 3849 1740 3931 qui
1753 3865 1869 3929 pecca-

333 3944 384 4004 tes
397 3988 404 4004 .
419 3987 426 4003 .
440 3987 448 4002 .
462 3959 500 4000 .»
525 3939 625 4002 Tradi
648 3956 730 4018 ergo
752 3939 788 4002 in
812 3939 988 4005 interitum
1006 3960 1078 4007 car·
1122 3941 1184 4020 vit,
1200 3944 1234 4002 et
1255 3945 1331 4021 post
1348 3944 1525 4020 peccatum
1539 3956 1694 4021 peccasse
1710 3955 1747 4002 se
1764 3952 1873 4000 recor-

332 4029 396 4108 nis‚
419 4028 488 4091 tale
511 4032 571 4106 est,
595 4031 635 4090 ut
656 4027 840 4091 emoriatur
862 4046 982 4094 sensus
1005 4048 1075 4095 car-
1119 4028 1229 4108 datur,
1242 4029 1413 4108 sicutipse
1429 4028 1537 4092 David
1550 4027 1683 4092 dicebat
1698 4025 1872 4105 iansal-

330 4117 418 4180 nelis
442 4118 477 4180 in
500 4116 607 4194 nobis,
631 4119 665 4178 et
686 4132 754 4178 non
776 4115 871 4179 vivat
892 4120 1003 4182 carnis
1018 4137 1076 4183 eu·
1119 4135 1184 4181 mo:
1200 4119 1273 4182 «Et
1287 4121 1461 4197 peccatum
1475 4121 1584 4179 eto...»
1603 4119 1779 4180 cumvero
1795 4119 1872 4194 post

329 4205 454 4286 piditas
477 4205 513 4268 in
528 4222 577 4268 ea.
593 4206 645 4267 Ex
667 4221 706 4268 eo
721 4204 811 4267 enim
827 4205 917 4285 quod
931 4209 1075 4271 moritur
1119 4205 1247 4269 dictum
1260 4207 1337 4287 quis
1355 4206 1567 4268 consumitur
1582 4207 1616 4268 et
1631 4203 1798 4283 affligitur
1809 4219 1871 4283 pro

330 4311 451 4358 sensus
465 4295 586 4373 carnis,
602 4297 723 4356 utnon
738 4291 924 4356 secundum
940 4313 1076 4360 carnem
1120 4294 1243 4358 delicto
1264 4311 1336 4372 suo,
1353 4298 1387 4356 et
1401 4294 1614 4357 conscientiae
1630 4293 1779 4357 stimulis
1794 4293 1869 4370 agi-

331 4385 513 4464 sapiamus,
536 4383 677 4462 spiritus
706 4382 825 4458 soloas,
845 4380 1010 4448 efficitur.
1025 4433 1032 4448 .
1047 4433 1075 4448 ..
1121 4389 1224 4462 tatur,
1236 4383 1408 4445 mordetur
1418 4383 1491 4446 sine
1504 4381 1752 4445 intermissione
1764 4384 1867 4460 atqua

331 4471 365 4533 Si
381 4471 580 4536 intellexisti
594 4471 815 4551 apostolieum
825 4488 1023 4553 sermonem,
1034 4474 1077 4537 ad
1122 4472 1264 4536 occultis
1281 4470 1570 4534 confutationibus
1586 4472 1820 4551 impugnatur,
1839 4469 1868 4532 is

331 4559 366 4622 id
399 4560 488 4641 quod
516 4558 725 4641 propositum
755 4563 807 4622 est
835 4565 1076 4625 revertamur...
1121 4562 1242 4624 merito
1264 4559 1362 4622 dicit:
1384 4560 1458 4622 Noc
1477 4562 1528 4623 cst
1540 4576 1611 4640 poa
1632 4559 1756 4626 cautas
1782 4562 1866 4624 etc...

331 4649 366 4711 Si
382 4651 473 4712 enim
489 4665 567 4710 caro
583 4646 784 4726 infirmatur,
801 4649 874 4710 sine
890 4647 992 4713 dnbio
1005 4668 1078 4731 pro-
1123 4653 1207 4714 Gum
1229 4663 1309 4710 vero
1332 4652 1411 4711 ante
1426 4650 1541 4711 oculos
1556 4647 1665 4712 cordis
1680 4651 1787 4714 nostri
1802 4651 1869 4710 sta-

330 4737 448 4801 ficiens
464 4736 653 4816 infirmitas,
671 4735 832 4799 etiamad
850 4737 1077 4802 mortificatio-
1122 4739 1289 4801 tuerimus
1312 4741 1448 4818 peccata
1463 4740 1589 4818 nostra,
1606 4743 1639 4802 et
1654 4736 1870 4821 unumquod-

330 4843 409 4888 nem
431 4827 587 4908 pervenit
608 4825 730 4904 carnis,
755 4828 789 4887 et
811 4827 893 4888 tunc
916 4828 1078 4908 estquod
1123 4844 1189 4908 que
1212 4826 1394 4905 intuentes,
1409 4831 1687 4904 recognoscentes
1702 4825 1868 4890 erubesci-

331 4918 421 4978 recte
444 4913 583 4978 dicitur:
599 4915 750 4994 quostiam
763 4930 827 4977 aaa
840 4917 890 4978 eat
901 4916 1028 4980 statmo
1042 4917 1079 4980 ia
1123 4933 1210 4994 mus,
1233 4913 1380 4994 factique
1403 4916 1616 4995 promitomus,
1633 4919 1715 4979 tunc
1733 4918 1867 4978 contur-

330 5019 425 5070 carac
432 5018 510 5067 caea.
524 5003 558 5065 Si
570 5019 650 5066 vero
662 5002 929 5067 noninfirmatur
940 5003 1077 5087 quidem
1122 5003 1194 5067 bati
1210 5007 1244 5065 et
1258 5003 1410 5065 exterriti
1427 5005 1547 5067 merito
1562 5005 1707 5068 dicimus
1723 5018 1866 5066 noanon

331 5107 419 5172 caro,
434 5091 494 5156 sed
509 5090 596 5156 redit
610 5092 653 5156 ad
668 5093 847 5158 sanitatem
863 5109 960 5158 suam
976 5093 1011 5158 id
1027 5098 1079 5159 est
1122 5091 1245 5158 habere
1260 5107 1375 5174 peccat
1395 5091 1433 5158 ia
1454 5092 1578 5160 caritas
1599 5093 1803 5160 astraea.
1884 5139 1894 5156 .
