4044 6104
263 436 329 500 428
934 443 1144 508 ORIGENES

264 574 469 662 φσθουμὲνοις
481 577 576 644 αὐτόν
592 578 686 661 (πολὺ
699 580 760 664 γὰρ
773 579 871 665 αὐτῆς
882 579 946 666 ἤδη
959 602 1016 645 κα-
1067 602 1163 647 suam
1187 583 1386 650 timentibus
1402 604 1448 666 se,
1473 585 1481 670 ί
1491 587 1599 650 multa
1624 587 1715 650 enim
1738 586 1813 666 ejus

268 681 423 767 θορῶσιν),
437 681 522 748 ἀλλά
532 687 568 748 τὸ
582 683 713 768 πλῆθος,
728 685 780 750 ίνα
791 685 835 770 μὴ
848 681 1015 770 βλαόῶοιν,
1062 689 1165 768 signa
1175 688 1247 770 jam
1267 690 1464 772 intuentur)
1485 690 1544 754 sed
1559 690 1711 770 ejusdem
1727 692 1813 754 mul-

264 786 373 862 αὐτοῖς
381 785 570 871 ταμιεύεται.
579 784 799 872 Ἐφανὲρυσεν
807 787 841 881 ἀὲ
850 789 950 874 αἰιτὴν
962 790 1017 852 ab·
1061 792 1180 872 titud0,
1211 810 1254 857 ue
1283 795 1465 874 laedantur,
1498 795 1580 876 ipsis
1609 793 1814 859 reconditur.

263 896 340 971 τοῖς,
356 889 433 954 όταν
455 889 489 955 ἐν
503 887 609 976 τελεία
630 890 740 976 ἀγάπη
763 893 935 978 γενόμενοι,
951 891 1011 972 ἔξω
1061 897 1168 972 Quam
1184 897 1253 961 illis
1267 898 1508 979 manifestavit,
1529 899 1664 980 quando
1675 898 1815 981 perfecti

265 991 388 1078 βοίλυσι
402 994 455 1058 τόν
471 991 578 1078 φόόσν.
605 993 652 1061 Εὐ
668 996 703 1060 δὲ
718 997 773 1061 καί
788 998 824 1062 τό
840 995 937 1062 εἰπεῖν
951 1002 1017 1074 τοῖς
1061 999 1098 1064 in
1121 999 1295 1082 charitate,
1312 1003 1470 1065 timorem
1486 1001 1576 1066 foras
1599 1003 1815 1084 expulerunt.

264 1093 471 1183 φοόουμένοις
486 1119 540 1162 σε·
564 1098 645 1163 aoso
666 1101 728 1184 γάρ
751 1109 852 1164 ταῦτα
879 1100 901 1165 ἀ
926 1100 1017 1184 ἔκρυ·
1060 1105 1151 1168 Bene
1181 1105 1284 1168 etiam
1311 1106 1437 1169 dicitur
1463 1105 1712 1172 tenacitate.
1739 1109 1817 1188 ipsa
1859 1153 1863 1168 .

266 1200 407 1284 ψαςτοῐς
419 1199 622 1288 φοὸουμένοις
634 1223 681 1286 σε,
692 1203 757 1290 ἤδη
774 1200 1018 1290 κατ’ὲνίργεισν
1062 1209 1153 1272 enim
1169 1208 1285 1272 eadem
1307 1226 1384 1290 quaa
1401 1209 1607 1274 abscondisti
1628 1209 1816 1275 timentibus

269 1303 473 1389 ἀφανὲρυσας
494 1315 559 1383 τοῖς
581 1309 617 1372 τό
640 1305 736 1372 πλέον
760 1317 815 1372 τοῦ
838 1305 936 1392 φόόου
958 1309 1017 1393 την
1061 1316 1101 1392 te,
1119 1310 1192 1392 jam
1215 1331 1256 1377 ea
1278 1332 1320 1378 ex
1336 1331 1436 1396 opere
1459 1314 1640 1379 ostendisti
1662 1317 1731 1380 illis
1754 1316 1815 1397 qui

266 1405 383 1472 ἐλπίδα
404 1411 540 1495 ἔχουσιν,
563 1409 705 1477 ἐναντίον
725 1420 788 1477 τῶν
803 1410 876 1477 υἱῶν
899 1409 1017 1496 ἀνθρώ·
1061 1417 1223 1498 maiorem
1238 1436 1341 1500 quam
1365 1423 1498 1483 metum
1518 1436 1612 1500 spem
1631 1418 1759 1482 habent
1778 1421 1817 1484 ia

265 1533 343 1580 πον.
367 1511 568 1599 Ἀνθρόιπυυς
589 1514 619 1579 δ’
634 1515 714 1600 ἐρεῖς
735 1519 808 1593 τοὺς
830 1518 866 1581 τό
889 1517 1017 1601 λογικόν
1060 1527 1225 1604 cospectu
1240 1521 1413 1587 lominum.
1433 1505 1594 1586 Homines
1605 1522 1732 1586 dixeris
1743 1539 1815 1586 esse

267 1620 322 1682 καί
346 1618 418 1683 κατ’
437 1618 546 1684 είκόνα
571 1619 781 1707 ἀδιόιστροφον
807 1620 1017 1706 φυλάξαντας,
1062 1645 1118 1691 eos
1133 1628 1193 1709 qni
1209 1631 1432 1692 servaverunt
1446 1645 1525 1691 men
1531 1633 1599 1692 tem
1614 1627 1762 1706 logicam
1779 1628 1816 1690 in

265 1720 351 1800 υἱοὺς
366 1722 402 1786 ot
424 1723 527 1788 αὐτῶν
542 1726 615 1803 τοὺς
637 1722 773 1810 λογικῶς
796 1724 938 1811 μαθητάς
961 1727 1016 1790 καί
1061 1732 1158 1795 nulla
1170 1749 1205 1794 re
1221 1731 1263 1794 ab
1278 1732 1430 1810 imagine
1445 1729 1817 1814 discrepantem3filios

269 1826 406 1911 μιμητὰς
425 1828 528 1892 αὐτῶν
549 1827 746 1916 γενομένους.
763 1827 967 1915 Ἀπόκρυφον
982 1829 1017 1894 δὲ
1062 1842 1177 1900 autem
1192 1837 1339 1915 illorum,
1357 1852 1412 1899 eos
1435 1836 1495 1917 qui
1515 1834 1711 1898 eorumdem
1733 1840 1814 1898 sunt

267 1936 324 1993 τοῦ
338 1930 509 2015 προσώπου
520 1940 577 1995 τοῦ
588 1930 671 1999 Θεοῦ
691 1933 771 2018 ἐρεῐς
783 1937 819 1999 τό
831 1937 875 2022 μὴ
891 1935 1018 2021 ἐφικτόν
1062 1940 1143 2003 facti
1161 1940 1356 2023 spirituales
1378 1939 1537 2020 discipuli
1562 1941 1596 2002 et
1619 1938 1815 2002 imitatores.

265 2043 322 2100 νῦν
336 2037 412 2120 πρὸς
428 2044 552 2120 γνῶσιν,
569 2037 872 2125 φανερυθησόμενον
886 2039 921 2103 δὲ
936 2031 1018 2121 τότε,
1062 2043 1288 2111 rosmodam
1298 2060 1378 2107 vero
1384 2043 1493 2126 facici
1507 2044 1570 2108 Dei
1589 2044 1715 2109 dixeris
1727 2044 1816 2126 quod

268 2137 324 2203 ότε
336 2139 482 2227 ὀψόμεθα
493 2143 589 2207 αὐτόν
600 2141 706 2220 καθόις
720 2143 796 2210 ἐστι.
810 2144 919 2230 Τούτῳ
929 2152 973 2230 τῷ
984 2144 1020 2210 ἀ·
1062 2166 1154 2213 nunc
1175 2149 1370 2228 cognitione
1385 2149 1521 2229 assequi
1536 2165 1604 2212 non
1623 2165 1814 2230 possumus,

267 2243 420 2330 ποκρόφῳ
455 2245 742 2313 ἀντιδιαστέλλεται
781 2253 819 2314 τό
848 2249 1020 2336 λεγόμενον
1062 2254 1407 2318 revelandumautem
1423 2257 1505 2317 tunc
1520 2253 1692 2335 temporis,
1708 2269 1815 2333 quum

267 2346 357 2430 παραὶ
367 2345 495 2434 Παύλῳ,
503 2353 643 2436 γνυστόν
654 2352 751 2417 αὐτοῦ
763 2353 942 2438 φανερυθὲν
953 2362 1018 2432 τοῖς
1061 2358 1253 2422 videbimus
1275 2375 1355 2422 eum
1376 2357 1479 2420 sicuti
1501 2360 1562 2421 est.
1586 2356 1674 2420 Huic
1698 2359 1814 2418 autem
1879 2361 1887 2375 “

269 2447 460 2535 ἀνθρώποις,
490 2454 649 2522 τουτέστιν
679 2457 716 2521 τό
744 2456 935 2544 δημιουργόν
963 2460 1020 2524 καί
1062 2462 1257 2526 abscondito
1268 2461 1450 2544 opponitur
1465 2460 1556 2541 quod
1567 2459 1658 2542 apud
1669 2460 1814 2524 Paulum

267 2561 477 2642 προνοητικόν
492 2559 600 2624 αὐτοῦ·
615 2559 688 2645 ἑξῆς
710 2562 772 2646 γὰρ
787 2561 840 2627 τό·
860 2560 974 2640 όΘεός
989 2563 1019 2628 t·
1062 2566 1195 2648 dicitur,
1222 2566 1338 2647 «quod
1361 2568 1480 2628 notum
1504 2569 1556 2628 est
1578 2564 1662 2645 ejus,
1677 2562 1817 2628 manife-

269 2657 461 2745 φανέρωσον,
477 2663 619 2749 είρηται·
641 2664 682 2729 τά
702 2666 765 2751 γάρ
781 2664 906 2750 ἀόρατα
921 2667 1018 2732 αθτοῦ
1062 2674 1153 2735 stum
1172 2674 1225 2733 est
1246 2669 1482 2748 hominibus‚»
1505 2668 1539 2732 id
1558 2671 1610 2732 est
1629 2684 1714 2750 opus
1727 2685 1818 2731 crea-

269 2764 333 2830 ἀπό
348 2763 479 2846 κτίσεως
493 2767 615 2870 κόσμου
625 2777 691 2846 τοῖς
702 2767 875 2856 ποιήμασιν
890 2768 1019 2856 νυσίιμε-
1062 2775 1164 2838 tionis
1182 2780 1217 2838 et
1237 2774 1458 2856 providentiae
1474 2772 1558 2854 eJus.
1574 2774 1654 2836 Post
1671 2774 1763 2836 enim
1779 2773 1819 2836 il·

266 2891 309 2938 να
323 2872 507 2957 καθορᾶται.
524 2872 621 2958 Τάχα
642 2876 697 2938 καί
717 2875 734 2938 ό
757 2876 873 2959 συτηρ,
897 2872 1018 2959 πρόσω·
1062 2878 1139 2942 lud:
1169 2879 1285 2942 «Deus
1307 2879 1376 2942 illis
1398 2877 1660 2942 manifestavit»
1685 2878 1815 2942 dictum

271 2996 331 3042 πον
346 2977 388 3043 ὢν
403 2976 488 3045 Θεοῦ
510 2977 702 3064 ἀπόκρυφον,
719 2987 783 3043 πᾶν
803 2981 840 3043 τό
855 2979 941 3043 κατὰ
960 2980 1019 3064 τὴν
1063 2987 1130 3047 est:
1157 2983 1378 3046 «Invisibilia
1393 2984 1483 3046 enim
1501 2982 1612 3062 ipsius
1627 3000 1649 3045 a
1662 2986 1820 3046 creatura

270 3079 424 3165 θεότητα,
448 3082 584 3169 ἐμφανὲς
607 3083 642 3146 δὲ
664 3085 701 3148 τὸ
716 3084 801 3148 κατὰ
819 3084 878 3168 την
899 3083 1020 3148 οἰκονο-
1063 3087 1193 3168 mundi,
1207 3105 1268 3169 per
1282 3105 1323 3150 ea
1337 3105 1413 3168 quae
1429 3085 1622 3166 factasunt,
1638 3087 1813 3150 intellecta

271 3183 354 3272 μίαν,
368 3189 444 3253 όταν
456 3189 510 3252 οὑν
522 3187 539 3252 ό
550 3187 644 3274 λόγος
655 3189 822 3275 γενόμενος
834 3187 913 3273 σάρξ
924 3186 1019 3274 ἔσκη-
1062 3193 1327 3273 conspiciuntur.
1341 3193 1466 3255 »Forte
1478 3208 1521 3252 an
1538 3192 1640 3253 etiam
1653 3191 1817 3275 Salvator,

268 3311 368 3355 νυσεν
383 3290 416 3356 ἐν
430 3288 516 3377 ἡμῖν.
529 3290 826 3378 Κατααρυπτόμεθα
837 3291 871 3357 ἐν
882 3300 927 3378 τῷ
942 3291 1020 3356 ἀπσ-
1063 3297 1123 3378 qui
1139 3299 1190 3361 est
1201 3296 1397 3359 abscondita
1408 3295 1470 3358 Dei
1486 3293 1599 3374 facies,
1621 3295 1759 3358 omnino
1770 3294 1819 3357 la-

267 3394 378 3482 κρόφφ
392 3404 448 3461 τοῦ
463 3395 633 3482 προσώπου
645 3399 752 3480 αὐτοῦ,
764 3396 914 3483 όψόμενοι
929 3399 1017 3479 αὐτὸ,
1062 3403 1138 3462 tens
1160 3398 1271 3480 quoad
1290 3398 1520 3478 Divinitatem,
1536 3398 1596 3462 sed
1617 3416 1654 3461 se
1676 3397 1817 3462 manile-

267 3501 345 3566 όταν
367 3499 519 3587 ὀψόμεθα
540 3502 599 3586 την
621 3500 714 3582 δόξαν
736 3503 844 3583 αὐτοῦ,
860 3500 954 3582 δόξαν
976 3499 1019 3578 ὡς
1062 3509 1156 3566 stans
1165 3503 1200 3566 in
1208 3504 1404 3582 oeconomia,
1417 3501 1551 3583 quando
1563 3503 1693 3566 scilicet
1707 3503 1813 3565 «Ver-

267 3614 456 3690 μονογενοῦς
478 3606 566 3690 παρὰ
588 3603 723 3690 Πατρός,
739 3603 866 3693 πλήρης
888 3605 1018 3693 χάριτος
1062 3607 1145 3671 bum
1165 3624 1242 3670 caro
1265 3605 1392 3670 iactum
1415 3607 1585 3670 habitavit
1607 3609 1643 3670 in
1666 3606 1809 3671 nobis.»

267 3710 322 3774 καί
336 3707 497 3794 ἀληθείας.
512 3708 704 3794 Ἐπίστησον
719 3709 754 3774 δὲ
769 3711 797 3774 τί
811 3712 865 3775 καὶ
880 3711 920 3775 τά
943 3730 1019 3795 προ-
1062 3711 1307 3777 Abscondimur
1329 3711 1366 3773 in
1390 3712 1522 3774 occulto
1544 3710 1641 3775 faciei
1665 3711 1748 3792 eJus,
1767 3712 1818 3773 in·

264 3822 351 3900 φανη
375 3814 455 3900 ἔργα
476 3825 534 3900 της
556 3813 704 3899 προνοίας
726 3814 894 3900 πρόσωπον
917 3815 1017 3880 αὐτοῦ
1063 3819 1197 3878 tuentes
1209 3829 1299 3892 eum,
1312 3812 1653 3894 quandovidebimus
1669 3814 1816 3892 gloriam

263 3921 346 3986 εἶναι
360 3919 500 4000 δύναται,
524 3917 576 4002 (δι’
587 3919 691 3984 αὐτῶν
712 3919 775 4003 γὰρ
796 3916 878 3985 Θεὸν
900 3939 1018 4004 φαντα-
1063 3917 1816 4000 ejus,gloriamquasiunigenitiaPatre,ple-

267 4022 400 4110 ζόμεθα)
416 4023 599 4108 ἀπόκρυφον
622 4023 657 4088 δὲ
673 4024 769 4088 αὐτοῦ
792 4021 821 4086 οἱ
846 4021 1019 4108 ἀπόρρητοι
1061 4040 1144 4088 num
1156 4022 1490 4101 gratiaeetveritatis.
1505 4023 1817 4105 Scitoautemquod

268 4127 360 4214 λόγοι
376 4127 449 4192 καθ’
460 4129 513 4206 οὓς
528 4125 648 4214 γίνεται
661 4127 704 4191 τὰ
724 4125 881 4214 γινόμενα,
897 4128 952 4205 οὓς
967 4127 1018 4192 ἐπὶ
1061 4127 1194 4190 etiamsi
1210 4126 1393 4207 conspicua
1415 4125 1634 4206 providentia
1652 4143 1753 4207 opera
1772 4125 1819 4188 ia-

266 4230 351 4298 τέλει
366 4239 428 4297 τῶν
439 4231 634 4316 πραγμάτων
644 4228 803 4317 εἰσόμεθα.
818 4269 859 4278 -
870 4228 954 4296 ’Aac
964 4251 1019 4295 τα·
1061 4233 1130 4296 cies
1137 4229 1211 4310 ejus
1219 4247 1293 4293 esse
1302 4233 1429 4311 queant
1441 4225 1511 4312 (per
1524 4247 1564 4292 ea
1575 4229 1744 4311 siquidem
1756 4230 1818 4293 Dei

267 4344 372 4422 ραχης
394 4334 584 4420 ἀνθρώπων·
615 4334 643 4399 σί
667 4332 847 4420 ἀνθρώπινα
873 4334 1017 4421 δόγματα
1061 4336 1226 4400 habemus
1246 4332 1461 4418 imaginem),
1495 4335 1586 4416 quod
1602 4335 1637 4398 in
1660 4351 1700 4398 eo
1721 4336 1816 4414 latet,

266 4439 556 4528 ἐπαγγελλόμενοι,
587 4437 746 4522 ἄνθρωποί
773 4439 851 4504 εἰσιν
872 4440 1019 4524 ταραχὴν
1060 4445 1284 4505 suntarcanae
1300 4439 1448 4503 rationes
1459 4438 1560 4519 juxta
1571 4455 1657 4520 quas
1672 4437 1761 4503 fiunt
1776 4457 1817 4502 ea

266 4544 527 4632 προόαλλόμτνοι,
536 4543 623 4628 διής
635 4543 843 4629 ταρόιττουσιν
851 4544 923 4619 τοὺς
931 4541 1019 4627 ἀνερ-
1062 4562 1138 4626 qum
1154 4542 1242 4608 facta
1267 4547 1358 4625 sunt,
1376 4561 1460 4625 quas
1483 4541 1606 4607 iatine
1629 4561 1744 4608 rerum
1760 4560 1819 4608 no-

268 4650 446 4736 ματίστους.
460 4647 587 4734 Ταύτης
598 4657 808 4734 τηςταραχης
820 4647 911 4724 ἐκτός
922 4653 1019 4712 ποιῶν
1062 4651 1221 4714 verimus.
1246 4647 1274 4713 A
1298 4649 1444 4713 tumtdtu
1465 4645 1648 4712 matam:
1674 4649 1735 4731 qui
1757 4649 1819 4712 hu·

268 4765 343 4833 τοῦς
364 4753 549 4834 ἐλπίζοντας
571 4751 622 4819 ἐπ’
636 4755 742 4838 αὐτόν,
771 4753 788 4817 ό
815 4751 896 4830 Θεός
921 4772 1019 4817 κατα-
1062 4771 1163 4817 mana
1180 4755 1341 4832 dogmata
1359 4753 1530 4832 nuntiant,
1560 4752 1714 4816 homines
1738 4757 1819 4818 sunt

267 4859 527 4944 apostatantem
543 4859 576 4924 ἐν
591 4858 766 4945 ἀποκρύφῳ
778 4867 834 4924 τοῦ
848 4855 1019 4942 προσώπου
1061 4859 1249 4922 tumultum
1264 4860 1494 4938 provocantes,
1508 4872 1575 4938 quo
1590 4856 1727 4920 turbina
1743 4873 1817 4938 per·

268 4963 367 5030 αθτοῦ
378 4964 463 5029 κατά
475 4962 596 5039 πάντας
603 4964 676 5041 τοὺς
684 4959 867 5049 εἰρημένους
874 4959 1017 5047 τρόπους.
1061 4963 1243 5028 turbantur
1255 4961 1439 5026 instabiles.
1449 4962 1570 5024 Procul
1585 4961 1629 5024 ab
1636 4959 1729 5026 hisce
1745 4963 1816 5024 tur-

269 5065 495 5145 Κατασκόπεις
514 5068 628 5144 αὐτοὺς
643 5066 678 5132 ἐν
693 5076 796 5152 σκηνῇ
812 5066 876 5133 ἀπὸ
899 5065 1020 5134 ἀντιλο-
1065 5069 1115 5132 bis
1129 5083 1305 5132 removens
1317 5082 1374 5130 eos
1386 5065 1445 5147 qui
1457 5069 1595 5146 sperant
1612 5067 1649 5130 in
1664 5082 1711 5146 se,
1723 5066 1816 5130 Deus

273 5168 346 5256 γίας
360 5170 520 5257 γλωσσῶν.
536 5167 574 5236 ‘0
589 5168 718 5254 τέλειος,
733 5169 840 5256 πάσης
855 5181 1020 5258 προκοπῆς
1062 5171 1237 5238 abscondit
1252 5187 1308 5237 eos
1321 5173 1357 5236 in
1368 5171 1501 5236 occulto
1513 5168 1611 5235 faciei
1624 5167 1816 5253 suajuxta
