4006 6090
266 427 330 488 332
926 425 1136 490 ORIGIlNES

263 565 305 650 ην
320 566 374 630 καί
389 567 423 629 τὸ
439 564 648 652 προσενεχθὲν
665 564 774 651 βρῶμα
794 572 836 650 τῷ
849 563 963 630 Ἰσαὰκ
979 565 1013 630 ἄ·
1051 568 1230 631 venatione
1257 573 1330 632 erat
1351 567 1517 650 quidquid
1540 567 1692 634 ciborum
1709 569 1802 632 obla·

265 671 307 733 πὸ
322 668 438 758 Ἰακὼβ
453 679 509 735 τοῦ
527 670 637 746 παιδὸς
652 671 759 735 αὐτοῦ.
1052 677 1126 736 tum
1142 679 1193 735 est
1208 675 1301 736 isaac
1317 691 1337 734 a
1352 672 1422 735 filio
1437 691 1499 736 suo
1514 674 1629 738 Jacob.

310 793 342 836 v.
370 776 419 838 16.
444 774 527 853 Τοὺς
549 773 641 858 ἱερεῖς
661 773 759 859 αὐτῆς
781 774 899 840 ἐνδύσω
915 795 1016 859 σωτη-
1095 791 1127 839 v.
1146 779 1195 839 16.
1211 775 1396 843 Sacerdotes
1411 779 1482 858 ejus
1495 777 1629 842 induam
1642 778 1796 856 salutari,

266 875 345 960 ρίαν,
362 879 417 942 καὶ
431 878 462 942 οἱ
485 878 564 944 ὅσιοι
588 879 687 962 actile
707 878 894 964 ἀγαλλιάσει
915 878 1014 965 ἄγαλ·
1052 874 1083 946 et
1096 882 1202 948 scruti
1216 883 1287 964 ejus
1300 883 1496 948 ecultctimw
1510 884 1706 949 excludant.

265 980 438 1048 λιᾶσονται.

309 1084 412 1171 Θήρα,
426 1090 558 1173 πτωχοί,
574 1088 676 1172 ἱερεῖς,
689 1089 777 1170 θσιοι,
790 1085 930 1172 τέσσαρα
944 1086 1013 1172 είδη
1096 1091 1250 1169 Venatio,
1267 1106 1441 1172 pauperes,
1465 1093 1665 1172 sacerdotes,
1681 1093 1801 1171 sancti,

266 1198 328 1255 τῶν
344 1189 466 1258 οἰκείων
481 1200 538 1275 τῆς
555 1191 646 1257 Σιών.
1052 1199 1197 1276 quatuor
1212 1201 1293 1258 sunt
1307 1197 1436 1276 species
1452 1195 1656 1260 inmidorum
1673 1198 1763 1260 Sion.

174 1335 196 1344 -·
311 1315 343 1359 v.
360 1297 410 1360 17.
422 1294 600 1382 Ἠτοίρασοι
614 1296 730 1383 λύχνον
743 1306 788 1383 τῷ
800 1296 928 1382 Χριστῷ
941 1316 1011 1382 μου.
1093 1317 1125 1362 v.
1141 1300 1191 1363 17.
1204 1300 1570 1379 Prcpurccilucerncm
1585 1300 1798 1366 circumeo.

309 1395 451 1478 Ἐκεῖνος
475 1399 517 1486 ην
542 1401 559 1465 δ
585 1400 702 1488 λύχνος
724 1402 741 1466 δ
766 1401 933 1487 καιόμενος
959 1402 1014 1465 καί
1097 1404 1190 1466 «Ille
1205 1409 1278 1467 erat
1296 1405 1436 1468 lucerna
1454 1403 1575 1467 ardens
1592 1409 1626 1467 et
1640 1405 1800 1468 lucens.»

267 1501 394 1586 φαίνων.

310 1628 342 1672 v.
361 1611 411 1672 18.
425 1607 506 1687 Τοὺς
521 1608 654 1696 ἐχθρούς
665 1611 762 1675 αὐτοῦ
773 1609 892 1674 evacua
905 1607 1015 1694 αἰσχύ-
1094 1629 1126 1672 ν.
1144 1611 1195 1674 18.
1207 1610 1362 1676 Inimicus
1373 1611 1444 1692 ejus
1454 1610 1588 1675 iaderam
1598 1609 1797 1692 coasusicrw,

265 1731 342 1796 νην·
357 1711 408 1778 ἐπὶ
423 1713 458 1778 δὲ
473 1715 527 1780 τὸν
539 1715 633 1780 αὐτὸν
649 1713 813 1800 ἐξανθησει
824 1715 859 1777 τὸ
872 1710 1016 1800 ἄγίσισρᾶ
1049 1729 1148 1794 super
1166 1715 1274 1796 ι’ρσιιιιι
1296 1719 1403 1780 cutem
1418 1715 1569 1798 efflorebit
1589 1717 1803 1800 sanctificatio

267 1836 336 1902 poc.
1050 1833 1130 1882 mcc
1824 1837 1827 1844 ·

310 1919 364 1984 Διὸ
380 1922 435 1985 καί
458 1921 510 1987 ἐπ’
525 1923 620 1990 αὐτὸν
635 1921 800 2007 ἐξανθηοει
821 1925 857 1989 τὸ
873 1922 1016 2009 ἄγίασμα
1093 1924 1230 1986 Etenim
1251 1925 1466 2005 superillum
1490 1923 1654 1988 efflorebit
1676 1925 1798 1988 sancti-

265 2025 372 2108 αὐτοῦ,
388 2027 459 2111 περὶ
473 2028 510 2091 ού
526 2048 622 2112 φησιν
644 2028 678 2094 ἐν
692 2023 820 2112 Ἠσαίᾳ·
836 2023 901 2092 Καὶ
922 2027 1015 2105 ἄνθος
1050 2030 1103 2089 tas
1119 2024 1203 2106 ejus,
1220 2025 1261 2089 de
1277 2043 1344 2108 quo
1367 2027 1450 2090 dicit
1472 2027 1562 2108 apud
1578 2030 1700 2091 lsaiam
1726 2051 1742 2088 ιι
1757 2030 1800 2092 Et

263 2128 303 2193 ἐκ
317 2137 375 2213 της
390 2128 480 2214 ρίζης
502 2129 707 2216 caesana,
723 2135 748 2219 ᾧ
771 2131 953 2210 ἀκολούθως
966 2132 1012 2197 τό·
1051 2129 1113 2194 dos
1129 2148 1171 2193 ex
1187 2129 1299 2194 radice
1314 2132 1482 2210 ascendet
1495 2153 1513 2190 ν
1532 2132 1656 2213 quibus
1672 2133 1705 2195 id
1720 2149 1797 2196 con·

264 2233 315 2298 Τὰ
331 2231 409 2317 ἄνθη
425 2243 482 2320 τῆς
496 2244 557 2321 γῆς
580 2235 669 2322 ὤφθη
685 2237 720 2302 ἐν
734 2245 774 2322 τῇ
789 2245 831 2321 γῇ
853 2233 954 2322 ἡμῶν,
970 2243 1014 2322 τῷ
1051 2235 1163 2312 gruit:
1203 2236 1352 2299 «Floras
1381 2241 1481 2299 terrae
1504 2243 1736 2317 apparuerunt
1765 2238 1801 2301 in

266 2339 346 2404 είναι
362 2336 441 2422 ἄνθη
456 2348 588 2404 τοιαῦτα
603 2339 845 2427 είληφύταπρδς
859 2349 916 2404 τού
927 2339 1015 2419 ἄξειν·
1050 2343 1142 2401 terra
1156 2343 1312 2419 nostra»
1339 2341 1374 2403 in
1390 2357 1429 2402 co
1449 2340 1539 2421 quod
1554 2339 1720 2420 ejusmodi
1743 2339 1801 2404 flo-

264 2439 417 2528 θουρίνου
443 2443 503 2508 ὑπὸ
532 2443 652 2530 Κυρίου
680 2438 886 2532 ἄγιᾶσρατος.
913 2445 1017 2511 Τοῦτο
1051 2461 1104 2508 res
1122 2444 1254 2507 collecti
1277 2443 1381 2524 luere,
1398 2447 1438 2507 ut
1456 2443 1596 2510 floribus
1612 2445 1804 2524 distinguat

266 2548 380 2632 γὰρτὸ
394 2547 543 2628 ἐξανθοῠν
558 2550 683 2635 ἁγιάζει
698 2551 770 2628 τούς
781 2548 1016 2635 προσπελάζον-
1050 2549 1215 2612 Dominus
1231 2550 1473 2613 sanctuarinm.
1490 2551 1568 2613 Haec
1591 2551 1682 2614 enim
1700 2549 1801 2614 dello·

263 2673 320 2729 τας
336 2652 439 2737 αύτῷ·
454 2653 532 2718 αὐτὸ
554 2655 639 2738 δντδ
663 2655 752 2739 ἅγιον
775 2662 830 2719 τοῦ
851 2652 934 2720 Osco
957 2654 1013 2718 καί
1052 2653 1140 2716 ratio
1177 2657 1311 2716 sanctos
1349 2653 1453 2718 efficit
1494 2657 1803 2736 appropinquantes

265 2755 368 2838 ἄνθος,
384 2756 509 2822 coeca
531 2758 648 2824 εἰπεῖν·
668 2758 754 2844 Ἐγὼ
777 2756 870 2836 ἄνθος
891 2767 947 2823 τοῦ
961 2779 1016 2822 τε·
1052 2757 1171 2835 Dcum,
1188 2773 1295 2838 quum
1316 2758 1406 2822 idem
1423 2760 1560 2822 omnino
1575 2760 1621 2823 sit
1638 2761 1801 2823 sanctitas

265 2858 343 2942 δίου,
365 2863 420 2926 καί
442 2869 548 2946 κρῖνον
570 2870 631 2929 τῶν
646 2862 812 2928 κοιλᾶδων.
834 2862 937 2929 Ἐπδιν
959 2865 1015 2928 ούν
1050 2862 1113 2925 Dei
1128 2866 1162 2925 et
1177 2860 1249 2941 llos,
1264 2866 1304 2925 ut
1318 2864 1421 2927 etiarn
1437 2864 1577 2928 dixerit:
1603 2865 1708 2944 «Ego
1723 2882 1800 2930 snm

266 2967 438 3051 anatramp
462 2967 497 3031 τύ
513 2967 606 3044 ἄνθος
628 2969 683 3032 καί
705 2970 741 3032 τὸ
764 2977 869 3053 κρῖνον
891 2977 947 3032 τού
962 2987 1016 3032 τιε-
1051 2964 1113 3029 flos
1129 2967 1205 3046 agri
1229 2969 1263 3031 et
1285 2969 1397 3031 lilium
1418 2969 1665 3032 convallium.»
1691 2969 1802 3044 Quum

265 3068 332 3133 διου
348 3071 523 3155 aelapsam
545 3081 607 3138 τῶν
626 3071 793 3154 κοιλᾶδων,
817 3073 945 3149 εἰκότως
958 3073 1016 3156 θφ-
1052 3069 1161 3148 igitur
1190 3073 1317 3137 similia
1340 3072 1459 3137 fecerit
1485 3072 1603 3136 florem
1627 3076 1661 3136 et
1691 3073 1804 3136 lilium

263 3170 395 3257 θήσεται
409 3175 450 3238 τᾶ
473 3173 552 3260 ἄνθη
569 3176 603 3241 ὲν
617 3185 656 3260 τῇ
672 3186 714 3262 γη
737 3175 838 3262 ἡμῶν,
859 3174 1016 3255 ἑξανατεί-
1051 3177 1128 3253 agri
1141 3177 1297 3241 etlilium
1312 3179 1529 3257 convallium,
1542 3177 1733 3242 verosimile
1749 3181 1801 3240 est

261 3276 375 3354 λαντος
389 3288 445 3342 του
459 3277 542 3345 Θεοῦ
558 3281 593 3344 τὸ
605 3277 748 3365 ἄγίασμα
764 3281 860 3346 αὐτοῦ
875 3279 927 3344 ἐπὶ
937 3281 1011 3356 τοὺς
1051 3280 1235 3345 cernendos
1259 3299 1332 3345 esse
1366 3281 1465 3346 dores
1496 3283 1532 3344 in
1562 3287 1654 3345 terra
1675 3287 1800 3361 nostra,

261 3380 517 3467 πεφωτισμένους
531 3385 586 3446 καί
609 3383 778 3461 νεᾶζοντας
794 3383 874 3448 είνοιι
889 3381 940 3448 ὲτιί
954 3383 1014 3469 τὴν
1052 3385 1196 3466 quando,
1213 3387 1342 3449 oriente
1358 3388 1437 3466 Deo,
1449 3387 1612 3450 sanctitas
1624 3385 1697 3464 ejus
1713 3383 1803 3448 efflo-

262 3483 420 3571 ρακαρίαν
435 3487 490 3551 καί
504 3489 721 3574 πνευματικὴν
736 3485 859 3573 saproc.
1050 3489 1148 3570 rabit,
1164 3489 1246 3553 dum
1267 3491 1454 3554 illuminati
1477 3495 1512 3553 et
1533 3491 1686 3554 renovati
1706 3489 1804 3569 Juve-

1050 3611 1111 3658 nes
1132 3599 1215 3658 sunt
1237 3595 1272 3658 in
1295 3595 1394 3658 beata
1416 3599 1451 3658 et
1476 3595 1647 3680 spirituali
1674 3594 1802 3658 festivi-

1051 3703 1132 3762 iate.

297 3947 325 3987 v.
334 3932 376 3986 17.
384 3931 426 3988 18.
434 3931 503 3990 Vnt.
514 3933 556 3988 12.
567 3933 616 3989 Pe.
624 3933 791 4002 x1‚1.0ant.
802 3934 884 4006 ν,,12,
893 3951 924 4004 ιι,
932 3933 1012 3990 nto.
1058 3948 1086 4003 v,
1095 3931 1139 3988 35.
1149 3932 1188 3988 Is.
1199 3948 1242 4003 xl,
1250 3934 1275 3988 1.
1285 3932 1358 3988 Fort
1366 3950 1419 4010 pro
1429 3935 1559 4002 εἰληφότα
1567 3933 1623 4004 leg.
1633 3935 1803 4003 ιίληρμιιῖνο.
1895 3991 1898 3998 ,

831 4168 1002 4248 Psalmus
1028 4165 1247 4248 CXXXII.

307 4420 340 4464 v.
356 4401 383 4464 1.
401 4398 483 4465 Ἰδού
496 4401 535 4486 δη
549 4401 578 4466 τί
593 4400 693 4468 καλὸν
707 4401 729 4486 ἡ
744 4397 774 4464 τί
784 4400 927 4484 τερπνὸν,
940 4394 1010 4460 ἄλλ’
1099 4416 1130 4460 ν.
1149 4397 1178 4460 l.
1193 4397 1355 4478 Eccejcm
1368 4397 1448 4480 quid
1461 4397 1574 4462 bonum
1587 4398 1639 4462 cel
1652 4397 1733 4480 quid
1746 4399 1803 4479 ju·

263 4505 286 4590 ῆ
301 4505 338 4567 τὸ
353 4513 514 4570 κατοικεῖν
529 4504 685 4589 ἀδελφοὺς
700 4501 876 4570 ἐπιτοαυτύ.
1055 4501 1203 4581 cundum,
1221 4503 1291 4568 aaa
1305 4501 1591 4584 habitoresrctrec
1605 4505 1642 4567 ic
1657 4519 1767 4567 ιιιιυκι.

307 4606 403 4674 Ούτοι
425 4619 609 4678 κατοικοῦσι
631 4610 808 4693 ἐπιτοαυτδ,
824 4607 854 4672 οἱ
876 4612 912 4675 τὸ
933 4609 1010 4675 cord
1100 4608 1155 4671 llli
1180 4606 1337 4670 habitant
1360 4608 1395 4670 in
1423 4625 1541 4688 unum,
1564 4608 1624 4688 qui
1652 4607 1741 4672 idern
1768 4606 1805 4669 in

260 4712 294 4778 ἐν
309 4712 417 4799 Κυρίῳ
432 4724 627 4800 φρονοῦντες.
1055 4711 1189 4776 Christo
1204 4712 1353 4793 sapiunt.

305 4839 337 4884 v.
354 4820 384 4883 2.
402 4816 458 4896 Ὡς
474 4818 570 4905 μύρον
586 4819 637 4886 ἐπί
652 4817 797 4904 κεφαλῆς
809 4820 845 4883 τδ
860 4815 1011 4888 καταύαῖ-
1099 4834 1131 4882 v.
1146 4817 1177 4882 2.
1193 4815 1286 4884 &aa
1308 4820 1507 4900 unquentum
1528 4817 1566 4883 ιἰι
1584 4818 1699 4899 capite,
1725 4813 1809 4899 qaod

295 5053 344 5109 Pe.
358 5071 476 5115 cxxxn.
489 5073 517 5113 v.
529 5058 554 5128 1,
567 5055 673 5112 Vatd.
1055 5051 1151 5108 nostri
1174 5051 1249 5108 nihil
1273 5052 1391 5108 omnino
1418 5050 1529 5108 habent
1556 5065 1594 5107 ex
1621 5049 1806 5124 ineptissimo

296 5159 323 5201 v.
335 5143 361 5196 2.
374 5141 442 5202 Vct.
456 5143 481 5214 5,
493 5143 534 5200 12.
546 5141 629 5202 (taut.
641 5141 754 5214 1,1.1³s.
766 5139 1010 5213 omnismodi.
1055 5138 1168 5199 scholio
1181 5137 1259 5214 qnod
1270 5157 1290 5197 ιι
1301 5137 1441 5199 cordesio
1452 5139 1515 5199 solo
1527 5137 1578 5198 BB
1590 5143 1771 5212 aeceperunt.
