4006 6090
315 457 379 520 312
982 459 1190 524 ORIGENES

314 601 360 668 ἔτι
375 596 695 684 σκανδαλισθήσεται·
710 597 905 685 κεκτημένος
919 601 981 685 γὰρ
999 602 1058 685 την
1103 601 1227 682 quippe
1249 600 1376 682 potitus
1399 618 1479 683 pace
1498 603 1576 666 Dei:
1601 605 1635 666 iu
1652 605 1842 686 semetipse,

314 701 442 788 εἰρηνην
462 713 518 768 τοῦ
540 701 624 770 Θεοῦ
645 703 679 768 ἐν
700 702 812 788 ἑαυτῷ,
827 704 880 770 διὰ
900 705 936 769 τδ
958 704 1058 790 ύνομα
1101 709 1236 785 propter
1258 721 1380 768 nomeu
1403 704 1486 786 ejus,
1504 707 1644 770 minime
1663 707 1845 772 offenditur

312 807 408 872 αύτού
424 805 602 872 σκάνδαλον
624 807 685 872 obn
705 809 788 872 ἔστιν
811 807 846 872 ἒν
867 807 996 884 τούτοις.
1014 845 1054 856 -
1100 809 1137 871 in
1168 809 1245 871 illis.
1269 843 1306 853 -
1342 810 1376 872 Si
1406 811 1540 891 parvuli
1572 811 1843 876 scandalizantur

312 910 352 977 Ei
367 911 396 975 οί
411 912 515 996 μικροί
530 909 800 993 σκανδαλίζονται,
825 911 921 993 (ὅστις
940 912 1001 995 γάρ
1016 910 1055 976 ἂν
1100 911 1316 994 [quicumque
1347 913 1447 992 enim,
1474 915 1532 993 ait,
1563 915 1843 978 scandalizaverit

311 1013 516 1098 σκανδαλίσῃ,
532 1016 637 1099 φησίν,
653 1015 709 1080 ἕνα
723 1023 785 1079 τῶν
801 1022 917 1099 μικρῶν
938 1013 1055 1080 τούτων
1099 1031 1207 1077 unum
1230 1033 1272 1078 ex
1295 1015 1363 1078 illis
1386 1016 1520 1096 pusillis
1546 1019 1606 1098 qui
1633 1018 1668 1081 in
1696 1035 1749 1080 me
1775 1035 1844 1080 cre·

309 1127 372 1184 των
386 1117 592 1184 πιστευόντων
608 1120 652 1196 εἰς
664 1118 731 1204 ἐμὲ,
747 1116 896 1204 συμφέρει
907 1118 992 1202 αὐτῷ
1003 1119 1054 1182 ίνα
1097 1117 1192 1197 dunt,
1218 1119 1340 1183 melius
1366 1124 1416 1182 est
1443 1125 1481 1183 ut
1506 1122 1595 1184 mola
1624 1122 1773 1185 asinaria
1802 1123 1837 1185 in

310 1221 475 1308 κρεμασθῇ
498 1221 594 1308 μύλος
619 1223 720 1299 δνικδς
747 1222 791 1299 εἰς
812 1226 867 1287 τδν
892 1221 1054 1306 τράχηλον
1097 1224 1221 1285 collum
1244 1222 1317 1302 ejus
1336 1225 1571 1305 suspendatur,
1588 1230 1622 1288 et
1643 1225 1840 1307 projiciatur

310 1327 416 1410 αὐτοῦ,
432 1328 487 1392 καί
507 1325 739 1411 καταποντισθῇ
756 1326 790 1391 ὲν
804 1335 847 1411 τῷ
861 1324 1007 1411 πελάγει)
1023 1324 1053 1389 οἱ
1097 1327 1133 1390 in
1156 1326 1270 1410 mare),
1293 1330 1353 1409 qui
1375 1346 1455 1392 vero
1473 1329 1627 1408 diligunt
1648 1331 1839 1410 Dominum,

309 1431 344 1496 δὲ
359 1431 541 1516 ἀγαπῶντες
555 1434 609 1496 τδν
631 1429 757 1514 Κύριον,
774 1429 811 1494 ού
829 1427 1052 1508 σκανδαλίζον·
1096 1446 1166 1494 σου
1174 1432 1454 1496 scandalizantur.
1463 1434 1600 1496 Parvuli
1607 1438 1688 1497 sunt
1698 1436 1757 1515 qui
1770 1451 1837 1509 non

309 1557 378 1601 ται·
401 1535 430 1600 οί
445 1537 548 1621 μικροὶ
570 1534 630 1598 oba
644 1533 826 1619 ἀγαπῶντες
849 1535 901 1599 τδν
923 1532 1050 1618 Κύριον,
1096 1533 1248 1612 diligunt
1269 1535 1459 1616 Dominum,
1483 1537 1542 1617 qui
1564 1538 1761 1602 scandalum
1784 1555 1841 1620 pa·

310 1637 578 1720 σκανδαλίζονται,
608 1637 655 1702 διδ
684 1639 739 1702 καί
764 1637 950 1722 ἀγνοοῦντες
979 1639 1051 1715 τούς
1095 1637 1238 1716 liuntur,
1265 1640 1347 1718 quia
1376 1641 1537 1718 ignorant
1563 1642 1709 1706 rationes
1739 1659 1840 1707 even·

308 1741 421 1828 λύγους
434 1751 495 1809 τῶν
516 1739 694 1828 γινομένων,
709 1741 761 1827 ἐφ’
772 1743 817 1817 οίς
836 1743 892 1806 καί
914 1741 1050 1807 σκανδα·
1095 1746 1193 1806 tuum
1208 1743 1332 1824 quibus
1348 1743 1576 1809 offenduntur.

307 1845 455 1925 λίζονται.
1031 1879 1033 1882 ·
1633 1855 1635 1858 ’

351 1971 382 2016 ν.
401 1952 472 2014 169.
489 1949 709 2035 Ἐγγυσάτωη
726 1947 834 2034 δίησίς
846 1970 905 2034 μου
919 1948 1050 2016 ἐνώπιόν
1136 1967 1168 2011 ν.
1194 1950 1266 2014 169.
1294 1947 1535 2032 Amopiaqrwt
1566 1953 1670 2018 cata
1701 1971 1773 2020 αισα
1800 1956 1838 2021 in

307 2074 374 2136 σου,
389 2052 506 2138 Κύριε·
527 2054 612 2118 κατα
625 2056 661 2119 τδ
683 2054 789 2140 λογιόν
809 2075 872 2146 σου,
890 2052 1050 2119 συνίτισύν
1093 2058 1257 2133 ratperta
1268 2057 1838 2142 aw,o0mim;srccndcmeloqcicm

308 2177 358 2246 με,
1094 2160 1186 2222 mma
1207 2157 1249 2222 dc
1270 2158 1354 2224 mili
1371 2161 1578 2230 tualeam.

349 2262 537 2348 Πτεροίιην
559 2259 666 2346 δέησιν
687 2270 745 2327 τοῦ
766 2261 889 2328 δικαίου
910 2262 929 2327 δ
950 2263 1049 2341 καλὸς
1138 2263 1217 2325 Alas
1232 2262 1455 2343 praebetjusti
1470 2267 1627 2347 precibus
1642 2267 1840 2333 bonoillius

306 2367 402 2432 αὐτοῦ
424 2365 500 2452 βίος,
517 2365 558 2444 ὡς
581 2365 711 2432 ἐνύπιον
726 2375 781 2430 τοῦ
797 2366 880 2434 Θεοῦ
902 2364 1048 2452 γίνηται·
1095 2365 1176 2446 vita,
1200 2371 1239 2428 ut
1269 2367 1305 2429 in
1327 2370 1541 2449 presentiam
1566 2372 1629 2435 Dei
1655 2374 1840 2455 perveniat.

304 2469 388 2536 ἀλλὰ
402 2473 457 2535 καί
472 2473 507 2536 τδ
529 2480 653 2555 πνεῦμα
667 2471 692 2557 o
706 2470 926 2556 προσεύχεται,
941 2467 1049 2555 κουρί-
1093 2471 1220 2533 Verum
1236 2471 1326 2533 enim
1340 2488 1421 2535 vero
1436 2474 1577 2554 spiritus
1592 2474 1628 2538 in
1644 2492 1711 2556 quo
1723 2476 1839 2558 depre-

305 2573 406 2658 ζειδη
430 2575 487 2659 την
509 2574 609 2658 εὐχὴν
623 2574 679 2638 καί
700 2572 788 2658 φέρει
802 2576 880 2658 πρὸς
902 2572 1001 2640 Θεάν·
1023 2571 1046 2657 ἡ
1093 2577 1199 2653 catur,
1214 2575 1323 2638 levem
1338 2592 1419 2640 sane
1434 2575 1727 2658 memorationem,
1747 2595 1839 2642 eam·

303 2680 339 2746 δὲ
353 2677 501 2766 ἁμαρτία,
517 2677 629 2764 βαρεῖα
639 2679 729 2762 ούσα,
742 2687 798 2745 τοῦ
810 2680 854 2765 μὴ
866 2677 968 2744 καλοῦ
980 2677 1047 2765 βίου
1092 2694 1159 2759 que
1182 2678 1289 2742 defert
1309 2679 1352 2743 ad
1375 2681 1492 2744 Deum.
1516 2684 1695 2772 Peccatum
1710 2687 1836 2762 autem,

303 2783 466 2871 ἐχομένου,
483 2782 630 2869 μακρύνει
645 2782 708 2847 ἀπδ
720 2781 802 2849 Θεοῦ
813 2791 871 2866 την
883 2784 982 2868 εὐχὴν
998 2805 1048 2849 το-
1091 2798 1198 2863 quum
1220 2801 1326 2862 grave
1345 2785 1400 2864 sit,
1430 2786 1519 2849 bona
1547 2787 1619 2850 vita
1649 2787 1838 2867 deficiente,

303 2897 424 2971 σούτον,
440 2889 513 2953 ὅσον
528 2887 594 2952 ἐστὶ
610 2885 721 2972 βαρεῖα
735 2885 842 2952 πλεῖον
858 2887 879 2972 η
904 2885 1046 2951 ἔλαττον.
1090 2890 1224 2950 tantum
1236 2905 1256 2950 a
1267 2888 1336 2952 Deo
1349 2891 1487 2969 elongat
1498 2893 1693 2972 orationem,
1710 2895 1839 2974 quanto

302 2990 393 3057 Ούτω
423 2989 478 3056 καί
503 3011 592 3057 τινων
615 2991 670 3076 μὲν
697 2987 857 3056 ἀναθαίνει
883 2993 1044 3076 προσευχὴ
1091 2995 1143 3053 est
1156 2991 1269 3068 magis
1283 2992 1337 3056 vel
1357 2994 1470 3057 minus
1486 3011 1601 3073 grave.
1625 2997 1679 3060 Sic
1694 2997 1838 3060 nonnul-

302 3099 358 3162 καί
373 3097 546 3181 στεναγμὸς
568 3094 631 3159 άπδ
646 3101 707 3160 τῶν
728 3094 835 3159 καλῶν
857 3093 967 3178 ἔργων,
991 3095 1046 3158 καί
1091 3092 1201 3156 lorum
1217 3094 1353 3176 quidem
1376 3097 1527 3161 ascendit
1546 3101 1653 3162 oratio
1675 3105 1709 3163 et
1731 3100 1838 3178 gemi-

303 3209 359 3264 τοῦ
374 3207 473 3285 μισεῖν
488 3199 541 3263 τδν
557 3197 718 3282 αίγύπτιον
729 3196 917 3282 ἐργάσεσθαι
933 3197 1046 3282 πηλον·
1091 3201 1146 3261 tus
1159 3214 1201 3260 ex
1215 3199 1312 3262 bonis
1330 3201 1498 3280 operibus,
1515 3205 1549 3264 et
1563 3203 1653 3282 quod
1667 3202 1837 3267 detestan-

303 3301 416 3387 ὲτέρων
431 3301 466 3366 δὲ
488 3299 592 3366 πίπτει
610 3302 632 3387 ἡ
647 3299 840 3383 καταύαίνει,
863 3303 906 3366 ὢν
927 3301 1046 3386 γίνεται
1090 3303 1195 3366 turin
1208 3305 1278 3367 luto
1290 3306 1429 3388 AEgypti
1441 3307 1586 3386 operari3
1603 3308 1746 3370 aliorum
1755 3324 1836 3371 vero

303 3408 346 3485 είς
361 3405 516 3493 ἁμαρτίαν
530 3406 552 3491 ἡ
568 3404 990 3492 προσευχη.Ἀντιδιέστειλτ
1005 3416 1044 3493 τη
1089 3408 1197 3471 oratio
1226 3409 1325 3487 cadit,
1349 3409 1403 3472 vel
1426 3409 1607 3490 descendit,
1631 3411 1673 3473 ob
1698 3415 1837 3491 peecata

300 3522 356 3577 τού
367 3510 487 3598 νάσμου
502 3511 623 3578 συνέσει
637 3513 721 3576 κατδι
736 3509 849 3597 τέχνας
864 3532 898 3575 τε
913 3513 968 3576 καὶ
983 3520 1046 3577 πᾶν
1090 3511 1293 3594 quibuscum
1322 3511 1476 3576 efficitur.
1502 3549 1540 3559 -
1565 3515 1681 3578 Mundi
1704 3517 1836 3597 sapien-

301 3617 502 3704 ἒττιτήδευμα,
525 3619 667 3685 κατὰτὸ
693 3617 798 3702 λόγιόν
820 3639 876 3684 σου
898 3617 1044 3701 προσθείς
1088 3619 1182 3698 tiam,
1206 3619 1338 3682 collatis
1364 3617 1437 3699 ejus
1459 3619 1589 3683 artibus
1612 3622 1759 3702 totisque
1782 3622 1834 3684 vi-

300 3725 354 3788 καὶ
368 3726 427 3808 την
441 3721 534 3789 θείαν
556 3721 701 3806 δηλονότι
722 3719 844 3807 σοφίαν,
860 3719 901 3805 ἣν
916 3722 1043 3806 ἔχοντες
1088 3722 1183 3787 ribus
1203 3723 1377 3803 oppositis,
1401 3724 1571 3804 componit
1597 3741 1675 3788 oum
1698 3726 1836 3788 oraculo

300 3825 329 3890 οἱ
351 3825 489 3910 μαθηταί
506 3835 562 3890 τού
577 3824 734 3910 Σωτῆρος,
757 3823 971 3908 ηλλαττοῠντο
984 3835 1042 3910 της
1088 3832 1156 3907 tuo,
1173 3845 1213 3890 ac
1235 3827 1336 3891 dubio
1352 3828 1468 3908 procul
1491 3827 1641 3891 divinam
1656 3829 1833 3909 anteponit

300 3929 511 4016 ἀνθρωπίνης·
526 3928 611 4013 λέγει
628 3929 709 4014 γάρ·
732 3925 771 3993 Οἱ
787 3927 846 3993 υίοὶ
861 3938 915 3994 τοῦ
931 3931 1043 4006 αἰῶνος
1086 3932 1298 4012 sapientiam,
1318 3949 1420 4013 quam
1441 3931 1522 3996 dum
1541 3931 1722 3998 habuerint
1736 3933 1835 3997 disci·

300 4033 411 4097 τούτου
434 4031 659 4118 φρονιμώτεροι
680 4032 757 4115 ὑπὲρ
780 4040 851 4108 τούς
881 4031 966 4110 υἱοὺς
987 4043 1043 4098 τού
1086 4037 1158 4117 puli
1179 4036 1372 4115 salvatoris,
1395 4041 1608 4100 recesserunt
1622 4037 1664 4099 ab
1680 4038 1831 4101 bumana

299 4140 402 4223 φωτὸς
424 4139 469 4214 είς
486 4138 545 4221 τὴν
566 4137 679 4222 γενεάν
701 4137 813 4200 αὐτῶν.
829 4129 901 4200 Ὅτι
923 4135 1041 4215 δίκαιος
1087 4140 1274 4221 prudentia.
1298 4140 1355 4202 Ait
1376 4141 1484 4204 enim:
1515 4141 1622 4204 «Filii
1649 4141 1751 4222 hujus
1774 4160 1834 4205 κω·

340 4395 530 4458 lucrosius
546 4395 583 4458 ι’νι
596 4411 626 4456 ο.
645 4395 717 4458 169.
729 4394 851 4458 volare
866 4392 948 4457 tacit
969 4411 1041 4458 ora·
1086 4396 1224 4458 Peccato
1241 4394 1331 4458 enim
1343 4397 1513 4474 gravescit
1527 4396 1643 4476 oratio,
1668 4398 1702 4459 et
1728 4397 1832 4476 longa

298 4483 425 4546 tionem
438 4483 525 4546 bona
537 4484 608 4546 vita
618 4482 714 4562 justi,
730 4487 764 4546 et
778 4483 836 4545 dat
849 4483 921 4546 alas
936 4484 1041 4564 preci·
1085 4481 1125 4545 fit
1138 4501 1159 4545 a
1173 4484 1251 4546 Deo.
1278 4486 1384 4548 Tanto
1412 4489 1527 4548 autem
1550 4485 1626 4565 plus
1653 4489 1828 4565 gravatur,

296 4571 361 4636 bus
374 4571 552 4653 spiritales,
568 4572 692 4652 quibus
706 4576 899 4634 sanctorum
913 4571 956 4635 ad
977 4573 1041 4635 De·
1084 4577 1211 4652 quanto
1247 4572 1500 4655 improbabilior
1529 4577 1581 4637 est
1609 4575 1681 4636 vita
1715 4573 1832 4655 depre-

295 4677 355 4724 um
370 4659 533 4724 evehatur
548 4661 664 4724 oratio.
680 4660 744 4725 Sed
759 4665 793 4724 et
807 4661 952 4740 Spiritus
972 4677 1039 4741 quo
1086 4662 1203 4725 cantis.

219 4781 223 4790 ·
295 4765 440 4830 oramus,
461 4750 618 4815 sublevat
643 4767 776 4832 precem
794 4747 881 4829 justi
907 4753 969 4814 ete.
999 4784 1038 4794 -

330 5015 358 5055 ν.
371 5000 432 5057 169.
444 4999 511 5058 Vat.
523 5000 549 5071 4,
562 5002 605 5073 16,
618 5000 660 5056 1o.
674 4999 731 5070 oui
739 4997 948 5056 confirmantur
960 4998 1038 5057 codi-
1082 4999 1262 5072 stantiorem,
1274 5017 1368 5074 usqne
1385 4999 1532 5072 theologia
1545 4998 1769 5074 despiciendam
1782 4999 1829 5058 Cf.

293 5083 376 5142 cibus
393 5083 601 5144 murinorum,
622 5085 830 5160 Ναυκρατίτου
847 5085 952 5142 scholii
969 5093 1039 5160 post
1081 5087 1151 5143 Luc.
1166 5103 1229 5158 xri,
1241 5087 1268 5144 8.
1280 5087 1374 5144 Excd.
1387 5104 1472 5159 xxiv,
1485 5089 1510 5144 2.
1529 5088 1613 5145 Unus
1631 5086 1694 5144 cod.
1706 5086 1832 5160 habeta

293 5169 465 5232 Oordarisrn
485 5172 669 5232 retinuerunt
693 5173 886 5247 posteriorem
905 5177 936 5231 st
963 5191 1038 5247 prs-
1081 5177 1264 5244 προσίρχετνε.
1277 5173 1450 5234 Ambrosius
1462 5179 1496 5232 ut
1508 5172 1733 5250 supralegcbat.
