3966 6108
278 440 342 502 506
939 446 1150 510 ORIGENES

278 569 437 659 τάγματα,
454 574 659 662 διαπριόμενα
673 580 759 644 κατδι
776 588 838 646 τῶν
852 580 885 648 έν
901 579 1029 667 Χριστῷ
1075 585 1178 664 mine,
1192 601 1265 666 qum
1277 583 1489 664 dissecantur
1500 584 1662 650 adversus
1674 585 1827 652 initiatos

278 676 499 764 τελειυιμένυν,
529 680 752 767 έκτακήοεται,
778 694 837 770 τῆς
866 683 1029 771 ἐπιθυμίας
1075 687 1110 750 in
1120 688 1454 768 oniumtabeseent,
1467 688 1548 752 dum
1557 690 1697 771 perierit
1707 707 1829 756 eorum

278 780 383 846 αὐτῶν
398 783 630 872 ἀπολλυμένης.
650 827 690 836 -
703 782 749 853 Ἢ
761 788 875 867 ἄλλως·
897 791 949 856 ἐπί
963 799 1029 868 τοῖς
1073 790 1289 855 desiderium.
1305 793 1367 856 Vel
1382 793 1498 856 aliter:
1517 794 1657 858 iliorum
1672 793 1714 857 de
1725 794 1829 858 eadn-

278 884 482 970 προσπαίροις
497 888 628 973 ἀγαθοῖς
645 891 792 978 ἐπιθυμία
809 893 914 960 αὐτόν
936 892 1029 980 σβεσ-
1072 895 1444 960 cisbonisdesiderinm
1459 897 1710 978 exstinguetur,
1723 914 1833 980 quun·
1950 880 1953 889 ¹

279 988 421 1074 θήσεται,
436 991 607 1079 ἐπειδήπερ
621 1005 711 1062 πᾶσα
726 996 805 1082 σδιρξ
825 997 951 1083 χόρτος,
973 999 1029 1064 καὶ
1073 999 1115 1064 do
1138 999 1276 1080 quidem
1302 1001 1448 1072 «Omnis
1463 1017 1541 1064 euro
1563 999 1691 1082 fenum,
1708 1007 1828 1066 stom·
1959 1062 1960 1067 ,

279 1102 369 1160 πᾶσα
393 1093 470 1174 δόξα
492 1098 592 1182 αθτῆς
614 1097 657 1176 ὡς
679 1099 772 1178 ἄνθος
794 1101 928 1186 χόρτου·
948 1101 1029 1168 όιπυ-
1073 1105 1128 1168 uis
1150 1104 1262 1182 gloria
1284 1101 1358 1182 ejus
1382 1106 1421 1166 ut
1443 1101 1505 1168 flos
1528 1103 1641 1184 ieni;›>
1665 1105 1830 1186 peribunt

279 1196 382 1262 λεῖται
404 1209 480 1283 γοῦν
502 1201 604 1266 αὐτῶν
627 1204 682 1268 καί
703 1206 744 1269 τδι
766 1204 920 1292 χρήματα
938 1207 993 1270 καί
1011 1204 1030 1271 ό
1074 1224 1157 1286 ergo
1165 1224 1282 1271 eorum
1295 1211 1329 1270 et
1341 1223 1420 1288 opes
1433 1212 1467 1271 et
1477 1207 1828 1289 divitiaemtvoluptas

282 1300 417 1381 πλοῦτος
431 1304 522 1391 καὶὴ
537 1303 637 1392 ἡδονὴ
650 1309 706 1376 καί
720 1318 810 1376 πᾶσα
823 1308 845 1394 ἡ
860 1318 923 1376 τῶν
937 1331 1033 1395 προσ·
1077 1315 1112 1375 et
1126 1311 1362 1392 quodcumque
1373 1310 1579 1375 desiderium
1590 1328 1705 1374 rerum
1720 1311 1828 1376 lubri-

279 1407 399 1492 κείρων
415 1409 571 1496 ἐπιθυμία.
1076 1433 1205 1480 earum.
1621 1405 1632 1425 ⁸

895 1645 1069 1724 Psoimus
1100 1642 1233 1723 oxu.
1368 1635 1371 1644 ’

280 1873 282 1880 ”
326 1891 359 1936 v.
378 1874 406 1935 1.
422 1869 555 1954 Αἰνεῖτε,
571 1873 692 1956 παῖδες,
716 1870 843 1957 Κόριον,
861 1871 976 1937 αἰνεϊτε
999 1875 1035 1937 τὸ
1123 1869 1830 1956 v.'1.1;oooote,pueri‚omniomu,loodme

284 1975 385 2061 όνσμα
400 1973 530 2060 Κυρίου.
555 1975 615 2060 utu
631 1978 667 2041 τό
690 1975 790 2064 όνομα
804 1973 924 2060 Κυρίου
946 1975 1035 2041 εὐλο-
1077 1996 1190 2043 nomm
1205 1981 1346 2043 Domini.
1363 1981 1417 2044 Sit
1430 1995 1541 2043 omitto
1560 1979 1692 2042 Domini
1705 1977 1831 2046 omrai

283 2078 423 2166 γημένον
438 2077 501 2144 ἀπὸ
516 2089 571 2144 τοῦ
587 2091 641 2146 νῦν
656 2081 712 2146 καί
726 2081 785 2158 ἕως
799 2091 855 2146 τοῦ
870 2081 993 2159 αἰῶνος.
1079 2089 1166 2150 ctum
1180 2101 1219 2148 oe
1232 2083 1288 2150 luc
1301 2101 1387 2149 otono
1401 2088 1433 2148 et
1445 2101 1547 2167 usqne
1560 2085 1598 2148 io
1609 2084 1770 2150 seculum.

326 2179 383 2260 Ὦς
406 2183 555 2268 ἀγνοοῦσι
570 2194 634 2262 τοῖς
653 2188 769 2267 παισίν,
792 2187 876 2264 ὅπως
891 2189 957 2274 χρὴ
979 2189 1034 2252 τόν
1122 2190 1225 2264 Quasi
1251 2191 1366 2270 pueris
1393 2189 1634 2267 ignorantibus
1659 2188 1831 2270 quomodo

284 2283 402 2370 Κύριον
424 2287 540 2372 ὑμνεῖν,
562 2289 600 2352 τό
614 2291 809 2374 προφητικὸν
829 2289 969 2378 Πνεῦμα,
992 2290 1035 2356 δί-
1078 2293 1261 2357 Dominum
1276 2294 1416 2357 laudare
1431 2298 1593 2374 oporteat,
1609 2293 1828 2376 propheticus

282 2411 346 2474 την
360 2390 565 2479 παιδαγωγοῦ
576 2395 631 2458 καί
642 2393 845 2479 διδασκάλου,
858 2397 917 2474 τδις
928 2397 1034 2481 φυνδις
1078 2398 1235 2478 Spiritus,
1248 2399 1356 2462 instar
1366 2398 1590 2480 paedegogiet
1601 2400 1827 2480 proeceptoris,

283 2495 381 2573 αὐτὰς
397 2495 593 2581 παραδίδωσι
607 2508 663 2563 τοῦ
686 2501 793 2585 ὕμνου,
810 2498 968 2566 διδάσκων
982 2521 1035 2564 συ-
1076 2517 1177 2565 voces
1207 2501 1327 2586 hymni
1355 2503 1470 2582 tradit,
1494 2502 1636 2566 edocens
1659 2502 1828 2584 quomodo

283 2609 436 2686 νυιτρχεῦν
451 2601 605 2688 αὐτῷκαὶ
620 2602 1034 2669 συνυπακούειν·καίαδτδν
1077 2605 1143 2687 ipsi
1163 2621 1230 2668 vox
1251 2607 1423 2687 reciproca
1445 2605 1646 2688 respondeat
1666 2609 1701 2668 et
1727 2607 1830 2669 elter-

282 2707 332 2772 δεϊ
344 2716 454 2775 τοῦτον
469 2706 574 2797 λέγειν
594 2711 649 2774 τόν
664 2709 759 2794 όμνον
778 2708 955 2796 ἀρχόμενον
969 2709 1033 2774 ἀπὸ
1077 2709 1415 2790 nesuooednt.Atque
1424 2713 1555 2791 oportet
1566 2709 1721 2773 eumdem
1730 2709 1829 2792 hym·

282 2819 348 2876 τοῦ·
364 2811 425 2897 Είη
442 2814 478 2877 τό
493 2814 593 2899 όνομοι
606 2811 727 2898 Κυρίου
742 2813 954 2899 εθλογημένον
970 2813 1033 2878 ἀπὸ
1077 2831 1162 2879 num
1172 2815 1325 2893 recitare,
1338 2813 1397 2895 qui
1409 2812 1578 2894 incipitab
1589 2813 1653 2876 hoe
1664 2818 1756 2876 voto:
1778 2813 1836 2877 ott

281 2926 339 2981 τοῦ
354 2926 408 2981 νῦν
422 2919 478 2982 καὶ
492 2918 551 2995 ἕως
574 2926 629 2982 τοῦ
645 2917 768 2996 αίῦνος.
791 2916 884 3004 Εδχὴ
902 2917 936 2982 δέ
951 2919 1032 3004 αῦτιγ
1077 2917 1329 2984 nonoeoDomiui
1335 2917 1529 2984 bendictum
1536 2916 1636 2982 ααΙιυσ
1646 2933 1731 2982 nuuc
1737 2919 1833 2982 etue

283 3017 367 3085 ἐστίν
383 3021 461 3105 ὑπὲρ
472 3017 562 3106 ἡμῶν
575 3023 677 3086 αὐτῶν
688 3031 750 3088 τῶν
761 3021 883 3087 παίδων
895 3021 1034 3108 ἀναπεμ-
1077 3043 1138 3109 ραι
1153 3026 1191 3088 io
1203 3023 1363 3089 seculum.
1380 3025 1450 3086 Hoo
1465 3039 1545 3086 vero
1564 3027 1681 3086 votnm
1698 3027 1750 3085 est
1764 3037 1826 3103 pro

259 3173 266 3202 ,
284 3121 417 3208 πομένη,
435 3123 477 3202 ὡς
492 3126 531 3191 ἂν
546 3124 688 3212 διαμείνῃ
703 3125 779 3212 ἡμῖν
794 3128 830 3190 τδ
841 3135 897 3191 τοῦ
912 3123 1031 3211 Κυρίου
1074 3130 1173 3195 nobis
1183 3129 1298 3210 pueris
1310 3129 1483 3207 emissum,
1496 3131 1536 3190 ut
1550 3143 1672 3189 nomen
1688 3127 1827 3191 Domini

284 3228 383 3314 ὄνομα
399 3229 443 3305 εἰς
455 3230 491 3292 τό
502 3229 655 3313 διηνεκές,
668 3231 712 3315 μὴ
725 3239 842 3315 φεῦγον
852 3228 947 3316 ἡμᾶς,
960 3228 1031 3294 ἀλλ’
1075 3237 1238 3316 perpetuo
1265 3233 1441 3296 nobiseum
1470 3235 1616 3312 maneat,
1643 3247 1686 3294 ne
1712 3229 1828 3308 fngiat

283 3330 523 3417 ἀναπαυόμενον
544 3341 588 3419 τῷ
609 3332 755 3420 ἡμετέρῳ
777 3332 843 3418 δίῳ,
866 3336 922 3399 καί
943 3334 1032 3399 ebio
1076 3337 1216 3416 anobis,
1231 3337 1290 3400 sed
1306 3337 1341 3399 in
1357 3338 1429 3399 vite
1443 3341 1559 3400 nostre
1574 3336 1763 3417 quiescens,
1777 3335 1827 3397 sit

282 3439 435 3526 γούμενον
449 3437 535 3525 ἡμῖν,
558 3440 612 3503 καί
627 3436 811 3524 παραμένον
827 3441 867 3524 τῇ
889 3438 1030 3526 ἡμετέρᾳ
1076 3441 1208 3504 anobis
1223 3439 1450 3520 benedictum,
1466 3443 1500 3502 et
1525 3439 1561 3501 in
1576 3440 1692 3502 enimn
1707 3439 1827 3501 nostre

285 3545 373 3630 ψυχῇ
388 3545 457 3610 έντε
472 3553 516 3630 τῷ
530 3541 662 3629 παρόντι
676 3544 763 3608 αἰῶνι
777 3545 833 3608 καί
847 3543 881 3609 έν
895 3551 939 3630 τῷ
956 3542 1028 3628 μέλ·
1074 3549 1309 3627 perennatum,
1325 3547 1395 3606 tem
1412 3546 1447 3606 in
1459 3543 1522 3606 hoe
1537 3559 1641 3623 qnam
1656 3543 1693 3605 in
1708 3540 1826 3606 intnro

283 3649 388 3737 λοντι·
409 3649 469 3734 πρό
484 3658 561 3735 γοῦν
576 3647 675 3730 τούτῳ
690 3647 724 3712 έν
739 3649 777 3732 τῇ
794 3645 934 3732 Ἰουδαίᾳ
949 3646 1028 3734 μόνρ
1072 3649 1205 3713 saeenio.
1238 3647 1366 3711 Idcirco
1396 3648 1431 3710 in
1463 3647 1535 3710 solu
1564 3645 1686 3710 Judaes
1711 3652 1827 3709 cuntu-

204 3821 211 3836 ‚
283 3752 444 3840 ἐλέγετο...
465 3754 513 3838 (3²⁶.
529 3754 596 3819 odd.
614 3754 699 3818 1350
714 3756 754 3834 B,
773 3755 804 3819 C.
1076 3752 1188 3816 betur.

322 3878 354 3922 v.
369 3859 398 3941 3,
416 3861 446 3923 4.
462 3856 545 3924 Ἀπὸ
560 3855 723 3942 ἀνατολᾷιν
742 3853 835 3939 ἡλίου
851 3853 945 3942 μέχρι
959 3855 1031 3920 δυσ·
1119 3873 1151 3919 v.
1169 3857 1200 3936 3,
1216 3853 1246 3918 4.
1262 3854 1310 3920 Ao
1324 3860 1398 3921 orto
1412 3853 1493 3918 solio
1515 3855 1668 3937 usquein
1683 3871 1829 3921 octonum

228 4027 231 4034 .
282 3971 348 4050 μῦν
364 3963 486 4029 αἰνετόν
507 3965 544 4027 τδ
559 3962 660 4047 δνομα
682 3957 810 4045 Κυρίου.
826 3957 964 4044 Ὑφηλδς
979 3958 1031 4023 έπὶ
1073 3961 1236 4026 insumite
1256 3979 1370 4026 nomen
1385 3962 1528 4025 Domini.
1551 3961 1709 4027 oscelsus
1729 3979 1830 4044 super

285 4065 390 4131 πάντα
404 4066 445 4129 τδι
459 4063 534 4150 έθνη
550 4065 567 4130 ό
583 4063 709 4150 Κύριος,
725 4062 776 4126 ἐπὶ
790 4063 863 4141 τοὺς
879 4063 1030 4147 οὐρανοὺς
1073 4083 1181 4131 omues
1194 4069 1305 4149 omues
1318 4067 1488 4146 Dominus,
1503 4083 1601 4148 super
1614 4067 1706 4132 colos
1716 4065 1830 4148 ρῐυνὶα

277 4169 299 4255 ἡ
316 4169 393 4248 δόξα
408 4169 514 4234 αὐτοῦ.
1074 4170 1155 4251 ejvs.

323 4269 402 4339 Ὀτε
416 4294 454 4362 γε
471 4274 533 4359 μὴν
549 4272 705 4358 ἐπιφανὴς
721 4273 814 4351 αδτδς
829 4271 847 4336 ό
862 4271 979 4358 Κύριος
990 4271 1026 4358 ἡ·
1119 4274 1260 4364 Quando
1283 4274 1414 4337 interea
1437 4273 1508 4355 ipse
1524 4275 1689 4337 Dominus
1711 4278 1828 4338 noster

283 4388 349 4466 μῦν
363 4376 489 4462 Ἰησοῦς
503 4377 521 4442 ό
533 4379 676 4462 Χριστὸς,
688 4381 762 4455 τοὺς
774 4379 870 4443 αὐτοῦ
884 4376 1028 4464 μαθητὰς
1073 4382 1095 4444 J
1097 4397 1174 4443 esus
1186 4379 1350 4460 Christus,
1360 4378 1419 4441 ubi
1427 4379 1633 4460 apparuerit,
1642 4377 1828 4459 discipulos

237 4473 239 4480 ’
283 4485 336 4549 ἐπὶ
351 4482 455 4548 πάντα
477 4481 671 4567 διεπέμψατο
687 4482 727 4546 τδι
745 4479 830 4566 ἔθνη,
854 4491 1029 4566 τηνικαῦτα
1074 4498 1154 4546 suos
1177 4482 1272 4544 misit
1293 4498 1354 4563 per
1376 4498 1492 4545 omnes
1515 4485 1646 4561 gentes,
1669 4487 1744 4544 tum
1768 4483 1824 4547 de·

280 4587 458 4673 πληροῦται
480 4585 497 4650 ό
520 4584 572 4650 διὰ
593 4587 656 4650 τῶν
678 4585 893 4670 προκειμένοιν
919 4595 1030 4670 φωνῶν
1073 4605 1170 4651 mum
1182 4587 1342 4668 impletus
1358 4590 1410 4649 est
1422 4587 1572 4668 hymnus
1587 4586 1647 4666 qui
1663 4603 1724 4666 per
1738 4584 1824 4650 heeo

280 4701 345 4771 τοῖς
356 4700 434 4756 πᾶσι
445 4689 636 4775 παραδοθεὶς
647 4691 752 4776 ὕμνος.
766 4689 831 4754 Καὶ
842 4689 951 4776 ἐπειδὴ
965 4689 1030 4754 έπι·
1074 4692 1178 4756 verba
1196 4690 1338 4772 praefatn
1356 4689 1514 4754 omnibus
1532 4689 1679 4754 traditus
1703 4694 1764 4753 est.
1781 4693 1825 4755 Et

281 4800 384 4884 φανὴς
397 4797 484 4884 ἡμῖν,
507 4795 567 4861 οὐκ
581 4795 615 4859 έν
638 4805 743 4882 μορφῇ
768 4792 852 4861 Θεοῦ
874 4796 1029 4880 ἐπεφάνη,
1075 4797 1209 4877 quando
1241 4795 1399 4878 apparuit
1425 4796 1532 4876 nobis,
1558 4811 1627 4859 non
1655 4795 1690 4859 in
1715 4795 1825 4860 forme

312 5004 363 5060 Pe.
377 5019 451 5075 oxu,
467 5020 496 5061 v.
515 5004 539 5058 1.
552 5001 649 5060 Vetie.
668 5001 711 5058 16.
731 4999 805 5058 Cum
823 5001 912 5057 editis
930 5006 1033 5058 nostru
1076 5003 1310 5071 evomuerunt,
1322 5004 1547 5072 respectumque
1558 4997 1598 5056 ud
1609 5003 1741 5058 veterem
1749 5002 1828 5074 pnl-

279 5089 425 5163 iueipiunt
443 5094 474 5146 et
494 5094 612 5145 exeunt.
630 5087 690 5144 Sed
706 5088 825 5162 plneent
842 5104 921 5147 nove
941 5087 1032 5144 inter·
1076 5085 1184 5144 modiae
1196 5085 1330 5142 ordinem
1341 5083 1485 5158 aperiunt

278 5176 367 5248 jeete,
376 5191 442 5246 ques
455 5175 599 5233 solemnio
607 5175 736 5232 Eusebio
744 5173 890 5234 voeabula
900 5177 1033 5243 περίδεισ-
1113 5169 1830 5246 r.3,4.Exeodem‚eoperitereumeditieeuete.
