3966 6104
314 421 377 484 606
855 417 1039 488 SANCTUS
1060 416 1308 486 uouuoolos

308 554 460 640 prirentur
483 555 576 642 μέρος
598 553 683 622 ἐστιν
706 553 740 621 ἐν
754 561 799 642 τῷ
820 551 951 639 σώματι,
974 555 1057 620 citro
1103 554 1150 620 ris
1165 559 1216 620 est
1237 573 1325 636 pars,
1343 553 1391 616 ita
1408 568 1504 616 mens
1521 554 1574 616 est
1591 549 1714 615 animas
1729 553 1861 615 nostras

306 669 365 747 τῆς
380 661 487 748 ψυχῆς
497 660 587 748 ἡμῶν
598 663 634 725 τὸ
645 657 838 745 κυριώτατόν
849 658 933 724 ἐστιν
945 658 962 724 ὁ
975 667 1055 736 νοῦς.
1101 677 1179 742 pars
1194 659 1384 724 sublimior.

353 783 385 828 v.
402 767 433 829 5.
448 759 526 829 Ὀτε
543 765 631 850 ψμην
653 760 777 846 ὑλώδης
798 759 879 844 λίαν,
895 759 1003 846 κθκλιμ
1022 759 1058 826 δέ
1143 782 1175 828 ν.
1192 764 1223 826 5.
1243 759 1372 839 oasam
1385 775 1476 826 mom
1489 758 1644 842 ιομιλισνισ,
1662 757 1790 826 circam
1800 773 1864 822 art·

309 886 369 952 μου
384 865 413 932 οἱ
428 867 577 946 παῖδες,
760 914 763 923 -
1101 865 1307 948 tomotcfllic'
1322 868 1378 930 etc·
1879 909 1885 928 .

351 967 515 1035 Μεθοδίου.
531 964 628 1055 ‘Opas
642 969 692 1034 iim
707 975 799 1034 τοῦτο
821 967 974 1056 ἐπιθυμεῖ,
997 970 1057 1055 την
1144 966 1229 1032 Vide
1252 973 1421 1050 quantum
1443 965 1559 1048 cupiat
1581 965 1771 1047 patefacere
1797 965 1866 1030 Dei

310 1073 487 1159 ἐπισκοπὴν
495 1074 551 1137 καί
561 1074 619 1158 τὴν
631 1071 887 1158 πρίνοιανδεῑξαι
896 1081 952 1138 τοῦ
962 1070 1057 1138 Θεοῦ.
1100 1073 1366 1138 sollicitudinem
1404 1076 1439 1136 et
1476 1071 1742 1153 providentiam.
1781 1071 1867 1148 Ego

308 1175 386 1245 Ὅτε
399 1179 486 1264 εἰχον
500 1178 574 1263 ἐγὼ,
590 1175 708 1256 δίκαιος
721 1177 774 1261 ὢν,
786 1178 891 1262 φησίν,
903 1179 963 1263 την
977 1175 1057 1263 χρή·
1100 1175 1246 1257 quando,
1261 1177 1322 1257 ait,
1338 1175 1453 1258 habui,
1469 1175 1552 1239 dum
1570 1175 1686 1256 justus
1702 1192 1810 1254 eram,
1829 1191 1866 1237 o-

307 1303 398 1369 σιμον
420 1282 490 1368 ἐμοὶ
512 1282 601 1367 ὕλην,
626 1279 790 1368 πεποίηκα
819 1279 947 1366 ἀρετήν.
973 1281 1060 1348 Ilum
1100 1297 1183 1360 pum
1199 1296 1301 1361 penes
1317 1297 1370 1344 me
1386 1281 1528 1361 copiam,
1549 1279 1628 1343 inde
1643 1280 1734 1343 colui
1748 1281 1868 1343 virtu·

306 1388 369 1472 γὰρ
393 1386 500 1465 καλῶς
525 1385 696 1473 ἐχρώμην·
719 1386 799 1471 ὕλην
822 1386 909 1472 κίχον
932 1385 1057 1471 ἀρετης,
1100 1387 1180 1446 tem.
1196 1382 1361 1448 Omnibus
1389 1385 1480 1448 enim
1501 1384 1602 1448 rebus
1625 1383 1766 1446 honeste
1786 1387 1868 1446 ute-
1959 1469 1960 1472 Ἴ

307 1493 366 1576 την
388 1489 551 1557 είιπαιδίαν
572 1493 629 1557 καί
655 1470 709 1556 τθν
735 1490 882 1571 πλοῦτον,
904 1493 978 1568 τοὺς
1001 1491 1058 1576 μέν
1101 1485 1179 1566 bar3
1195 1485 1335 1552 virtutis
1348 1488 1454 1551 habui
1466 1491 1708 1567 argumentum
1721 1487 1757 1550 in
1774 1487 1868 1550 libe-
1959 1499 1960 1508 ¹

306 1595 421 1672 παῖδας
446 1595 553 1673 καλῶς
578 1593 747 1680 ἐκτρέφον,
777 1604 835 1679 τοῦ
857 1593 893 1660 δέ
919 1593 1057 1660 πλούτου
1102 1607 1218 1656 rorum
1240 1593 1431 1674 frequentia
1454 1595 1489 1654 et
1512 1591 1721 1670 divitiarum,
1733 1607 1866 1671 pueros

173 1728 175 1736 r
309 1707 467 1766 κοινωνῶν
481 1709 546 1778 τοῖς
561 1696 709 1787 δεσμίοις.
1102 1702 1191 1760 recte
1218 1698 1403 1776 enutriens,
1435 1712 1515 1777 opes
1541 1712 1621 1760 vero
1648 1695 1866 1759 distribuens

622 1829 624 1833 v
1100 1813 1234 1861 carcere
1250 1798 1451 1862 constrictis.

350 1911 429 1989 Cap.
445 1925 587 1988 xxxvm,
612 1910 641 1971 1.
663 1904 755 1972 Μετὰ
769 1906 804 1971 δέ
818 1907 855 1971 τὸ
876 1903 1059 1972 παύσασθαι
1090 1916 1095 1923 ’
1145 1904 1221 1966 Osr.
1245 1919 1387 1982 xxxvnr,
1415 1904 1444 1965 1.
1463 1903 1508 1966 Et
1527 1906 1703 1985 postquam
1721 1900 1867 1968 assavit

306 2006 431 2075 Ἐλίουν
445 2017 503 2093 τῆς
517 2007 642 2092 λέξεως,
657 2009 745 2076 εἶπεν
759 2005 777 2073 ὁ
792 2007 908 2100 Κύριος
928 2018 973 2096 τῷ
985 2006 1058 2076 ’ist
1100 2005 1205 2104 oriar
1230 2005 1336 2088 loqui,
1362 2004 1448 2071 dicit
1471 2006 1636 2072 Dominus
1657 2005 1701 2072 ad
1720 2005 1780 2070 lob
1795 2021 1865 2088 por

307 2111 361 2177 διὰ
376 2110 532 2192 λαίλαπος
546 2114 601 2178 καί
615 2121 726 2198 νομῶν.
1101 2108 1262 2175 turbinem
1275 2109 1464 2176 scortator.
1959 2161 1960 2176 .

348 2214 515 2282 Μεθοδίου.
530 2211 568 2282 ‘0
583 2215 700 2300 Κύριος
723 2215 864 2302 ἀρχῆθεν
884 2213 1059 2300 ἀνθρώποις
1145 2213 1218 2278 Non
1241 2216 1358 2278 stetim
1373 2214 1415 2278 ab
1431 2214 1529 2278 initio
1551 2215 1716 2278 Dominus
1739 2212 1784 2278 ad
1799 2213 1864 2276 ho-

306 2321 344 2386 οἰι
362 2319 472 2385 λαλεῖ·
494 2318 565 2384 ἀλλ’
576 2320 655 2384 ἐπὰν
670 2320 955 2404 παρασκευάσηται
969 2319 1057 2406 ψυχὴ
1102 2317 1212 2381 mines
1223 2317 1643 2400 loquitur,sedpostquam
1655 2320 1771 2382 anima
1782 2319 1865 2400 plu-

306 2424 361 2492 διὰ
371 2424 533 2508 πλειόνων,
544 2424 600 2490 καί
614 2423 764 2510 ὠφεληθη
777 2423 829 2490 διά
840 2447 874 2490 τε
887 2422 1057 2509 ἀνθρώπων
1102 2422 1198 2486 ribus
1214 2428 1403 2503 praeparata
1418 2419 1531 2502 fuerit,
1547 2427 1581 2486 et
1596 2422 1662 2486 sibi
1677 2421 1864 2504 profecerit

307 2530 364 2595 καί
378 2527 587 2614 brictricum
598 2536 780 2614 προσευχῆς
794 2528 851 2592 καί
866 2522 1057 2614 ἐπιμελείας,
1102 2531 1177 2590 turn
1189 2526 1447 2607 opehominum,
1460 2531 1534 2591 tum
1545 2527 1687 2608 privatis
1699 2527 1863 2608 precibus

308 2635 363 2700 καί
378 2632 625 2722 ἐκγυμνίισηται,
640 2634 694 2697 καί
714 2631 819 2720 ἀναβῇ
835 2631 879 2710 εἰς
896 2633 984 2718 ὕψος,
999 2629 1057 2696 κά-
1103 2634 1138 2694 et
1152 2629 1394 2708 sollicitudine,
1411 2634 1445 2693 et
1457 2633 1637 2711 postquam
1648 2630 1753 2694 inerit
1765 2647 1865 2694 exer·

305 2737 415 2805 θ’δσον
426 2737 557 2805 δυνατὸν
569 2723 745 2822 ἀνθρωπίνη
762 2736 863 2822 φύσει,
882 2732 1060 2800 τότεθΚθ-
1100 2735 1216 2816 citata,
1240 2739 1274 2798 et
1296 2734 1485 2798 ascenderit
1507 2734 1550 2798 nd
1569 2752 1726 2816 superna,
1750 2751 1863 2816 quan-

306 2864 372 2927 ριος
386 2841 487 2923 λαλεῖ,
502 2842 558 2906 καί
579 2843 652 2918 τοὺς
668 2839 783 2906 ἐαυτοῦ
797 2838 912 2924 λόγους
936 2836 1059 2902 ἀποκα-
1102 2845 1176 2902 tum
1184 2837 1235 2902 ias
1244 2842 1296 2902 est
1306 2839 1615 2919 humanmnaturae,
1625 2843 1708 2903 tunc
1719 2837 1862 2902 demum

305 2946 416 3013 λθπτει
429 2954 493 3023 τοῖς
508 2947 552 3022 εἰς
566 2953 718 3009 τοσοῦτον
733 2940 972 3026 ἀναθεθηκθσιν.
996 2937 1059 3006 06-
1101 2942 1266 3006 Dominus
1289 2943 1451 3025 loquitur,
1467 2959 1613 3024 suosque
1636 2944 1766 3008 revelat
1787 2960 1861 3007 ser-

306 3071 352 3118 τυ
366 3059 531 3136 τοιγαροῦν
546 3050 601 3113 καὶ
616 3057 659 3134 τῷ
675 3045 747 3114 ’int
769 3046 942 3132 πεποίηκε·
957 3043 1059 3131 διετη-
1105 3065 1222 3110 mones
1239 3047 1281 3110 iis
1301 3049 1360 3129 qui
1378 3063 1417 3112 eo
1434 3065 1542 3128 usqne
1556 3047 1790 3112 ascenderunt.
1806 3049 1863 3110 Ita

309 3176 358 3240 ρει
371 3157 434 3242 γὰρ
450 3152 535 3242 αὐτῷ
547 3155 602 3220 τὸν
616 3152 712 3240 λόγον
728 3149 770 3229 θος
785 3149 952 3236 στέφανον.
1102 3167 1239 3232 prorsus
1258 3167 1337 3214 cum
1359 3151 1425 3214 Job
1449 3151 1539 3229 τηθίς
1562 3151 1749 3214 reservavit
1766 3151 1861 3214 enim

699 3239 708 3246 ’
1103 3254 1154 3318 illi
1170 3272 1376 3334 sermonem,
1392 3271 1523 3318 coronae
1538 3255 1655 3318 instar.

350 3361 544 3449 Ζητψσωμεν
566 3362 601 3427 δέ
622 3361 678 3427 καί
699 3361 736 3426 τὸ
751 3360 803 3426 διὰ
824 3355 981 3436 λαθαπος
1003 3358 1059 3422 καί
1147 3357 1212 3423 Sed
1237 3362 1428 3422 scrutemur
1444 3357 1529 3422 iilud
1543 3361 1576 3423 σί
1580 3373 1645 3440 pcc·
1659 3355 1820 3422 imbirem
1830 3361 1863 3424 σί
1959 3435 1960 3448 ἢ

274 3541 279 3552 ,
306 3477 419 3553 νεφῶν.
435 3466 482 3534 Οὐ
496 3469 559 3553 γὰρ
575 3462 721 3551 φαίνεταί
734 3461 814 3530 ποτέ
835 3484 894 3530 τινι
907 3473 970 3529 τῶν
983 3483 1059 3547 προ-
1094 3479 1159 3546 μοι
1173 3461 1280 3526 nobes.
1306 3465 1479 3526 Hactenus
1502 3462 1594 3526 enim
1610 3461 1767 3526 auditum
1790 3481 1861 3555 non

305 3571 405 3658 τέριον
421 3572 473 3636 διὰ
487 3569 643 3648 λαίλαπος
665 3569 852 3654 λελαληκὼς
867 3568 885 3634 ὁ
900 3567 990 3647 Θαίς.
1014 3565 1055 3634 Ἥ
1103 3566 1555 3648 estcuiquamanteriorum
1563 3565 1740 3630 hominum
1747 3566 1860 3630 Deum
1959 3559 1960 3564 ’

306 3678 362 3742 οὖν
376 3672 498 3760 λαίλαψ
515 3673 670 3760 χειμῶνός
684 3671 751 3737 ἐστι
765 3670 935 3757 ποιητική·
957 3680 1001 3756 τῷ
1023 3670 1059 3735 δέ
1107 3673 1260 3736 locutum
1276 3669 1381 3734 fuisse
1396 3687 1457 3751 per
1470 3669 1651 3734 turbinem.
1671 3669 1784 3733 Turbo
1798 3687 1862 3733 au·
1959 3739 1960 3754 γ

304 3777 378 3847 ’lot
393 3777 539 3865 μέγιστος
553 3777 672 3864 χειμὼν
694 3775 849 3861 ἐληλύθει,
866 3775 938 3852 ὅλος
959 3773 1058 3839 ὁδιά-
1101 3781 1176 3839 tum
1184 3774 1398 3857 tempestatis
1408 3778 1459 3837 est
1466 3773 1735 3856 principium.At
1746 3773 1783 3837 in
1790 3774 1860 3838 Job
1959 3835 1960 3842 ,

307 3883 400 3971 βολος
420 3881 596 3967 ἐνέσκηψεν
619 3881 713 3966 αὐτῷ,
729 3890 822 3946 τοῦτο
846 3877 979 3962 αίτησας
994 3877 1058 3942 ἀπὸ
1101 3877 1251 3942 maxima
1268 3880 1452 3959 tempestus
1467 3878 1660 3958 ingruebat,
1678 3882 1770 3942 totus
1786 3876 1859 3942 dia·

307 3984 403 4069 Θεοῠ,
419 3987 538 4072 χειμὼν
559 3985 600 4070 ψν
615 3994 660 4070 τῷ
675 3982 747 4049 ’Irini
770 3985 826 4048 καὶ
845 3982 972 4068 θλόγος
994 3991 1055 4047 τῶν
1100 3982 1526 4062 bolusseineuminvexit,
1538 3986 1578 4046 ut
1591 3983 1860 4062 isaDeopostu-
1959 3981 1960 3988 ’

306 4089 422 4176 φίλων·
446 4090 538 4175 ἐντῷ
561 4089 691 4174 τοιούτῳ
713 4089 844 4174 χειμῶνι
867 4085 987 4172 θπέοτη
1001 4089 1057 4151 καὶ
1101 4087 1194 4150 lavit.
1212 4089 1408 4167 Tempestas
1421 4090 1494 4150 erat
1504 4086 1570 4168 ipsi
1579 4085 1644 4150 Job
1656 4087 1760 4148 etiam
1773 4088 1860 4150 ami·
1959 4089 1960 4112 ¹

307 4191 768 4280 ἐκαρτέρησενθιςδένοημυν,
783 4189 1057 4278 κυβέρνηοινκτη-
1100 4207 1217 4252 corum
1225 4189 1443 4270 colloquium.
1454 4189 1566 4254 Subiit
1576 4189 1856 4271 hancprocellam

266 4285 270 4297 ’
305 4300 451 4386 σάμενος,
467 4301 538 4384 περὶ
560 4301 618 4383 τὴν
640 4296 743 4363 πίστιν
765 4299 825 4362 οὐκ
846 4296 1054 4382 ἐναυάγησεν.
1100 4301 1135 4359 et
1150 4312 1225 4358 eam
1247 4294 1470 4376 compescuit3
1494 4294 1617 4357 mentis
1632 4294 1684 4357 uti
1706 4309 1856 4376 compca,
1959 4279 1960 4316 ³

303 4404 364 4471 Δια
378 4413 471 4470 τοῦτο
487 4404 504 4469 6
519 4399 725 4489 χρηματίζων
747 4403 834 4485 αὐτῷ
849 4403 926 4485 πρὸς
942 4398 1055 4485 copto-
1102 4402 1221 4462 tenens
1243 4396 1529 4476 gubernaculum,
1553 4397 1644 4460 circa
1660 4395 1762 4460 fidem
1786 4413 1855 4462 non

305 4506 362 4573 λον
377 4517 434 4572 τοῦ
456 4504 756 4592 καταλαμὸάνοντος
771 4505 866 4570 αὐτὸν
888 4512 1052 4590 χειμῶνος,
1101 4502 1329 4581 naufragavit.
1347 4504 1529 4582 Propterea
1544 4502 1694 4582 quicum
1710 4497 1855 4584 alloqui·
1959 4537 1960 4540 π

306 4612 340 4678 ἐν
356 4614 380 4698 ψ
396 4611 451 4674 καί
466 4609 648 4695 διέλαμψεν,
660 4609 715 4674 διὰ
729 4605 883 4686 λαίλαπος
898 4603 1053 4694 χρηματί-
1099 4609 1166 4686 tur,
1183 4607 1219 4669 in
1235 4605 1388 4688 symbolo
1407 4606 1616 4686 tempestatis
1638 4624 1707 4687 qua
1721 4607 1854 4671 involu-
1959 4663 1960 4666 ,

307 4715 364 4796 ζει.
380 4713 446 4780 Καὶ
461 4714 489 4778 εἰ
503 4712 560 4799 μέν
576 4713 679 4797 ἔμεινε
693 4712 734 4777 τὰ
748 4720 804 4776 τοῦ
815 4710 887 4778 ’lot
902 4712 935 4776 ἐν
947 4719 987 4796 τη
999 4731 1053 4775 πε-
1099 4712 1156 4773 tus
1168 4712 1229 4790 est,
1240 4708 1317 4772 etin
1326 4725 1395 4789 qua
1406 4707 1625 4790 resplenduit,
1637 4709 1854 4776 concionator

341 4907 370 4948 ν.
389 4889 414 4945 ὅ.
431 4886 538 4960 Regin.
556 4885 715 4958 Sequentia
731 4885 840 4960 partim
856 4886 948 4944 hebet
963 4885 1054 4957 Jahn,
1098 4883 1276 4950 ἐκαμτίρησεν
1295 4877 1358 4950 (ubi
1376 4879 1476 4936 castori
1492 4879 1570 4937 mals
1586 4883 1773 4954 ἐκρθτηστν...)
1793 4885 1855 4939 οθτι

306 4975 519 5050 scdpauciora,
530 4992 559 5047 p.
573 4973 634 5030 118.
888 4989 903 5002 τ
1097 4971 1178 5024 αθτον
1189 4968 1400 5036 καταλειφθῆναι
1412 4964 1492 5036 (fort
1504 4967 1648 5038 melius...)
1661 4972 1790 5024 θιέιλαίλ.
1803 4975 1853 5040 μό-

213 5093 220 5108 ·
339 5061 547 5136 Gapxxxrm,
560 5061 585 5117 1.
598 5059 694 5117 Vatia.
711 5059 773 5130 697,
791 5059 852 5131 749,
870 5059 931 5132 756,
948 5059 1055 5132 Regin.
1098 5072 1172 5124 νης...
1190 5057 1225 5108 τοι
1242 5056 1386 5124 spriritum
1398 5051 1461 5122 (ubi
1472 5052 1652 5127 pleriquart
1669 5057 1792 5126 ἰάματα).
1812 5057 1853 5112 A·

306 5149 472 5221 Mosquens.
482 5145 514 5202 in
522 5161 588 5220 quc:
601 5151 702 5216 οἰκείας
709 5151 883 5217 προσευχῆς...
893 5147 1056 5216 ἐνσκήψας...
1098 5141 1158 5216 pud
1170 5141 1191 5200 J
1192 5141 1252 5199 mn
1264 5146 1380 5197 tontum
1392 5144 1540 5214 excerpta.
