4006 6090
744 480 787 542 IN
808 479 1008 544 PSALMUM
1031 481 1168 545 CXVIII
1661 487 1725 551 313

188 618 243 682 οὖν
257 627 349 683 τοῦτο
363 619 499 703 εὔχεται,
513 617 639 695 συνετὸς
649 615 885 702 γενέσθαικατὰ
895 619 933 683 τὸ
976 621 1045 683 euli
1061 620 1294 700 prudentiores
1309 628 1390 686 sunt
1404 623 1485 690 tiliIs
1506 626 1592 692 Inois
1608 628 1643 691 in
1659 646 1725 691 sua

188 719 294 806 λύγιον
308 731 364 787 τοῦ
379 720 474 789 Θεοῦ.
976 725 1233 802 generatione.»
1251 727 1363 804 igitur
1382 733 1456 792 orat
1466 727 1591 810 iustus,
1607 737 1646 795 ut
1659 731 1721 796 fiat

979 827 1126 906 prudens
1140 829 1326 892 secundum
1343 832 1516 912 eloquium
1533 835 1603 897 Dei.

228 927 302 1014 Χρὴ
326 927 361 992 δέ
377 926 501 1010 εύδέναι,
517 929 563 992 δπ
583 929 654 1012 περὶ
669 935 725 992 τοῦ
739 935 784 1012 τῷ
799 925 871 1012 Θεῷ
882 927 932 1012 ἐγ·
1019 931 1111 993 Scire
1124 935 1239 994 autem
1256 939 1395 1014 oportet,
1412 936 1501 1016 quod
1520 935 1561 1000 da
1589 939 1724 1019 propin·

184 1030 279 1117 γύσει,
289 1033 440 1117 διαφορὸυς
452 1029 585 1117 εὕρομεν
594 1030 751 1108 ταύτας·ὸ
767 1031 823 1116 μέν
835 1029 931 1095 τελει·
976 1033 1106 1111 quitate
1122 1035 1193 1113 Dei,
1206 1035 1267 1099 has
1283 1053 1343 1100 noe
1359 1034 1566 1104 differentias
1578 1041 1724 1122 repperi·

185 1133 293 1218 ὸτερος
308 1131 425 1219 ἐγγίζει
439 1141 484 1220 τῷ
498 1133 587 1220 Θεῷ·
611 1135 629 1198 ὸ
654 1135 690 1199 δέ
709 1133 932 1217 ὑποδεέστερος
976 1153 1062 1198 mus.
1078 1137 1261 1202 Persectior
1274 1143 1523 1224 appropinquat
1538 1143 1616 1223 Dec,
1633 1143 1716 1207 infe·

183 1239 240 1303 καὶ
255 1237 348 1323 ἐγγύς
364 1237 485 1321 τούτου,
501 1239 594 1316 αύτὸς
611 1239 667 1324 μέν
683 1238 742 1302 ούκ
755 1234 874 1322 ἐγγίζει
887 1245 938 1322 τῷ·
976 1241 1046 1303 rior
1068 1248 1191 1324 autem,
1211 1245 1265 1308 vel
1286 1244 1366 1309 huic
1389 1248 1532 1328 vicinus,
1556 1250 1625 1312 Deo
1648 1251 1722 1332 qui-

185 1339 267 1426 Θεῷ,
282 1342 382 1426 sexta
396 1342 432 1406 δέ
443 1343 511 1427 ἔχει
522 1341 711 1428 ἐγγίζουσαν
726 1341 821 1426 αὐτῷ.
836 1334 932 1405 Ὅθεν
977 1341 1053 1406 dem
1083 1361 1150 1408 non
1176 1349 1432 1430 appropinquat,
1459 1352 1518 1415 sed
1537 1354 1722 1417 orationem

184 1447 256 1529 περὶ
269 1442 427 1523 Mutetur
442 1447 543 1530 εὕροις
554 1445 593 1511 ὸν
608 1446 662 1511 τὸ·
677 1443 800 1532 Ἐγγιιῦ
812 1443 930 1529 Μωσῆς
976 1445 1078 1510 habet
1092 1447 1134 1511 ad
1150 1465 1228 1516 eum
1243 1452 1467 1517 accedentem.
1490 1455 1571 1519 Inde
1587 1457 1666 1520 licet
1684 1458 1722 1520 in

185 1548 277 1635 μύνος
292 1552 368 1634 πρὸς
389 1551 443 1615 τὸν
466 1549 557 1631 Θεὸν,
573 1550 602 1616 οἱ
622 1551 657 1616 δέ
671 1548 775 1614 λοιποὶ
798 1549 858 1613 σῦκ
879 1547 931 1633 ἐγ·
974 1551 1087 1631 Moyse
1103 1553 1257 1617 invenias
1272 1555 1377 1620 illud:
1396 1559 1569 1624 «Accedet
1585 1561 1717 1643 Moyses

182 1662 323 1739 γιοῦσιν·
350 1653 401 1719 ἐπὸ
427 1654 462 1720 δέ
494 1653 605 1720 τούτου
632 1655 733 1739 εὐχὴν
758 1650 931 1738 λίγυυσαν·
974 1655 1120 1746 solusad
1132 1657 1248 1737 Deum,
1261 1661 1373 1724 caeteri
1389 1669 1503 1726 autem
1515 1681 1583 1728 non
1599 1680 1718 1746 appro-

181 1753 388 1843 Ἠγγίσατοὴ
411 1754 516 1842 δέησίς
539 1778 608 1842 μου,
631 1759 687 1822 καὶ
709 1755 792 1842 ἑξῆς.
816 1754 872 1834 Τίς
894 1755 931 1820 δέ
975 1759 1222 1841 pinquabunt.»
1238 1757 1629 1846 Insuperv'eroeccetibi
1642 1785 1718 1832 ora-

180 1859 300 1926 τούτυν
328 1859 351 1944 ἡ
380 1861 532 1948 διαφοράς
561 1861 671 1941 Ἀξιὸν
699 1860 882 1947 διυρῆσαι·
912 1862 930 1927 ὸ
974 1865 1101 1929 tionem
1125 1869 1473 1950 appropinquantem:
1500 1874 1715 1954 «Appropin-

183 1962 263 2041 Θεὸς
278 1964 337 2028 oda
350 1964 384 2030 ta
398 1964 484 2048 τύπῳ
505 1965 600 2048 ἐστὶν,
616 1964 745 2052 δύναμις
766 1965 829 2054 γάρ
844 1962 929 2029 ἐστιν
974 1971 1056 2047 quet
1070 1967 1260 2050 deprecatio
1276 1989 1388 2052 mea»,
1405 1975 1592 2054 etreliqua.
1609 1977 1720 2051 Quod·

181 2067 318 2153 ἐρρητος
342 2069 398 2134 καὶ
423 2067 599 2155 ἐφθεγκτος
626 2071 681 2134 καὶ
707 2066 859 2153 ἐύροτος.
890 2069 930 2136 Εἰ
973 2089 1052 2134 nam
1064 2088 1162 2154 porro
1173 2073 1294 2137 horum
1306 2075 1636 2161 discrimentOperae
1643 2097 1717 2160 pre·

181 2172 674 2256 δέούκέυτινέντύποιςὸΘεὸς,
686 2171 820 2260 ἐγγίζειν
833 2174 931 2240 δέἐσ-
972 2177 1060 2240 tium
1075 2183 1128 2241 ect
1148 2177 1369 2244 considerare.
1385 2180 1477 2245 Deus
1493 2181 1528 2244 in
1551 2183 1624 2245 ioco
1647 2199 1715 2246 non

180 2285 269 2363 τιτῷ
283 2276 364 2363 Θεῷ,
380 2275 525 2362 δηλσνδπ
540 2285 584 2364 τῷ
598 2277 633 2343 ἐν
647 2274 723 2363 ἡμῖν
738 2276 865 2362 ἀοράτῳ
877 2278 928 2363 ἐγ·
975 2286 1035 2364 est,
1050 2282 1103 2346 via
1118 2284 1209 2346 enim
1228 2301 1352 2348 arcana
1368 2289 1545 2368 astatque
1568 2289 1720 2352 enarrari

179 2377 308 2466 γίζομεν
330 2381 425 2466 αύτῷ.
442 2377 481 2446 Τί
501 2380 537 2446 δέ
550 2380 585 2447 ἐν
605 2379 682 2468 ἡμῖν
704 2379 858 2467 ἀύρατονς
873 2381 929 2470 ἠδ
973 2391 1034 2450 aut
1048 2388 1142 2452 cerni
1156 2388 1279 2452 nescia.
1303 2389 1338 2454 si
1353 2392 1467 2453 autem
1479 2390 1571 2454 Deus
1586 2391 1622 2454 in
1639 2393 1722 2456 locis

180 2487 318 2570 κρυπτὸς
332 2495 389 2574 της
404 2483 536 2571 καρδίας
559 2484 730 2571 ύνθριυπος,
751 2487 787 2552 ὸν
808 2485 929 2574 ύνύμοι-
973 2506 1042 2554 non
1057 2493 1176 2571 emtat,
1193 2493 1227 2554 et
1237 2492 1306 2555 Dec
1317 2493 1432 2556 tamen
1446 2495 1717 2576 appropinquare

180 2610 236 2656 σεν
257 2587 402 2677 ι’γγραρὸγ
427 2592 490 2658 ἐσυ
512 2589 685 2677 ἄνθρωπον.
701 2589 822 2658 Τούτου
844 2593 929 2658 ἐστιν
972 2597 1034 2672 eat,
1049 2594 1162 2675 palam
1177 2599 1229 2658 est
1246 2611 1317 2674 noa,
1329 2612 1390 2676 per
1408 2595 1442 2660 id
1461 2597 1551 2678 qnod
1565 2598 1601 2661 in
1620 2599 1719 2664 nobie

180 2689 304 2781 ἐγγίσαι
317 2703 361 2782 τῷ
376 2694 457 2782 Θεῷ.
972 2697 1144 2762 invisibile
1167 2703 1227 2778 eat,
1251 2699 1302 2763 illi
1325 2701 1605 2781 appropinquare.
1633 2702 1721 2777 Quid

971 2817 1070 2881 porro
1084 2801 1121 2864 in
1135 2801 1232 2866 nobis
1246 2819 1315 2866 non
1330 2804 1504 2867 cernitur?
1522 2806 1588 2868 nisi
1606 2809 1721 2870 occul·

971 2909 1028 2969 tus
1049 2905 1159 2969 cordis
1181 2906 1291 2987 homo,
1311 2923 1412 2988 quem
1434 2909 1607 2990 Scriptura
1622 2915 1722 2974 vocat

974 3009 1199 3073 «interiorem
1215 3010 1424 3074 hominem».
1442 3011 1551 3092 Hujus
1567 3030 1649 3092 ergo
1664 3019 1717 3078 est

915 3113 917 3118 ⁴
972 3115 1243 3196 appropinquare
1259 3116 1337 3178 Deo.

223 3219 317 3285 Ἔστι
330 3221 366 3286 δέ
380 3216 504 3307 ἐγγίσαι
518 3221 571 3286 διὸ
583 3219 692 3305 Ἰησοῦ
707 3218 856 3304 Χριστοῦ,
871 3219 927 3284 καὶ
1003 3220 1185 3282 Possumus
1197 3219 1299 3282 etiam
1312 3221 1582 3301 appropinquare
1594 3239 1653 3302 per
1664 3222 1686 3285 J
1687 3239 1720 3285 e·

180 3322 318 3408 μάλιστα
344 3325 400 3390 ἐὰν
429 3322 592 3410 νοήσωμεν
621 3326 675 3390 τὸν
701 3323 849 3408 Χριστὸν,
878 3323 926 3386 δτι
970 3340 1046 3385 sum
1065 3323 1246 3402 Christum,
1268 3325 1454 3404 praeeertim
1470 3325 1499 3387 ei
1515 3325 1720 3388 intellexeri-

179 3425 359 3512 δικαιοσύνη
382 3428 470 3512 ἐστὶ,
500 3429 547 3494 δτι
572 3426 716 3512 ἀλήθεια,
740 3428 794 3492 καί
816 3423 923 3512 σοφία,
970 3426 1225 3489 muschristum
1237 3443 1309 3489 esse
1316 3424 1486 3506 justitiam
1498 3433 1533 3490 et
1543 3430 1720 3493 veritatem

177 3533 234 3596 καί
249 3529 429 3613 ἀνάστασις,
440 3533 495 3596 καὶ
505 3539 571 3617 φῦς
583 3529 741 3616 ἀληθινὸν.
752 3529 851 3597 Ἀνευ
863 3530 924 3615 γὰρ
970 3533 1004 3590 ct
1013 3529 1258 3608 sapientiamet
1268 3532 1549 3595 resurrectionem
1562 3538 1596 3595 et
1607 3534 1719 3596 lucem

177 3634 295 3700 τούτων
310 3635 370 3700 ούκ
384 3637 468 3700 ἐστιν
482 3632 617 3721 ἐγγίζειν
637 3643 682 3720 τῷ
697 3633 779 3720 Θεῷ,
797 3632 926 3698 ύλλόύ
970 3649 1094 3696 veram.
1117 3635 1202 3696 Nam
1216 3634 1290 3696 sine
1305 3634 1359 3696 his
1375 3634 1515 3699 minime
1537 3651 1718 3716 possumus

177 3738 213 3802 tt
226 3740 323 3824 χωρίς
338 3737 464 3823 εἰρήνης
480 3747 537 3824 τῆς
559 3737 756 3823 φρυυρυύσρς
777 3738 835 3814 τὸς
848 3757 925 3821 καρ
970 3737 1039 3800 Deo
1059 3738 1339 3818 appropinquare,
1361 3736 1421 3800 sed
1443 3755 1505 3802 nec
1527 3741 1601 3804 sine
1623 3757 1717 3822 pace,

177 3841 247 3921 δίας
262 3845 317 3908 καὶ
331 3844 372 3908 τὸι
386 3841 541 3929 νοήματα,
557 3845 625 3928 ἣτις
647 3842 731 3908 ἐστίν
745 3841 764 3906 ὸ
778 3839 923 3925 Χριστὸς.
969 3857 1027 3902 cor
1042 3845 1077 3903 et
1090 3841 1315 3918 cogitationes
1329 3841 1549 3924 custodiente,
1565 3860 1641 3925 quaa
1653 3861 1719 3926 pax

175 3940 266 4031 Ὀσῳ
292 3946 328 4012 δέ
350 3969 396 4024 τις
422 3945 626 4012 ἀπολείπεται
649 3946 849 4030 δικαιοσύνης
870 3946 925 4009 καὶ
970 3943 1122 4008 Christus
1135 3949 1195 4008 est.
1208 3947 1465 4020 Quantoautem
1478 3949 1722 4028 quiedeetitni-

176 4047 302 4135 σοφίας,
325 4050 464 4137 τοσούτῳ
487 4047 612 4137 μακράν
634 4051 718 4117 ἐστιν
743 4050 761 4116 ὸ
785 4059 924 4126 τοιοῦτος
970 4053 1027 4112 tur
1037 4047 1172 4127 justitia
1186 4055 1222 4114 et
1241 4050 1418 4131 capientia,
1435 4055 1609 4133 tantopere
1625 4053 1720 4116 illea

178 4163 236 4219 τοῦ
251 4152 345 4221 Θεοῦ.
970 4154 1039 4217 Deo
1055 4157 1204 4218 remotus
1221 4156 1281 4218 eat.

222 4278 254 4322 v.
276 4259 349 4324 170.
364 4251 509 4324 Εέσέλθει
523 4260 560 4323 τὸ
582 4255 703 4344 ἐξίυμύ
719 4279 778 4346 μου
793 4256 925 4325 ἐνύιπιον
1012 4275 1044 4320 ν.
1062 4257 1135 4320 170.
1151 4259 1258 4324 Intret
1265 4257 1445 4339 mercatio
1459 4274 1529 4322 ntea
1542 4258 1579 4322 ia
1593 4275 1718 4340 roatpe-

181 4381 250 4443 ccu,
265 4360 375 4445 Κύριε,
389 4364 474 4428 κατὰ
487 4365 524 4428 τὸ
538 4360 644 4448 λδγιδν
658 4383 715 4429 σου
731 4359 823 4448 ρῦσαί
838 4382 885 4448 με.
969 4365 1023 4478 ctat
1034 4363 1097 4440 tao,
1112 4362 1256 4442 Domine,
1270 4361 1443 4428 secandam
1453 4361 1614 4444 είορυύιυα
1625 4366 1717 4426 taran

220 4569 276 4636 Ἐν
290 4575 335 4656 τῷ
350 4566 406 4657 βίῳ
421 4569 522 4656 τούτῳ
537 4569 677 4656 κυσμικύ
691 4569 774 4635 ἐστιν
787 4568 922 4655 ἀξιύμα·
969 4479 1131 4634 “²1qu
1144 4569 1216 4632 vtta
1233 4573 1315 4633 aunt
1328 4572 1508 4634 saeculares
1531 4568 1717 4649 dignitates

174 4695 218 4740 τα
231 4672 349 4740 τούτων
362 4683 423 4740 τῦν
438 4673 636 4759 πραττόντων
647 4675 704 4751 τὸς
713 4671 920 4759 νομιζομένας
969 4687 1085 4737 eorum
1100 4674 1160 4753 qui
1175 4671 1314 4751 fastigia
1335 4677 1454 4737 tenent
1466 4676 1503 4738 in
1525 4676 1715 4756 potentium

176 4778 338 4864 ύπεροχὸις
364 4780 398 4845 ἐν
420 4776 572 4858 ἐξουσίαις
593 4778 649 4844 καί
670 4776 802 4866 ἀρχαῖς·
825 4783 923 4859 οῦτυς
968 4779 1003 4839 et
1017 4776 1211 4857 principum
1227 4776 1435 4841 muneribus.
1453 4780 1521 4842 Sua
1537 4793 1672 4860 quoque
1687 4795 1721 4841 a·

210 5109 239 5150 v.
252 5091 313 5148 170.
325 5090 433 5163 Vatd,
450 5092 516 5163 5,δ,
528 5093 554 5162 9,
577 5092 620 5150 11.
642 5089 776 5150 Sctrara
796 5095 866 5150 aunt
886 5091 923 5151 dc
967 5083 1126 5162 tiquitatia,
1143 5100 1203 5142 non
1220 5085 1327 5144 dmunt
1343 5089 1443 5146 ίειιιειι
1454 5085 1503 5146 vel
1521 5084 1558 5144 de
1574 5084 1720 5162 episcopie

173 5176 374 5238 ecclesiactica
393 5177 559 5240 hierarchia
575 5177 745 5240 momoria
762 5183 855 5240 unta
871 5196 922 5240 an·
966 5173 1077 5252 prima
1090 5169 1267 5235 tenentibun.
