4044 6104
871 459 1076 528 EUSEBIUS
1623 508 1627 514 .
1674 459 1739 525 413

200 602 358 690 μάντεων·
381 600 473 666 αὐταί
497 601 559 687 γόιρ
579 598 669 688 ἡμῶν
691 602 749 688 την
772 601 878 688 ψυχην
901 599 945 678 είς
988 607 1105 667 rutum
1127 601 1319 684 praestigiae,
1349 611 1425 684 qu'ae
1448 601 1584 684 quidem
1607 605 1738 668 animas

200 705 320 792 παγίδα
343 704 657 792 προσλαμόάνουσιν,
681 707 757 770 όταν
777 703 869 792 ἡμεῖς
900 706 944 790 μὴ
990 710 1121 771 nostras
1135 705 1267 787 laqueis
1290 707 1479 788 involvunt,
1503 708 1637 788 quando
1664 725 1738 772 eam

201 811 377 896 φθάσαντες
391 811 435 896 τῷ
450 808 534 895 νόμω
556 819 611 874 τοῦ
634 808 727 893 Θεοῦ,
740 807 839 894 αθιην
860 825 945 892 πιρι·
988 810 1082 874 hisne
1105 811 1449 891 circumstringimus,
1472 829 1514 874 ne
1537 813 1619 876 dum
1634 812 1675 875 nd
1691 815 1738 876 le·

201 914 376 1000 φρόιξωμεν.
992 931 1072 993 gem
1088 915 1153 978 Dei·
1165 932 1393 996 properemus.

244 1036 276 1082 v.
302 1020 352 1082 13.
375 1015 458 1083 ’Aut
483 1025 542 1102 της
568 1013 793 1102 τηλαυγησιως
816 1015 948 1082 ίνίιιιιον
1034 1037 1066 1085 ν.
1084 1021 1135 1086 13.
1150 1018 1331 1103 Afulffore,
1353 1019 1392 1086 ιἰι
1405 1020 1663 1103 conprensus,
1681 1039 1739 1086 ιιιι·

201 1119 297 1185 αὐτοῦ
313 1119 346 1184 αἱ
362 1119 490 1206 νεφέλαι
505 1119 640 1207 διῆλθον.
990 1121 1042 1191 θοι
1055 1123 1266 1190 nemorum

245 1222 286 1289 ‘H
302 1221 473 1309 φαινομένη
489 1231 554 1300 τοῖς
568 1222 674 1308 πόρρω
689 1220 873 1309 λαμπρότης
891 1240 947 1306 τη·
1035 1228 1197 1310 Splendor
1208 1229 1295 1309 quia
1305 1229 1407 1307 longe
1419 1229 1579 1308 cernitur,
1599 1236 1739 1295 vocatur

201 1328 355 1413 λαόγησις
376 1325 520 1414 λέγεται·
542 1327 606 1396 όιπό
630 1329 666 1394 δὲ
687 1336 745 1413 της
768 1324 870 1412 αὐγης
891 1333 947 1390 τοῦ
991 1330 1116 1412 fulgor.
1128 1330 1378 1410 Fulgornutem
1390 1333 1513 1396 Christi
1527 1339 1587 1412 est,
1600 1333 1659 1414 qui
1672 1350 1739 1396 non

202 1431 351 1516 Χριστοῦ,
373 1433 443 1517 ητις
465 1429 502 1497 οὐ
525 1431 618 1517 μόνον
639 1438 705 1508 τοῖς
727 1431 841 1517 ἐγγὺς,
864 1429 948 1496 όιλλόι
991 1437 1102 1500 solum
1120 1435 1252 1515 vicinis,
1271 1435 1329 1499 sed
1348 1437 1450 1514 longe
1475 1437 1605 1517 positis,
1630 1437 1663 1500 id
1691 1441 1743 1500 est

202 1538 336 1614 καὶτοῖς
357 1535 472 1621 πόρρω,
488 1536 612 1622 δηλαδὴ
627 1545 693 1614 τοῖς
711 1536 829 1603 ἔθνεσιν
852 1534 948 1620 ίλοιμ-
992 1539 1153 1619 gentibus
1167 1540 1291 1603 illuxit.
1310 1538 1354 1606 lic
1367 1539 1404 1604 ιἰι
1418 1545 1582 1622 συνωμοσία
1595 1541 1666 1622 ιηἰιτ
1680 1558 1739 1606 νιν·

202 1641 271 1724 ψεν.
288 1639 353 1704 Καὶ
363 1639 495 1706 ἐντόπιον
509 1639 607 1704 αὐτοῦ
621 1639 654 1704 αἱ
669 1639 807 1725 νεφέλαι,
823 1637 948 1705 τουτέσ-
992 1641 1053 1723 θαι,
1072 1644 1106 1708 id
1121 1646 1173 1707 est
1187 1644 1367 1725 prophetie,
1390 1662 1450 1725 per
1468 1646 1583 1710 orbem
1602 1647 1740 1710 ίτιιιιιίσ-

203 1763 249 1807 τιν
265 1743 294 1808 οἱ
307 1751 476 1829 προφῆται,
492 1745 551 1829 την
568 1740 756 1830 οἰκουμένην
770 1741 949 1829 διήρχοντο·
991 1749 1080 1811 ιτιιιί.
1093 1748 1157 1822 Qui
1172 1748 1264 1811 enim
1279 1747 1482 1813 delitescunt
1493 1750 1582 1832 opud
1593 1753 1614 1813 J
1617 1751 1739 1830 udaeoS,

207 1847 418 1926 λανθάνοντας
429 1850 491 1934 γίιρ
502 1845 737 1934 ίντηἸουδαίφι
747 1849 820 1925 τοὺς
831 1844 951 1933 προφή-
993 1851 1147 1917 Christus
1161 1851 1342 1932 prophetas
1357 1856 1454 1916 notos
1477 1851 1556 1917 fecit
1581 1855 1740 1918 universo

205 1973 261 2028 τας
276 1949 449 2038 γνωρίμους
464 1950 481 2017 ό
496 1952 632 2037 Χριστός
646 1952 705 2036 όλη
722 1961 760 2038 τη
776 1961 818 2038 γη
830 1952 883 2018 διόι
893 1959 951 2036 της
993 1961 1161 2020 terrarum
1182 1955 1256 2019 orbi
1281 1973 1341 2036 per
1363 1960 1596 2037 evangeliorum
1623 1960 1744 2023 doetriss

204 2056 413 2143 εθαγγελιαης
429 2054 634 2135 διδασκαλίας
648 2054 789 2142 ἒποίησε.
994 2076 1083 2123 nani.

247 2183 279 2226 v.
296 2165 349 2227 26.
366 2161 455 2228 Μετὰ
470 2159 564 2228 όσίων
579 2160 748 2246 όσιωθήση.
1038 2181 1069 2225 ν.
1086 2163 1139 2227 26.
1159 2161 1238 2227 tium
1250 2161 1471 2230 innocentum
1483 2164 1632 2234 ιἰιιιοοοιιι
1646 2167 1723 2248 elis.

248 2264 485 2351 Ὁμωςκαίτοῑς
498 2263 544 2347 0¹,
553 2263 694 2342 Ἀκύλας
705 2263 951 2350 καίΣόμμαχος·
1038 2267 1743 2352 θίιωιιΙουιιιθορίωυςίυτω,Αηυ11αωίΒγιω-

209 2368 299 2435 Μετὰ
313 2366 407 2434 ὁσίων
425 2367 602 2454 όσιωθήοη·
624 2369 730 2453 ὥσπερ
748 2369 811 2453 γὰρ
829 2377 873 2454 τῷ
887 2386 952 2452 κρι-
996 2370 1136 2434 mechus
1159 2370 1300 2433 habent:
1327 2370 1745 2438 centumcentumn

207 2471 492 2560 τῄπροσηλθομεν,
508 2476 606 2550 οὕτως
620 2473 714 2539 αότδν
726 2473 760 2539 ἐν
770 2481 810 2558 τη
824 2471 953 2558 μελλοό
996 2491 1069 2540 οταν
1084 2473 1162 2540 erte.
1181 2475 1276 2538 Siout
1286 2473 1377 2537 enim
1393 2474 1435 2538 ud
1449 2474 1599 2554 jndicem
1615 2479 1746 2540 aceedi-

207 2595 247 2659 ση
262 2574 362 2660 κρίσει
377 2574 571 2662 εὑρίσκομεν,
582 2577 638 2640 καί
649 2576 732 2642 όσιοί
748 2576 814 2662 μὲν,
829 2573 954 2642 τουτέσ-
997 2597 1085 2658 mus,
1100 2579 1149 2642 itu
1164 2596 1243 2642 eum
1258 2578 1451 2644 invenimus
1470 2581 1507 2644 in
1521 2581 1637 2644 futuro
1655 2580 1748 2662 judi·

206 2699 253 2744 τιν
268 2679 302 2746 ίν
316 2677 411 2758 ὁσίοις
426 2681 532 2746 τάττει
546 2680 641 2745 όσιον.
997 2685 1061 2765 oio,
1070 2682 1415 2764 etiuuooeutomsooit,
1427 2683 1521 2748 idest
1533 2685 1746 2748 innocentem

701 2861 702 2866 γ
999 2789 1464 2854 iuterinnooentesoollooet.

250 2907 282 2952 v.
298 2889 351 2954 31.
366 2884 404 2952 ‘0
428 2885 507 2964 Θεός
530 2906 599 2972 μου,
615 2886 745 2973 ἄμωμος
767 2885 877 2971 ηόδδς
899 2888 955 2952 αθ·
1041 2912 1073 2956 v.
1090 2894 1142 2956 31.
1161 2891 1250 2958 Deus·
1263 2907 1362 2970 mot,
1392 2891 1563 2973 impolluta
1578 2892 1635 2958 oio
1655 2892 1750 2974 ejus.-

206 2999 272 3072 τοῦ,
287 2992 328 3054 τόι
343 2989 436 3075 λόγια
450 2988 568 3074 Κυρίου
583 2989 801 3076 πεπυρωμένα.
998 2997 1125 3080 eloquio
1137 2996 1358 3078 Dementiam
1372 2996 1562 3061 maminoto.

250 3094 467 3181 Πτπυρωμένα
486 3094 562 3180 τίνι;
584 3105 622 3182 τῇ
645 3093 764 3182 χωνείᾳ
784 3105 839 3162 τοῦ
859 3096 957 3162 Iliso
1044 3103 1129 3180 Igne
1141 3100 1235 3180 quali
1250 3102 1458 3180 repurgata?
1470 3102 1506 3164 in
1514 3101 1649 3166 fornace
1660 3103 1747 3166 seori

209 3195 319 3287 ματος,
335 3201 406 3267 όθιν
420 3200 510 3266 οὐδὲν
525 3200 559 3265 ίν
575 3203 680 3278 αὐτοῖς
694 3203 847 3285 περιττόν,
864 3202 954 3267 notis
1002 3206 1158 3285 Spiritus:
1185 3203 1273 3268 unde
1293 3205 1329 3268 in
1349 3205 1417 3269 illis
1440 3205 1526 3270 nihil
1549 3223 1751 3288 supervacn-

205 3303 370 3392 Ιιιίβδηλον,
393 3307 498 3391 ὥσπερ
514 3308 555 3372 τόι
568 3315 625 3392 της
648 3305 817 3392 ἑλληνικῆς
831 3303 955 3391 σοφίας,
1003 3326 1117 3388 neum,
1139 3308 1227 3370 nihil
1242 3308 1410 3388 spurium,
1435 3310 1551 3389 qualia
1573 3314 1655 3374 sunt
1680 3311 1748 3374 elo-

208 3411 249 3476 τόι
263 3408 366 3496 λόγων
376 3411 431 3474 ιιαί
446 3408 623 3495 μυστηρίων
634 3411 773 3496 αἰσχρῶν
784 3411 839 3474 καί
851 3409 954 3494 μύθων
1004 3412 1086 3494 quis
1096 3413 1295 3491 graecenioae
1306 3412 1490 3492 sapientise,
1502 3430 1697 3477 sermonum
1714 3419 1749 3478 et

211 3513 386 3580 ἐπιόλαόῶν
400 3516 455 3578 ιιαί
471 3513 689 3601 ψυχοφθόρων.
1002 3516 1244 3598 mysteriorum
1259 3517 1412 3597 turpium
1425 3521 1459 3580 et
1477 3515 1670 3580 fabularum
1682 3519 1746 3581 im-

1000 3619 1217 3698 mundarum,
1229 3636 1305 3700 quae
1321 3619 1452 3684 animos
1468 3625 1699 3702 corrumpunt

245 3793 294 3849 Ps.
308 3809 383 3863 ινιτ,
397 3810 424 3850 ν.
436 3794 463 3848 2.
476 3791 587 3848 Notore
600 3796 655 3863 est,
666 3790 699 3847 in
710 3791 767 3848 hoo
780 3792 869 3864 longo
881 3791 959 3866 psal·
1001 3809 1066 3865 quae
1075 3789 1138 3848 uod.
1147 3795 1249 3846 noster
1258 3789 1386 3864 Didymo
1398 3789 1528 3862 ascribit,
1541 3791 1593 3848 sod
1604 3791 1637 3848 in
1646 3791 1750 3850 eodem

210 3896 258 3935 mo
271 3879 359 3939 vatio.
372 3895 432 3938 xm
445 3894 511 3934 oum
524 3877 588 3934 edd.
601 3877 768 3935 consentire
779 3878 811 3935 in
828 3897 857 3936 ν.
871 3880 895 3949 1,
915 3879 958 3948 10,
1000 3877 1205 3934 desiderantur
1217 3875 1295 3950 apud
1312 3877 1431 3932 Maium.
1448 3877 1543 3933 Psnlo
1564 3895 1653 3951 supra
1670 3877 1748 3951 (Ρα-

212 3966 367 4036 11-13,14,
381 3966 424 4034 15,
442 3965 483 4036 16,
498 3964 657 4035 1‘1-19,20,
678 3965 721 4035 21,
733 3965 837 4022 22-25.
854 3965 959 4035 26-28,
1001 3965 1068 4022 trol.
1082 3965 1132 4021 181
1145 3965 1180 4035 Α,
1193 3964 1236 4036 Β)
1255 3964 1345 4020 solitu
1356 3964 1461 4019 houna
1472 3965 1509 4020 nb
1529 3983 1650 4021 oooursu
1667 3965 1748 4021 simi·

210 4053 254 4122 29,
263 4052 307 4122 30,
318 4051 362 4121 33,
374 4051 418 4122 34,
430 4051 474 4120 35,
486 4050 529 4121 36,
539 4051 583 4120 lo,
594 4051 630 4106 47
638 4050 700 4120 -49,
712 4051 755 4121 50,
765 4051 798 4106 51
810 4050 873 4106 sine
887 4049 959 4105 insi·
1001 4051 1074 4106 lium
1086 4055 1152 4106 orto
1163 4055 1223 4106 ost:
1237 4052 1338 4119 λόγων·
1351 4055 1575 4119 καταρτιζόμινος
1591 4054 1653 4118 τοὺς
1664 4056 1751 4120 πόδας

211 4136 264 4209 gni
274 4137 427 4208 varietate,
437 4135 495 4192 nisi
506 4136 669 4208 quodeov.
680 4138 715 4192 10
726 4136 848 4210 (Petrol.
859 4137 911 4191 172
920 4135 959 4208 A)
1002 4155 1051 4208 μου
1069 4141 1132 4193 onst
1148 4140 1263 4207 όλόφων,
1281 4141 1324 4191 διὰ
1334 4142 1361 4191 τί
1380 4141 1410 4192 ot
1427 4145 1507 4193 τοῦτο
1524 4143 1649 4206 διασαφεῖ
1664 4143 1751 4210 λόγων

212 4241 354 4298 suspensa
365 4223 456 4280 verbs
468 4227 672 4292 ίμφατυιώτατα
682 4228 735 4294 γὰρ
750 4226 799 4292 την
812 4226 959 4278 αατοίόασιν
1002 4228 1072 4294 ίξης.
1090 4228 1143 4279 Καὶ
1159 4227 1228 4279 ὀπί...
1240 4225 1277 4280 In
1288 4241 1316 4280 ν.
1329 4225 1363 4280 et
1373 4223 1436 4280 nod.
1449 4229 1551 4280 noster
1564 4225 1692 4299 Didymo
1704 4225 1753 4282 de-

213 4315 302 4377 αὐτοῦ,
314 4313 416 4366 ίιιλιντν
426 4313 579 4377 οὐρανούς...
592 4311 745 4382 requirunt
754 4329 819 4383 qum
831 4311 901 4366 fort.
913 4315 960 4383 ty·
1003 4311 1267 4375 dittotnm,totum
1276 4309 1371 4367 eidem
1380 4312 1511 4368 servavit
1522 4312 1619 4368 Maius
1629 4312 1692 4369 sine
1702 4330 1753 4372 να-

212 4397 342 4470 pothetoe
354 4397 550 4452 sustulerunt:
563 4400 710 4466 όπογρτίφιι
721 4403 764 4453 διὰ
773 4405 833 4453 τοῦ·
845 4401 957 4468 ίιιλινεν,
1002 4397 1318 4454 rietate.1nteresoum
1328 4397 1440 4452 nihilin
1451 4398 1550 4471 priore
1556 4398 1661 4471 psalmi
1667 4405 1753 4472 parts

215 4501 275 4539 oum
287 4485 410 4539 maximo
423 4482 495 4538 enim
517 4483 642 4554 emphasi
654 4485 811 4542 όιιοσιιουοι
831 4485 892 4554 ejus
909 4485 959 4557 (si-
1003 4484 1088 4540 nobis
1099 4483 1188 4542 vatio.
1210 4483 1245 4539 13
1255 4483 1404 4556 praestn'tit,
1425 4490 1528 4540 nostru
1548 4485 1691 4558 incipiunt
1713 4503 1751 4542 ex

215 4567 337 4640 gnificat
347 4566 426 4641 edd.)
435 4574 532 4623 cantat
544 4567 587 4624 όίτ
596 4570 699 4626 verbis:
709 4571 861 4627 Imlinaoit
871 4573 959 4628 οωίοτ.
1005 4570 1102 4628 Vatis.
1116 4570 1158 4625 16.

217 4656 310 4712 Panlo
322 4660 390 4728 post
402 4652 610 4710 ndlitterumG
622 4657 694 4712 tolle
706 4657 880 4712 vooulnmou
892 4663 961 4714 unte
1037 4675 1066 4714 ν.
1079 4657 1096 4711 6
1108 4662 1139 4712 et
1151 4655 1186 4711 16
1198 4672 1235 4710 ex
1247 4654 1310 4711 sod.
1323 4671 1389 4727 quoe
1405 4655 1578 4730 compendia
1589 4658 1663 4714 sotis
1685 4675 1750 4730 per·

214 4745 344 4812 λανθάνοι,
350 4757 408 4813 quo
414 4757 518 4796 sensus
524 4757 612 4796 verus
618 4742 805 4814 pervertitur.
811 4743 880 4799 Alia
885 4744 962 4800 lunu-
1003 4742 1105 4816 spicue
1116 4745 1235 4796 aetstem
1247 4740 1393 4796 ethnicum
1402 4743 1530 4814 produnt
1542 4761 1607 4799 esse
1615 4744 1751 4800 vicinum.

218 4847 258 4886 ne
267 4847 286 4884 ο.
294 4827 394 4884 oodioe
402 4823 624 4882 Montefeloonii
637 4828 775 4884 oriturnb
785 4827 870 4884 initio
879 4829 963 4886 eoho-
1040 4848 1068 4886 v.
1078 4830 1121 4885 26.
1132 4829 1179 4884 Ex
1191 4827 1254 4884 sod.
1264 4828 1301 4884 ef.
1314 4829 1407 4885 Field.
1419 4832 1522 4901 11,111,
1535 4831 1586 4886 ubi
1597 4833 1656 4887 nlin
1666 4832 1754 4889 leutio

215 4916 248 4972 lii
257 4916 289 4971 in
298 4932 326 4971 ν.
336 4915 380 4984 31,
398 4915 532 4982 ’Δμωμοη
544 4913 625 4984 lege:
643 4917 687 4970 διόι
703 4920 756 4970 τῶν
771 4922 962 4987 προτιρημίνων
1005 4915 1179 4990 Symmacho
1196 4913 1352 4986 tribuitur,
1374 4917 1468 4973 oodsx
1484 4924 1585 4976 noster
1608 4923 1754 4986 ίυτταιιίζων

214 5005 264 5072 την
276 5006 339 5057 όδόν
355 5006 403 5056 τοῦ
415 5001 484 5055 Θεοῦ
502 5003 610 5069 όμωμον
627 5006 693 5056 οίναι
709 5005 891 5070 ἀποφαίνεται.
903 5005 962 5060 Au·
1005 5001 1096 5058 habet
1109 5003 1216 5056 όσιυθιί
1225 5018 1276 5056 σοι.

214 5095 302 5162 getur
313 5089 382 5146 fort.
395 5105 412 5146 e
423 5093 526 5144 eontra
535 5087 567 5142 in
576 5087 641 5144 edd.
651 5087 795 5144 scholium
803 5107 831 5146 v.
841 5090 876 5146 35
885 5090 962 5164 prio-
1040 5107 1069 5146 v.
1082 5087 1125 5144 31.
1145 5087 1191 5142 Ex
1203 5087 1267 5144 eod.
1280 5087 1394 5145 Similis
1405 5089 1468 5146 fero
1481 5090 1615 5164 eduntur,
1629 5109 1755 5165 quorum

214 5176 297 5234 ribus
310 5175 409 5235 verbis
420 5177 486 5244 πρός
497 5178 598 5242 τούτοις
616 5191 708 5247 usque
720 5174 758 5232 ud
770 5181 963 5248 μαχησόμενον,
1006 5193 1040 5234 το
1051 5180 1154 5232 nostro
1162 5174 1300 5234 videntur
1312 5191 1377 5234 osse
1386 5175 1533 5250 glossema
1542 5183 1667 5238 uuotum.
