3966 6104
747 457 1114 526 NEOOAESARIENSIS
1138 504 1140 510 .
1639 464 1703 530 593

155 587 230 656 ἀλλ’
240 589 450 680 ἒγκατολέγει
463 594 584 674 τούτοις
598 597 654 661 καί
668 594 839 684 Αἴγυπτον,
850 600 906 664 καί
951 601 1010 665 sed
1025 601 1079 666 his
1101 607 1305 667 annumerat
1326 605 1361 668 et
1382 606 1578 688 AEgyptum,
1602 608 1638 669 et
1659 607 1703 668 E·

155 694 272 781 Ἐδθιμ,
287 699 343 762 καὶ
357 697 442 777 υἱοὺς
458 698 599 786 Ἀμμὼν,
615 703 670 766 καὶ
685 701 770 780 υίοὺς
793 701 904 787 nuso,
951 705 1039 786 dom,
1052 710 1086 771 et
1103 706 1192 771 filios
1211 710 1365 790 Ammon,
1382 713 1417 772 et
1431 707 1519 774 filios
1537 709 1645 789 Moab,
1664 713 1705 774 ut
1811 726 1815 731 ’

156 798 199 877 ῶς
212 800 335 879 πάντας
346 801 575 892 ἀπεριθμήτους
587 802 718 890 καρδίας
733 807 852 893 αύτῶν;
868 809 906 872 ό-
951 827 1067 874 omnes
1098 812 1352 877 incircumcisos
1381 812 1502 877 corde?
1527 815 1616 879 Num
1640 814 1704 878 hoe

155 924 197 989 ρα
211 906 274 991 γὰρ
288 906 429 972 τοιούτόν
443 929 474 972 τι
487 906 580 974 θέλει
594 909 691 975 εἰπεῖν
706 910 724 974 ὁ
738 909 843 998 λόγος,
854 910 906 976 ότι
950 930 1062 977 sermo
1086 914 1152 979 sibi
1182 918 1274 995 vult,
1300 918 1391 997 quod
1420 919 1533 994 legem
1564 917 1702 999 quidem
1720 939 1726 950 ·

154 1007 196 1094 δὴ
212 1008 340 1074 δοκοῦσι
357 1011 413 1097 μὶν
428 1013 513 1099 ἔχειν
528 1014 581 1080 τόν
596 1013 691 1099 νόμον
712 1016 766 1081 τόν
780 1023 837 1100 τῆς
851 1035 906 1080 πε-
950 1017 1218 1084 circumcisionis
1243 1020 1403 1084 videntur
1429 1020 1553 1086 habere
1580 1019 1644 1086 filii
1674 1024 1705 1085 I-

155 1122 287 1199 ριτομης
301 1111 331 1179 οἱ
345 1113 405 1180 uici
419 1113 561 1202 Ἰσραὴλ,
575 1117 665 1183 οὐδὲν
676 1117 712 1182 δὲ
724 1116 906 1204 διαφέρουσι
950 1123 1049 1202 srael,
1063 1122 1151 1187 nihil
1161 1115 1612 1190 autemdifferuntacaeteris
1621 1142 1704 1205 gen-

156 1223 219 1281 τῶν
240 1216 359 1282 λοιπῶν
381 1217 477 1284 ἐθνῶν
499 1229 560 1286 τῶν
583 1218 812 1306 ἀπεριτμητοιν,
828 1221 905 1286 ἀπε-
950 1224 1041 1288 tibus
1058 1243 1125 1289 non
1147 1227 1366 1307 circumcisis,
1389 1229 1455 1310 ipsi
1478 1245 1545 1292 non
1562 1231 1700 1294 recutiti
1746 1254 1753 1268 ’

158 1319 302 1408 ρίθμητοι
315 1322 403 1400 όντες
415 1324 470 1388 καί
481 1321 569 1389 αὐτοὶ
580 1327 636 1402 τὰς
647 1323 779 1410 καρδίας
792 1327 905 1410 αὐτῶν,
950 1329 1059 1408 corde,
1079 1346 1186 1411 quum
1209 1332 1438 1396 incircumcisi
1454 1333 1586 1396 malitie
1607 1334 1699 1398 sinti

159 1424 220 1490 ούκ
232 1423 483 1513 ἀποτετμημένοι
494 1430 551 1507 τδις
562 1425 686 1514 κακίας;
701 1427 797 1514 Ἀρα,
814 1433 905 1516 φημί,
949 1432 995 1496 Et
1008 1449 1130 1513 nonne,
1147 1435 1297 1514 inquam,
1321 1434 1377 1498 hic
1400 1437 1562 1500 orationis
1576 1453 1699 1518 scopus

157 1528 299 1594 τοιοῦτόν
312 1551 343 1594 τι
364 1529 462 1598 εἰπεῖν
485 1531 631 1618 βούλεται
646 1535 663 1598 b
679 1531 784 1619 λόγος,
806 1534 854 1600 ότι
876 1537 906 1601 ἔ·
949 1537 1148 1618 intenditur,
1160 1539 1251 1621 quod
1266 1539 1393 1603 habent
1408 1539 1546 1622 quidem
1558 1538 1622 1604 filii
1637 1542 1659 1605 J
1662 1558 1700 1603 u·
1796 1553 1800 1577 ¹

152 1653 247 1719 χουσι
263 1634 319 1720 μὶν
334 1634 498 1721 τὸνλόγον
519 1640 574 1701 τόν
590 1646 649 1722 της
663 1639 835 1725 περιτομῆς
850 1641 905 1706 καὶ
950 1641 993 1708 da
1007 1643 1274 1708 circumcisionis
1290 1649 1495 1726 praeceptum
1508 1637 1698 1726 caeteraqu'e

152 1738 195 1801 τδι
208 1735 304 1803 λοιπδι
318 1737 411 1836 λόγια
425 1749 481 1805 τού
496 1737 582 1806 Θεοῦ
598 1741 627 1807 οἱ
647 1742 706 1808 cici
722 1742 839 1826 Ἰούδα,
855 1745 905 1810 ού-
949 1745 1012 1808 Dei
1033 1748 1180 1828 oracula,
1198 1763 1265 1810 non
1281 1751 1395 1810 tamen
1406 1746 1535 1811 distant
1549 1747 1592 1811 ab
1607 1747 1695 1827 aliis,

153 1840 207 1906 δὲν
222 1839 279 1927 μέν
293 1862 343 1908 τοι
356 1842 539 1930 διαφέρουσι
549 1855 611 1914 τῶν
626 1847 686 1912 obs
701 1847 839 1934 ἑχόντων
850 1850 905 1915 τόν
950 1849 1012 1913 1λοί
1033 1851 1146 1930 legem
1168 1867 1237 1915 non
1256 1851 1471 1930 habentibus,
1493 1854 1641 1934 AEgypto
1664 1854 1699 1914 et

151 1943 248 2032 νόμον
262 1956 318 2013 τού
334 1944 429 2033 Θεοῦ,
446 1949 609 2036 Αἰγύπτου
624 1953 679 2018 καὶ
694 1952 811 2040 Ἐδῶμ,
830 1954 904 2023 υἱῶν
948 1953 1065 2037 Edom,
1081 1954 1163 2020 filiis
1178 1957 1333 2035 Ammon,
1346 1960 1380 2020 et
1393 1954 1475 2020 filiis
1491 1955 1613 2020 Moab?

153 2048 286 2136 Ἀμμῶν
300 2054 356 2117 καὶ
370 2052 445 2118 υἱῶν
459 2053 578 2141 neom
653 2139 656 2144 Ι
1245 2056 1248 2061 ’

195 2149 242 2222 Ἢ
258 2155 314 2243 μέν
330 2153 357 2242 ¹)
380 2179 459 2224 ποτε
481 2159 601 2238 πάντας
617 2161 696 2246 όμού
718 2182 903 2250 περιτετμη-
991 2163 1044 2224 An
1059 2178 1140 2227 vero
1156 2179 1273 2228 omnes
1288 2162 1392 2227 simul
1407 2161 1624 2226 circumcisos
1643 2178 1702 2227 no·

152 2256 265 2346 μένους
279 2261 382 2346 καλεῖ,
395 2265 433 2328 οθ
444 2264 539 2349 μόνον
550 2267 623 2342 τοὺς
633 2263 902 2351 Ἰσραηλίταςκαὶ
948 2263 1066 2346 minat,
1090 2281 1156 2329 non
1172 2267 1283 2330 solum
1309 2266 1479 2329 Israelitas
1503 2269 1537 2328 et
1552 2264 1700 2346 Judaecs,

149 2369 222 2444 τοὺς
244 2357 425 2450 Ἰουδαίους,
450 2367 534 2434 ἀλλὰ
556 2363 641 2456 bist)
665 2370 721 2434 καί
743 2371 785 2437 τδι
806 2371 904 2436 λοιπύι
947 2367 1006 2430 sed
1018 2372 1052 2432 et
1063 2370 1211 2451 reliquas
1228 2374 1359 2451 gentes,
1372 2375 1412 2432 ut
1423 2386 1464 2432 er
1475 2369 1600 2433 litteris
1612 2386 1698 2451 ques

149 2469 246 2555 ἔθνη,
277 2469 319 2549 ῶς
348 2471 444 2557 δηλοῖ
471 2475 527 2538 καὶ
554 2475 596 2538 τδι
624 2473 903 2562 ἀναγινωσκόμενα
947 2472 1106 2556 legimus,
1118 2475 1232 2555 palam
1247 2474 1361 2538 videre
1378 2475 1452 2537 cst?
1468 2476 1590 2538 Omnes
1606 2475 1698 2538 enim

148 2573 339 2661 γράμματα;
354 2576 476 2655 πάντας
490 2580 551 2664 γόιρ
566 2577 703 2644 όκόιλεσε
713 2599 899 2668 περιτετμη-
936 2576 1163 2642 'circumcisos
1174 2578 1319 2658 vocavit,
1331 2576 1477 2657 subJ'ecit
1487 2594 1586 2660 porro
1597 2580 1702 2661 AEgy·

149 2679 283 2764 μόνους,
315 2681 385 2746 εἶτα
414 2677 568 2760 ὑπέταξεν
596 2676 625 2766 ³)
656 2682 818 2770 Αἴγυπτον
846 2683 903 2749 καί
946 2686 1100 2762 ptum'ac
1114 2682 1240 2746 Judam
1255 2683 1638 2765 caeterasquenationes.
1655 2685 1702 2747 Et

145 2781 270 2850 Ἰούδαν
291 2786 347 2850 καὶ
367 2785 409 2851 τδι
430 2784 527 2850 λοιπόι
548 2784 633 2871 ἔθνη.
655 2786 721 2852 Καὶ
742 2795 809 2865 πῶς
834 2788 902 2874 ἐστ,
947 2784 1113 2865 quomodo
1128 2787 1205 2866 quis
1220 2786 1386 2869 probabit,
1399 2803 1516 2852 omnes
1531 2787 1614 2852 istos
1629 2787 1697 2852 dici

147 2889 372 2976 προσαχθῆναι
384 2889 507 2968 πάντας
522 2891 750 2970 αὐτούςιιίπεῐν
763 2913 902 2979 περιτετ-
945 2904 1044 2970 110886
1059 2889 1300 2955 circumcisos?

151 2991 328 3080 νυνένουιι

192 3095 305 3162 Πάντα
330 3097 371 3162 τδι
396 3095 611 3185 ὀνομασθέντα
632 3099 735 3166 ταῦτα
756 3100 832 3188 ἔθνη
859 3103 901 3170 rb
990 3101 1113 3164 Omnes
1135 3099 1313 3181 praedictas
1327 3099 1482 3164 nationes
1502 3101 1532 3166 si
1555 3101 1633 3183 qnia
1655 3100 1698 3164 ab

147 3198 350 3286 προκείμενα,
367 3201 455 3280 εἴτις
472 3201 590 3268 όνυθεν
606 3202 835 3291 συλλογίζοιτο,
850 3208 901 3272 εύ-
944 3205 1086 3286 antiqua
1101 3205 1236 3283 origine
1251 3206 1402 3286 colligat,
1419 3207 1578 3271 escmine
1594 3205 1698 3272 Abra-

148 3325 196 3390 ροι
211 3305 251 3371 δν
266 3305 305 3370 ἐκ
318 3304 497 3392 σπέρματος
512 3305 670 3393 Ἀθραόιμ.
683 3300 832 3394 Ἀθρόιὰμ
843 3331 898 3376 πε-
944 3307 998 3370 hae
1013 3312 1103 3370 ortus
1115 3307 1275 3371 inveniet.
1288 3307 1459 3373 Abraham
1475 3310 1696 3374 circumcisus

146 3408 299 3496 ριετμηθη
323 3409 367 3476 ῶν
391 3411 469 3476 ἑτῶν
492 3410 586 3477 ἐννέα
607 3414 663 3477 καί
680 3409 898 3499 ἐννενήκοντα
944 3413 996 3474 est
1017 3412 1208 3489 nonaginta
1222 3427 1344 3475 novem
1360 3429 1467 3476 annos
1490 3417 1601 3494 natus,
1621 3414 1693 3496 ipse

147 3513 242 3592 αὐτός
258 3515 314 3579 καί
329 3513 358 3579 οἱ
372 3513 433 3579 υίοί
447 3513 556 3595 αὐτού,
570 3514 706 3603 Ἰσμαὴλ
717 3517 771 3582 καὶ
783 3517 898 3597 πάντες
944 3519 978 3579 et
989 3513 1053 3578 filii
1065 3514 1149 3596 ejus,
1159 3517 1291 3597 Ismael,
1300 3533 1483 3598 omnesque
1495 3519 1562 3581 viri
1573 3518 1695 3594 domus

146 3616 176 3682 ct
192 3617 303 3703 ἄνδρες
316 3627 373 3683 τού
387 3618 475 3684 οἴκου
488 3618 701 3701 αύτού,κα1οἱ
713 3621 895 3706 οἰκογενεῖς,
943 3618 1027 3701 ejus,
1055 3620 1183 3701 quique
1206 3619 1305 3683 domo
1327 3621 1410 3702 neti,
1434 3623 1563 3703 quique
1589 3623 1694 3703 empti
1759 3609 1772 3668 ,¹

145 3722 202 3787 καὶ
216 3721 245 3785 οί
259 3722 476 3809 ἀργυρόνητοι,
494 3722 523 3788 οἱ
538 3723 571 3803 ἐξ
590 3722 771 3811 ἀλλογενῶν
786 3725 897 3794 ἐθνῶν·
941 3725 1050 3806 pretio
1065 3741 1107 3787 ex
1121 3724 1243 3787 alienis
1257 3724 1464 3804 nationibus,
1480 3724 1695 3816 circumcidit

145 3823 329 3913 περιέτεμεν
352 3826 474 3905 αὐτούς.
499 3827 610 3895 Ταῦτα
628 3829 691 3915 γόιρ
710 3829 761 3895 ἐπὶ
781 3828 897 3909 λόξεῶς
942 3846 1008 3894 eos:
1021 3829 1092 3894 haec
1104 3829 1195 3893 enim
1207 3830 1334 3912 apertis
1348 3831 1462 3895 verbis
1476 3832 1643 3910 leguntur
1657 3831 1694 3895 in

144 3930 187 3996 τοὶ
212 3929 480 4018 ἀναγεγραμμένα
502 3932 538 3997 ἒν
556 3941 596 4018 τῇ
618 3931 744 3998 Γενὲσει
758 3929 797 4018 ί).
821 3933 895 4012 Πῶς
941 3934 1075 3998 Genesi.
1089 3932 1260 4008 Quomodo
1272 3933 1382 4012 igitur
1393 3933 1436 3998 ad
1446 3935 1625 4016 AEgyptios
1640 3934 1695 3998 de-

143 4035 200 4102 ούν
215 4033 266 4102 ἐπ’
276 4033 467 4123 Αἰγυπτίους
482 4035 699 4123 καταβιθίιζει,
714 4038 770 4102 καί
785 4035 835 4102 ἐπ’
844 4037 895 4104 Ἐ-
940 4039 1044 4121 ι1υο11,
1058 4043 1093 4102 et
1106 4037 1149 4102 ad
1161 4037 1278 4120 Edcm,
1291 4042 1325 4102 et
1336 4037 1378 4102 ad
1391 4038 1478 4102 filios
1489 4038 1597 4120 Moab,
1606 4043 1640 4103 et
1651 4039 1694 4104 cd

142 4139 221 4224 δῶμ,
238 4141 293 4209 καί
303 4141 355 4206 ἐπὶ
365 4140 450 4218 υἱοὺς
462 4139 572 4222 Μῶόιό,
584 4142 639 4206 καί
650 4141 702 4206 ἐπὶ
713 4140 797 4220 υἱούς
813 4140 892 4228 Ἀρ·
940 4142 1028 4208 filios
1043 4145 1198 4223 Ammon,
1213 4145 1530 4208 circumcisionem?
1545 4146 1694 4210 Circum·

143 4243 210 4329 μῶν
231 4246 291 4330 την
320 4243 509 4332 περιτομηνς
538 4243 767 4331 Περιτότμηται
795 4246 853 4330 μὲν
874 4247 892 4312 ό
939 4251 1030 4313 cisus
1048 4267 1129 4313 sane
1148 4250 1281 4328 ismael,
1301 4249 1354 4311 uti
1376 4248 1458 4329 dixi,
1475 4251 1621 4327 urgente
1644 4250 1691 4313 le-

140 4345 287 4434 Ἰσμαίγλ
304 4345 347 4427 ῶς
368 4351 459 4435 ἔφην,
482 4349 567 4414 κατδι
588 4349 693 4434 νόμον,
719 4350 893 4436 τρισκαιδε-
939 4369 994 4432 ge,
1011 4370 1140 4416 annum
1162 4353 1298 4416 circiter
1317 4369 1425 4432 agens
1447 4353 1588 4416 tertium
1603 4352 1692 4416 deci-

141 4451 262 4537 καετής
277 4472 339 4518 που
354 4453 407 4536 ῶν,
424 4452 526 4538 οίαδη
540 4451 605 4530 υἱός
620 4452 663 4520 ὢν
675 4463 731 4518 τού
742 4451 892 4541 Ἀθραόιμ
938 4474 1044 4538 mum,
1060 4460 1100 4520 nt
1114 4456 1259 4522 Abrahae
1281 4455 1374 4521 filius
1392 4474 1434 4520 cx
1449 4457 1576 4521 ancilla
1589 4459 1692 4540 AEgy·

140 4555 180 4622 ἐκ
208 4566 266 4643 τῆς
288 4555 400 4642 Ἀγαρ
427 4565 485 4644 της
510 4555 681 4641 παιδίσκης
708 4565 766 4643 της
796 4556 893 4646 Αίγυ-
938 4561 1010 4642 ptia
1025 4561 1129 4638 Ager.

141 4659 242 4739 πτίας.

184 4764 250 4832 Καὶ
266 4765 332 4854 μετ’
342 4763 445 4858 όλίγα.
462 4766 528 4832 Καί
542 4766 735 4854 κατῳκίσθη,
748 4771 854 4855 μησίν,
870 4771 888 4837 ό
979 4767 1025 4834 m
1038 4764 1390 4848 paucissimorum:
1416 4767 1489 4830 «Et
1504 4765 1683 4845 habitavit,

139 4867 277 4957 Ἰσραὴλ
291 4871 325 4936 ἐν
338 4879 379 4956 τῇ
394 4867 512 4956 ἐρήμη),
532 4873 587 4940 καί
608 4869 734 4958 ἐγένετο
748 4872 890 4960 τοξότης,
936 4873 994 4954 eit,
1007 4873 1130 4936 ismael
1145 4871 1180 4934 in
1191 4869 1387 4951 solitudine,
1399 4875 1434 4934 et
1445 4871 1554 4936 iactus
1569 4875 1621 4935 est
1635 4889 1687 4934 ss·

175 5109 203 5178 1)
216 5109 249 5162 m
260 5111 297 5178 μή
309 5125 375 5162 ποτε
388 5107 486 5165 Ottob.
962 5106 1433 5176 ·3)Ἰο1.καθυκόταξιν,ουι.ι1τα.

173 5195 296 5263 2)Ἀλλ’
305 5196 358 5264 ἠδη
370 5193 409 5251 id.
971 5195 1001 5265 4)
1015 5193 1088 5252 Gom
1099 5193 1232 5264 xru,23.
