4044 6104
814 383 816 386 ’
872 403 1076 473 eusenius
1680 404 1751 470 ιιυ

198 539 353 608 λωπέκων
375 541 518 609 ἔσονται·
543 538 577 608 έν
591 541 654 627 γὰρ
675 550 740 620 τοῖς
754 540 948 623 κατωτύτοις
992 547 1111 628 gladii,
1132 551 1245 628 partes
1268 546 1423 629 vulpium
1439 551 1548 612 erunt.
1562 569 1581 608 υ
1604 547 1742 613 Etenim

198 657 257 734 τῆς
271 655 333 734 γῆς
344 645 412 712 ἐστι’
424 668 470 725 τις
481 645 621 734 ῥομφαία
633 646 786 732 θανάτου,
798 649 853 713 καί
865 645 949 735 μερί·
993 651 1029 715 in
1045 651 1261 716 inferioribus
1276 656 1374 715 terrae
1388 658 1469 715 eunt
1483 670 1606 716 monus
1621 652 1741 733 gladii,

198 749 252 827 δες
273 751 350 817 εἰσιν
373 748 567 832 ἀλωπέκων,
591 751 706 828 αἵτινες
728 751 812 836 ῆσαν
842 750 875 818 αἱ
893 754 948 817 αθ
993 759 1027 820 et
1041 760 1152 838 partes
1168 758 1335 838 vulpium,
1352 775 1428 839 qum
1450 759 1531 838 ipsae
1546 761 1628 821 sunt
1651 759 1742 821 intro

198 855 251 918 ταί
272 861 341 931 ταῖς
363 864 419 919 τού
441 854 585 920 θανάτου
607 864 736 941 νομαῖς·
751 855 793 934 ὡς
814 859 876 943 γὰρ
892 878 949 943 μο-
993 863 1151 926 interitus
1173 867 1276 942 septa.
1305 863 1401 926 Sicut
1430 864 1522 926 enim
1550 862 1743 926 mansiones

196 957 249 1024 ναί
270 957 386 1024 πολλαί
407 961 496 1044 παρὰ
516 957 737 1046 collucebat
758 971 822 1039 τοῖς
846 967 953 1049 μακα-’
992 966 1109 1030 multae
1135 971 1215 1029 sunt
1241 966 1331 1048 apud
1357 968 1501 1047 Patrem,
1528 985 1605 1049 quae
1631 967 1740 1032 beatis

197 1057 274 1144 ρίοις
303 1063 359 1128 καί
388 1060 569 1147 θεοφιλέσιν
598 1061 838 1149 ἡτοιμασμένοι,
865 1068 947 1132 οθτω
993 1075 1027 1133 et
1041 1071 1103 1134 Dei
1115 1070 1233 1134 amicis
1248 1075 1445 1151 preparata
1460 1074 1550 1150 suut,
1568 1070 1616 1133 ita
1626 1075 1740 1152 partes

197 1161 313 1228 πολλαὶ
337 1161 458 1250 μερίδες
481 1173 542 1230 τῶν
559 1164 681 1230 eccene
703 1165 738 1231 έν
760 1175 826 1245 τοῖς
848 1189 948 1234 κατα·
992 1174 1109 1238 multae
1125 1176 1245 1256 impios
1258 1176 1294 1238 in
1306 1175 1447 1239 inferuis
1463 1175 1662 1254 regionibus
1673 1189 1751 1237 me··

199 1264 336 1351 χθονίοις
357 1267 575 1353 τυγχάνουσιν.
600 1267 702 1333 Τοῦτο
718 1269 753 1333 δέ
769 1268 862 1356 μόνον
877 1291 949 1356 κερ-
991 1283 1084 1342 nent.
1100 1281 1170 1343 Hoc
1185 1280 1326 1344 nnioum
1338 1281 1473 1343 lucrum
1484 1282 1579 1344 visus
1591 1281 1643 1343 est
1657 1278 1741 1342 inie-

200 1368 316 1436 δοιίνειν
331 1369 435 1449 ἔδοξεν
448 1369 466 1435 δ
481 1369 588 1448 ἅθλιος
604 1369 667 1435 ἀπὸ
678 1379 733 1436 τοῦ
745 1370 882 1438 πλούτου
894 1374 949 1438 αύ-
993 1382 1043 1446 lix
1065 1399 1108 1445 ex
1130 1383 1250 1464 opibus
1278 1384 1450 1465 consequi,
1474 1384 1623 1446 animam
1650 1381 1746 1446 dece·

200 1484 267 1558 τοῠ,
280 1477 316 1540 τὸ
332 1474 533 1561 ἀπατηθῆναι
544 1477 602 1564 τῆν
614 1475 730 1562 ψυχὴν,
743 1476 776 1543 έν
787 1486 827 1563 τῆ
842 1477 948 1566 θνητῇ
992 1490 1085 1567 ptam
1101 1485 1205 1550 fuisse
1222 1487 1258 1550 in
1274 1485 1338 1550 hac
1355 1486 1489 1578 mortali
1506 1490 1540 1549 et
1554 1486 1681 1550 caduca
1693 1485 1743 1550 vi-

197 1581 253 1645 καί
268 1577 450 1666 προσκαίρῳ
465 1580 542 1666 ζωῆ,
555 1580 691 1661 δόξασαν
704 1577 850 1670 εὐλογίας
864 1586 947 1661 τινὸς
992 1593 1038 1670 ta,
1050 1594 1092 1653 ut
1112 1608 1189 1672 ηοω
1204 1592 1375 1671 putaverit
1389 1589 1513 1654 factem
1528 1607 1613 1670 esee
1628 1589 1670 1653 ab
1693 1590 1744 1653 in-

197 1683 420 1771 μετειληρέναι
442 1686 530 1771 παρα
555 1695 620 1763 τοῐς
646 1685 808 1771 ἀνοήτοις·
835 1684 857 1771 ἡ
883 1690 946 1774 γὰρ
993 1695 1196 1776 eripientibus
1211 1693 1389 1774 cujusdam
1404 1692 1649 1758 benedictionis
1667 1707 1751 1774 par··

197 1788 321 1876 ἀληθὴς
336 1785 500 1876 εύλογίαή
516 1789 713 1876 πνευματική
729 1790 813 1857 ἐστιν
829 1790 862 1857 έν
881 1799 945 1872 τοῖς
993 1798 1141 1879 tioipem.
1165 1797 1302 1860 Etenim
1325 1815 1407 1860 vera
1429 1796 1618 1860 benedictio
1644 1796 1742 1877 spiri·

196 1891 400 1979 ἐπουρανίοις.
423 1894 555 1975 Ἴθδοξεν
571 1904 648 1982 γοῦν
663 1896 680 1961 δ
696 1895 803 1975 ἄθλιος
821 1897 855 1964 ἐν
873 1897 946 1963 τού-
994 1903 1098 1966 tualis
1114 1903 1217 1966 estin
1237 1901 1441 1965 coelestibus.
1458 1899 1581 1964 Infelix
1596 1917 1679 1978 ergo
1706 1899 1749 1964 in-

197 2018 263 2078 τοις
274 1999 467 2084 εὖπράττειν
478 2002 533 2065 καί
544 2011 599 2066 τοῦ
610 1999 764 2086 παρόντος
777 2000 948 2067 ἀπολαύειν
992 2005 1084 2069 hisce
1100 2005 1248 2084 negotiis
1264 2005 1447 2069 aestimavit
1463 2022 1499 2068 ee
1523 2005 1608 2068 bene
1623 2021 1737 2084 agere,

197 2100 282 2189 βίου,
304 2104 360 2169 καί
383 2101 612 2190 μακαρίζεσθαι
633 2104 694 2170 ύπδ
720 2113 781 2170 τῶν
807 2105 946 2174 πολλῶν.
994 2113 1029 2174 οι
1049 2111 1207 2191 praesenti
1230 2111 1302 2172 vito
1324 2108 1403 2188 frui,
1419 2112 1454 2171 et
1475 2125 1496 2170 a
1519 2105 1739 2170 multitudine

197 2205 265 2274 lile'
278 2206 352 2294 ἑξῆς
366 2208 488 2285 τούτοις
502 2207 699 2297 έπιλέγεται·
991 2213 1129 2278 beatum
1151 2213 1338 2296 praedicari.
1369 2215 1519 2291 Pergens
1547 2210 1659 2275 dicere
1684 2210 1739 2275 his

992 2316 1190 2398 subjungit:
1746 2359 1748 2364 ι

235 2401 273 2480 'v.
290 2419 340 2501 19,
357 2417 410 2484 20.
426 2414 716 2506 Ἐξομολογήσεταί
736 2440 796 2506 σοι,
818 2419 895 2490 ὅταν
911 2423 947 2489 ἀ·
1037 2438 1068 2484 v.
1087 2422 1138 2502 19,
1154 2422 1207 2485 20.
1228 2417 1435 2504 Certfltebitee·
1449 2417 1519 2499 tili,
1534 2421 1687 2502 qnoniam
1697 2419 1745 2485 be-

195 2519 332 2606 γαθύνης
347 2519 441 2608 αύτῷ.
453 2522 677 2590 Είσιλεύοεται
692 2524 751 2603 έως
762 2535 874 2612 γενεᾶς
888 2549 948 2594 πα-
991 2523 1160 2607 defeceris
1174 2524 1214 2590 ei.
1231 2523 1387 2589 Iatroitit
1396 2541 1497 2605 reoque
1515 2525 1744 2608 ioproqceiero

196 2621 295 2711 τέρων
310 2623 418 2709 αὐτοῦ,
437 2624 496 2704 ἕως
511 2627 623 2705 αἰῶνος
637 2629 696 2693 οὐκ
710 2629 822 2714 ὄψεται
837 2639 913 2716 φῶς.
985 2633 1124 2710 petrem
1147 2645 1289 2709 cecorum,
1322 2629 1482 2711 creceio
1507 2631 1660 2693 eteraom
1681 2646 1745 2694 ιιοιι

990 2730 1110 2799 ridebit
1125 2733 1243 2798 ecee.

239 2832 296 2914 Ὣς
317 2835 380 2922 γὰρ
399 2837 463 2921 τὴνΙ
473 2845 638 2920 παροῦσαν
652 2834 739 2924 ζωῆν
755 2835 854 2924 μόνην
880 2837 947 2904 ἐπι·
1036 2838 1081 2904 Ut
1096 2839 1188 2903 enim
1201 2839 1230 2902 is
1242 2837 1302 2921 qui
1317 2837 1424 2901 solam
1437 2836 1531 2899 novit
1541 2839 1744 2917 praesentem

193 2939 359 3028 στέμενος,
374 2942 430 3008 καί
442 2945 500 3029 τῆν
515 2941 549 3007 ἐν
565 2941 725 3027 αἰσθητοῖς
741 2944 796 3009 καί
811 2959 946 3030 σωματι-
991 2943 1107 3024 vitam,
1130 2959 1193 3006 neo
1210 2942 1277 3005 nisi
1299 2943 1445 3004 stantem
1469 2940 1505 3003 in
1519 2938 1618 3002 bonis
1640 2957 1744 3004 sensu

193 3055 261 3124 κοῐς
283 3045 431 3135 εὐλογίαν
448 3047 465 3112 δ
481 3047 667 3133 προλεχθείς
689 3047 848 3131 πλούσιος,
864 3048 947 3114 ἐπει·
990 3053 1024 3114 et
1046 3064 1183 3130 corpore
1210 3047 1319 3110 obviis
1346 3043 1625 3124 benedictionem,
1648 3043 1747 3109 dives

194 3147 253 3214 δαν
264 3147 381 3235 χαρίζῃ
392 3171 423 3214 τι
434 3148 519 3236 αύτῷ
531 3150 585 3215 καί
596 3146 749 3236 παρέχῃς,
758 3150 828 3216 τότε
840 3172 890 3217 σοι
900 3161 945 3238 τῷ
990 3153 1030 3216 de
1046 3169 1113 3233 quo
1128 3153 1263 3214 locutus
1278 3167 1365 3229 sum,
1378 3148 1408 3213 ei
1419 3147 1504 3212 forte
1520 3150 1552 3214 el
1568 3153 1607 3211 tu
1618 3146 1745 3232 [Domi-

193 3250 275 3338 Θεῷ,
290 3255 391 3339 ῆγουν
412 3255 467 3318 καὶ
483 3253 644 3339 ἀνθρώπῳ,
665 3253 836 3341 παρέχοντι
860 3256 945 3343 αύτῷ
989 3253 1054 3339 ne],
1067 3255 1149 3336 quid
1171 3258 1309 3334 gratum
1329 3252 1412 3317 ieeis
1436 3256 1470 3316 et
1489 3252 1637 3333 largiris,
1660 3257 1745 3318 tuno

195 3357 252 3432 τύις
264 3359 341 3442 πρὸς
351 3355 471 3443 ἡδονὴν
482 3357 626 3443 χάριτας,
639 3356 946 3445 ὁμολογήσειΚατδι
989 3361 1053 3424 tibi
1065 3361 1143 3439 Deo,
1160 3376 1221 3422 seu
1240 3357 1380 3436 homini,
1397 3357 1457 3436 qui
1473 3357 1524 3420 illi
1540 3355 1671 3420 confert
1686 3375 1743 3420 νο-

193 3459 230 3525 bi
242 3461 295 3525 τὸν
306 3458 481 3545 Σύμμαχον
501 3457 595 3543 έτέρα
607 3459 796 3545 παρίσταται
811 3461 944 3546 διάνοια,
989 3462 1161 3542 luptatum
1173 3460 1322 3540 delicias,
1331 3459 1556 3524 confitebitur.
1570 3461 1634 3523 Sed
1641 3459 1743 3539 Juxto
1855 3483 1860 3491 ·

194 3564 365 3650 εἰρηκότα·
395 3562 632 3630 Ἐπαινέσουσίν
663 3585 714 3649 σε,
752 3564 809 3630 ἐὰν
838 3563 945 3642 καλῶς
988 3562 1229 3646 Symmachum
1245 3562 1313 3625 alio
1338 3567 1477 3644 praestat
1498 3563 1677 3640 sententie,
1705 3563 1742 3627 in
1792 3612 1794 3616 .
1838 3621 1840 3626 ,

87 3651 92 3662 ’
194 3669 330 3755 ποιήσῃς
352 3678 485 3756 σεαυτῷ.
508 3669 586 3735 Ἐὰν
612 3670 684 3755 γὰρ,
708 3669 795 3753 φησί,
819 3677 942 3755 σεαυτῷ
989 3667 1190 3730 haecverbn:
1206 3664 1398 3730 θοιιιίούιιοι
1412 3669 1452 3745 te,
1478 3667 1510 3730 oi
1524 3665 1598 3729 beree
1617 3665 1743 3730 tibimet

193 3772 310 3861 χαρίζη
327 3777 381 3839 καί
397 3772 561 3858 ἀπολαύης
574 3781 632 3858 τῆς
647 3771 810 3856 παρούσης
825 3770 943 3857 ἡδονῆς
979 3769 1114 3854 feceris.
1137 3772 1283 3850 Etenim,
1306 3770 1365 3850 eit,
1388 3771 1417 3833 ei
1439 3774 1478 3833 ιιι
1501 3771 1648 3849 gretiam
1675 3771 1741 3834 tibi

195 3879 323 3964 καὶτῆς
339 3887 395 3944 τοῦ
417 3877 555 3943 πλούτου
569 3874 758 3961 περιουσίας,
778 3875 895 3953 πάντες
909 3896 947 3941 σε
988 3875 1130 3957 confers,
1142 3893 1182 3938 ac
1197 3874 1319 3938 frueris
1333 3875 1492 3955 presenti
1510 3874 1684 3955 voluptate
1708 3877 1745 3937 et

196 3991 412 4069 μακαριούσιν,
435 3980 490 4046 καὶ
517 3979 731 4063 ἀποδέξονται,
762 3978 804 4058 br
834 3979 944 4065 τύρρο·
988 3980 1186 4045 divitiarum
1208 3979 1314 4060 copia,
1331 3995 1447 4041 omnes
1466 3981 1499 4040 te
1527 3976 1660 4043 felicem
1676 3978 1745 4041 ole-

126 4147 127 4152 ,
193 4095 318 4167 νοῠντα,
340 4087 396 4150 καί
415 4084 522 4163 καλῶς
544 4081 758 4170 διατιθέμενον
779 4085 839 4170 τὴν
855 4103 946 4150 σεαυ-
989 4085 1141 4166 mabunt,
1153 4090 1188 4148 et
1212 4082 1446 4166 praedicabunt
1463 4086 1503 4145 ut
1517 4082 1631 4145 virum
1651 4073 1754 4145 eanae'

195 4197 251 4255 τοῦ
267 4188 363 4275 ζωὴν,
377 4188 451 4275 μηδ’
462 4187 579 4274 ἑτέροις
589 4188 631 4253 τὰ
641 4196 759 4254 σαυτοῦ
771 4186 946 4274 ἁγαθὰκα·
989 4190 1114 4255 mentis
1146 4189 1321 4271 vitamque
1347 4193 1442 4252 tuam
1473 4188 1614 4268 egregie
1648 4188 1745 4251 iusti·
1852 4211 1858 4224 ·

196 4291 444 4378 ταλιμπύινοντα.
989 4296 1153 4373 tuentem,
1187 4307 1298 4372 neque
1327 4292 1457 4356 oaeteris
1492 4291 1743 4372 relinquentem

990 4396 1078 4459 bona
1093 4398 1154 4458 tua
1168 4393 1367 4477 capescendi
1382 4393 1589 4457 facultatem.

243 4481 388 4586 Ἑξῆςδέ
403 4496 525 4585 ὁλύγος
535 4496 641 4584 ρησίν·
651 4497 875 4568 Εἰσελεύσεται
887 4497 946 4578 ἕως
1033 4501 1184 4578 Per-gens
1194 4504 1313 4568 autem,
1324 4499 1429 4564 series
1440 4498 1504 4562 ait:
1517 4497 1674 4562 retroieit
1687 4514 1743 4564 αν-

195 4612 308 4690 γενεᾰς
324 4601 468 4688 πατέρων
490 4603 598 4688 αὐτοῦ,
614 4603 674 4682 ἕως
688 4613 744 4670 τοῦ
760 4604 872 4684 αἰῶνος
887 4603 947 4669 ούκ
990 4620 1051 4685 que
1071 4603 1108 4666 ιἰι
1123 4602 1311 4686 prodentem
1325 4606 1462 4684 petrem
1480 4619 1625 4682 reorum,
1643 4617 1745 4685 resque

195 4709 308 4795 ὄψεται
322 4717 397 4794 φῶς.
413 4707 509 4779 Κατὰ
519 4707 555 4772 δέ
564 4709 619 4774 τὸν
630 4707 820 4795 Σύμμαχον·
835 4707 944 4774 ’Eleo-
990 4708 1028 4772 e'e
1042 4711 1196 4772 eterowm
1206 4722 1271 4771 ιιοιι
1282 4706 1402 4772 ‘redebit
1415 4707 1532 4772 ῖιιιιιοιι.
1544 4706 1746 4786 Symmacho

196 4833 238 4897 ση
254 4811 313 4890 ἕως
327 4819 438 4898 γενεᾶς
460 4807 605 4897 πατέρων
621 4809 728 4875 αύτοῠ·
752 4809 952 4876 διατελέσου-’
991 4814 1106 4873 autem
1121 4810 1320 4891 interprete:
1336 4808 1409 4876 Itis
1430 4827 1530 4891 eeqeee
1544 4809 1588 4874 ed
1608 4826 1744 4894 cenero-

198 4937 249 4982 σιν
271 4915 308 4979 ού
324 4911 493 5002 βλέποντες
516 4922 590 5000 φῶς.
610 4907 648 4980 ¹0
663 4916 726 5002 γὰρ
745 4923 848 4981 ταῦτα
862 4914 956 4982 ένθυ-’
992 4917 1109 4982 tieem
1119 4918 1258 4998 peccem
1276 4915 1403 4998 ι’,οεέιιες
1419 4915 1745 4998 pernumerem

231 5139 260 5178 v.
273 5121 316 5190 19,
328 5120 372 5175 20.
385 5118 431 5175 Ex
449 5113 514 5175 eod.¹
527 5118 596 5176 Vnt„
610 5118 651 5178 13.
665 5117 709 5178 cf.
722 5117 816 5178 Field.
837 5135 868 5191 n,
886 5120 947 5190 172,
993 5118 1044 5178 ubi
1056 5124 1155 5179 exstet
1167 5121 1270 5190 ίλεύοη.
1283 5117 1376 5178 Paulo
1389 5118 1523 5178 ιιιιοιὶοτε
1533 5121 1638 5178 noema
1650 5125 1729 5178 eunt.

275 5226 428 5272 ιιιιοιοτι
447 5227 491 5286 ιιι,
511 5211 559 5270 λθ.
