3966 6108
296 465 361 530 sse
977 434 1185 536 οιιιιιιιιιιιιι

276 659 279 673 .
295 607 382 670 tium
406 607 490 671 mihi
507 606 581 672 lieri
603 607 738 672 laetatus
767 611 983 690 sum,statim
1007 616 1047 675 ut
1091 611 1205 676 curre?
1224 611 1288 676 Ubi
1304 612 1560 678 Samaritanus?
1576 611 1640 678 Ubi
1656 611 1844 678 Hebraeus‘.²

295 710 331 774 in
348 729 470 776 manus
482 729 574 776 meas
589 730 712 778 venere
732 715 773 778 cl.
786 713 906 778 Nieldii
918 713 985 778 duo
997 715 1047 778 iu·
1094 713 1159 778 Ubi
1177 715 1282 796 Syrus
1290 707 1340 798 ⁷)t
1354 717 1398 779 Et
1413 717 1449 779 in
1464 717 1603 781 scholiis
1618 718 1846 799 interpretum

295 820 417 894 gentes
440 817 533 897 tomi,
558 817 669 899 operis
696 819 804 898 pretio
828 835 929 898 quam
957 818 1045 880 mole
1093 835 1169 898 quae
1181 824 1374 898 supersunt,
1384 824 1468 901 quot
1477 821 1629 901 pericula
1642 837 1794 885 errorum
1808 821 1848 884 in

293 937 358 983 sna
374 922 634 1002 prestantiores.
653 917 835 986 Enimvero
854 923 954 1003 plura
968 922 1045 1001 quis
1094 919 1329 1002 permutandis
1355 924 1488 987 levibus
1517 903 1631 1002 siglis'
1643 925 1850 988 nominum?

295 1024 434 1104 valebit,
447 1030 481 1087 et
492 1024 520 1087 si
533 1023 597 1088 hac
608 1024 747 1088 dextera
758 1041 843 1106 opus
854 1024 897 1088 ad
909 1025 1044 1088 culmen
1091 1029 1175 1106 quot
1188 1027 1332 1090 vulnera
1348 1027 1383 1090 in
1394 1008 1515 1108 obelis,
1528 1029 1708 1108 asteriscis,
1725 1029 1850 1092 lemni-

294 1143 362 1191 non
378 1126 523 1208 ducitur,
539 1129 633 1210 quali
649 1146 754 1192 mann
768 1131 836 1193 alia
853 1131 1046 1211 imponetur
1088 1130 1155 1194 scis
1171 1130 1375 1193 insanabilia
1389 1147 1432 1194 ex
1447 1135 1498 1194 tot
1520 1133 1781 1196 amanuensium
1793 1133 1850 1196 in·

296 1231 499 1310 fastigium?
1089 1235 1276 1315 ouria,sive
1288 1235 1380 1316 apud
1388 1236 1531 1316 Graeoos,
1544 1237 1616 1301 sive
1627 1236 1849 1318 apudOrieu·

337 1335 410 1400 Nisi
421 1333 522 1416 quod,
537 1352 580 1400 ne
591 1333 626 1424 id
639 1335 752 1400 minue
764 1334 978 1400 dissimulare
989 1351 1051 1399 ve·-
1089 1335 1201 1400 tales?
1215 1339 1384 1402 Preterea
1398 1339 1492 1420 quali
1515 1356 1594 1402 cum
1609 1339 1668 1404 filo
1683 1339 1849 1404 ariadneo

293 1440 365 1517 lim,
392 1438 435 1501 ab
463 1439 599 1516 integra
625 1439 853 1520 Hexaplornm
877 1439 1045 1502 instaura·
1090 1441 1257 1504 extricare
1278 1443 1391 1506 varias
1414 1443 1587 1506 variorum
1608 1442 1764 1506 codicum
1779 1443 1851 1507 lec-

292 1545 384 1607 tione
407 1541 654 1624 desperandum
680 1544 735 1606 sit.
759 1544 844 1618 Nam
877 1543 973 1608 abest
994 1560 1046 1606 ar-
1090 1545 1210 1624 tiones,
1220 1543 1344 1624 qnae‘in
1354 1546 1570 1624 marginibus
1583 1563 1653 1608 una
1663 1563 1741 1610 cum
1753 1547 1850 1612 notis

292 1647 460 1730 chetypon
476 1646 684 1725 hebraicum,
705 1647 837 1728 quales
852 1663 924 1710 axx
940 1648 1045 1722 inter·
1091 1647 1333 1729 hexaplaribus
1347 1650 1475 1730 passim
1490 1649 1755 1726 increbrescunt.
1766 1641 1793 1732 ⁸)

292 1751 446 1833 pretibus
461 1750 504 1815 ad
524 1751 708 1829 origenem
724 1751 801 1832 plus
824 1752 939 1815 minus
954 1751 1046 1814 iuco-
1136 1754 1274 1833 Verum,
1291 1757 1331 1817 ut
1345 1753 1388 1816 ad
1403 1771 1443 1816 ea
1459 1771 1535 1834 quae
1550 1753 1593 1816 ad
1608 1771 1747 1817 manum
1763 1759 1851 1819 sunt

296 1845 388 1920 lume
412 1856 576 1936 pervenit,
593 1872 613 1918 a
628 1872 696 1936 quo
719 1853 825 1938 Lydio
839 1853 950 1935 lapide
972 1853 1044 1917 solo
1077 1861 1252 1936 revertar,
1276 1855 1367 1920 baud
1381 1857 1455 1920 sine
1479 1856 1592 1920 dolore
1611 1857 1710 1922 video
1732 1858 1851 1922 hacte-

293 1978 410 2024 0mnes
448 1965 580 2025 veteres
617 1962 791 2026 versiones
834 1959 1044 2040 comprobari
1092 1975 1158 2024 uus
1176 1965 1237 2022 aut
1252 1961 1411 2038 neglecta
1433 1966 1494 2024 aut
1508 1961 1576 2024 levi
1592 1977 1697 2024 manu
1711 1964 1851 2026 revolu-

293 2057 467 2148 quamsi)
486 2064 589 2129 Abest
619 2066 753 2129 sincera
783 2067 817 2128 et
837 2063 1045 2144 primigenia
1091 2066 1126 2126 ta
1141 2062 1247 2128 luisse
1263 2064 1471 2145 exemplaria
1493 2066 1653 2128 Romana.
1669 2066 1795 2128 Praeter
1813 2083 1850 2128 e—

293 2169 405 2234 versio
421 2169 772 2251 ssptuagintaviralis,
796 2165 955 2250 quaejam
970 2171 1045 2230 tan·
1088 2168 1162 2232 uim
1177 2168 1395 2249 chigianum,
1411 2173 1533 2250 prater
1548 2169 1846 2250 Barberiniannm,
1961 2139 1962 2186 ³

293 2277 409 2356 tepere
440 2273 623 2351 origenem
647 2273 755 2337 torsit.
771 2272 875 2337 Abest
895 2269 1045 2336 secunda
1089 2271 1223 2352 adquae
1245 2277 1280 2335 et
1301 2271 1371 2337 fere
1395 2274 1467 2336 sola
1482 2274 1583 2337 multi
1605 2275 1845 2354 convolarunt,

292 2376 435 2458 Aquila,
451 2375 593 2442 tortasse
609 2378 765 2442 etaltera
783 2374 978 2460 symmachi
994 2391 1045 2440 re-
1088 2379 1232 2439 centeua
1255 2377 1375 2440 aliast
1399 2377 1526 2440 eximia
1549 2382 1584 2441 et
1607 2378 1845 2442 vetustissima

292 2480 416 2560 censio,
440 2497 523 2561 quas
543 2479 612 2544 fere
628 2481 721 2545 solus
743 2479 856 2543 tenuit
878 2479 1044 2563 Hierony·
1088 2479 1422 2544 curiosum‘oculum
1445 2485 1652 2562 exspectant.
1668 2481 1846 2547 Nonteial-

291 2602 380 2650 mus.
397 2584 459 2650 Ubi
473 2578 661 2668 Luciauiss),
678 2584 737 2649 ubi
752 2583 913 2667 Hesychii
929 2599 1045 2648 recen·
1089 2581 1209 2646 conius
1226 2584 1297 2664 ipse
1312 2585 1371 2648 vix
1386 2601 1495 2667 pauca
1515 2585 1644 2650 recoxit
1656 2591 1733 2666 post
1755 2587 1847 2650 Dru·

291 2691 364 2755 siol
380 2690 444 2755 Ubi
455 2689 703 2772 quintasexta,
716 2688 1043 2770 etseptimaversioi
1089 2685 1190 2766 sium,
1207 2686 1351 2751 Drusins
1373 2691 1450 2770 post
1464 2688 1654 2768 Nobilium;
1675 2689 1844 2772 Nobilius,

292 2795 358 2859 Ubi
369 2793 642 2859 codexmsnibus
650 2792 818 2874 Pamphili
826 2797 861 2855 et
871 2782 1043 2874 Eusebii⁶l
1089 2789 1623 2874 aquapendentomnes,schedes
1631 2793 1844 2860 Morinisuas

293 2901 518 2966 emendatus?
540 2899 604 2964 Ubi
620 2899 763 2962 loannis
777 2896 918 2979 iosephi
940 2896 1044 2960 varia
1089 2892 1199 2959 iacere
1214 2899 1249 2958 et
1263 2893 1384 2962 latinas
1401 2899 1481 2962 dare
1499 2898 1583 2962 satis
1597 2890 1762 2982 nabunt).
1778 2901 1847 2966 Sed

327 3119 358 3192 A)
376 3117 622 3176 Montsfalconius
644 3116 763 3190 obvium
780 3118 902 3171 textum
923 3113 1043 3186 recepit,
1090 3129 1162 3170 vero
1179 3112 1254 3170 bene
1272 3131 1326 3170 sua
1337 3113 1463 3172 inseruit
1479 3133 1578 3188 graeca
1588 3116 1620 3173 in
1633 3121 1757 3188 textum,
1771 3115 1845 3174 licet

292 3221 417 3278 eumque
432 3205 520 3277 juxta
543 3202 766 3260 massoratioum
784 3208 914 3276 systema
935 3201 1044 3258 litteris
1087 3199 1196 3257 minori
1212 3201 1293 3274 picta
1310 3201 1500 3260 charactere?
1516 3202 1586 3276 lpse
1603 3204 1679 3260 alios
1697 3205 1843 3280 increpat,

291 3293 399 3364 graecis
411 3291 530 3365 proprio
545 3295 640 3346 marte
652 3290 813 3362 expressit,
833 3288 967 3363 exemplo
980 3287 1043 3360 qui·
1088 3285 1140 3359 qui
1151 3304 1248 3360 greca
1266 3294 1446 3362 receperant,
1467 3289 1586 3346 condita
1600 3307 1639 3348 ex
1654 3289 1757 3346 latinis
1775 3308 1842 3349 ver·

292 3378 360 3434 dem
372 3376 509 3449 Origenis
522 3376 635 3448 ductus,
648 3375 701 3432 sed
713 3389 771 3448 quo
787 3374 864 3434 vade
879 3375 988 3431 certior
999 3375 1043 3430 ia·
1088 3373 1220 3430 sionibus
1233 3373 1409 3448 Hieronymi
1422 3381 1452 3432 et
1464 3374 1609 3450 Procopii.

291 3469 357 3521 ctus
378 3469 409 3521 et
432 3463 606 3520 hodiernum
623 3469 739 3519 textum
759 3461 930 3520 hebraicum
950 3463 1043 3518 oculis
1122 3461 1151 3534 8)
1165 3461 1269 3518 Nonne
1283 3479 1319 3517 ex
1331 3460 1387 3518 hoc
1400 3462 1527 3518 tumultu
1540 3467 1680 3518 notarum
1693 3467 1724 3519 et
1740 3461 1845 3521 lectio-

290 3549 461 3606 Adamantii
473 3549 654 3624 praeluxisse,
665 3554 695 3606 et
705 3548 808 3605 eodem
819 3548 906 3605 modo
919 3548 983 3621 ejus
996 3547 1041 3604 in-
1086 3561 1158 3604 uum
1174 3548 1205 3604 iu
1223 3567 1279 3605 usu
1297 3551 1380 3608 venit
1399 3549 1619 3623 chrysostomo,
1637 3549 1842 3623 Hexsplorum

290 3636 425 3693 sonuisse
447 3635 576 3692 auribus.
594 3635 742 3692 Hebraico
760 3635 884 3698 retinuit
901 3635 1042 3707 Hieldius,
1087 3634 1191 3691 lectori
1203 3635 1332 3707 assiduo,
1349 3641 1384 3692 ut
1401 3637 1432 3691 iu
1445 3635 1628 3709 exponendis
1644 3636 1777 3710 psalma,
1789 3653 1842 3692 no-

289 3722 341 3780 sed
353 3740 481 3794 ςιιοοιιιιι
492 3721 669 3796 scripturam
681 3721 836 3796 expunxit.
1087 3720 1167 3777 mina
1185 3721 1335 3778 omitteret
1352 3723 1563 3793 interpretum,
1580 3739 1634 3796 pro
1651 3721 1759 3794 quibus
1776 3727 1842 3778 tan-

323 3812 352 3885 5)
365 3811 528 3867 Hamnuno
546 3809 703 3884 pollicetur
719 3826 789 3865 mox
802 3809 945 3868 edendam
963 3811 1040 3866 Pau·
1086 3813 1151 3863 tum
1174 3808 1272 3865 dicere
1298 3808 1375 3865 solet
1399 3811 1492 3876 ἄλλος,
1515 3808 1621 3876 aune?
1642 3808 1679 3865 Id
1697 3807 1777 3880 quod
1795 3826 1842 3866 so-

288 3897 335 3954 lus
353 3895 496 3968 Lagarde,
515 3895 566 3968 qui
583 3896 659 3952 nihil
680 3896 788 3953 leviter
805 3895 978 3970 promittere
997 3913 1042 3952 so·
1087 3893 1183 3950 lemna
1194 3893 1427 3952 estGatenarum
1435 3893 1683 3968 compilatoribus.
1694 3895 1842 3970 Hierony·

287 3985 338 4041 let
350 3985 396 4042 De
408 3983 539 4039 Lucisne
550 3982 588 4038 ci.
601 3981 694 4039 Field.
706 3983 811 4054 Proteo.
822 3999 947 4053 cxxxiv,
967 4000 1041 4055 xcrr,
1086 3997 1152 4035 mus
1174 3978 1293 4052 quidem
1311 3981 1406 4052 magis
1428 3981 1602 4056 perspicuus
1624 3987 1678 4054 est,
1700 3979 1753 4038 sed
1775 3981 1843 4038 ideo

286 4086 378 4140 xc1113
392 4068 498 4142 quibus
511 4067 586 4126 adde
599 4085 673 4140 quos
684 4069 791 4140 omisit,
801 4069 998 4126 Athanasium
1009 4070 1042 4126 in
1086 4065 1214 4122 fortasse
1228 4065 1306 4138 quod
1319 4065 1377 4140 ipsi
1389 4065 1527 4138 Origonis
1545 4067 1730 4141 autographa
1742 4083 1843 4124 exom-

287 4157 407 4228 Synopoi
432 4161 463 4212 et
486 4153 650 4229 Josepbum
674 4153 875 4213 Christianum
900 4155 932 4212 in
958 4155 1042 4228 hypo-
1086 4152 1181 4226 plario
1192 4152 1255 4207 suis
1273 4153 1366 4208 oculis
1384 4153 1486 4210 videre
1499 4154 1530 4210 ln
1547 4153 1726 4210 bibliotheca
1743 4153 1843 4210 Uram·

287 4243 431 4300 mesatico.
1086 4237 1177 4294 riensi
1187 4237 1352 4309 contigerit.
1363 4239 1484 4296 Etenim
1492 4239 1657 4296 biooddere
1666 4238 1843 4310 lubstFiel·

323 4331 352 4405 6)
365 4329 411 4385 (li.
424 4329 503 4385 infra
514 4333 576 4384 not.
589 4327 629 4384 sd
640 4326 783 4384 Ezechiel
797 4332 828 4384 et
841 4345 930 4402 supra
941 4347 969 4402 p.
989 4329 1042 4384 ms
1087 4323 1136 4381 dio
1145 4323 1226 4380 haud
1234 4324 1414 4381 mediocrem
1423 4325 1550 4382 dandam
1560 4325 1755 4397 esselsudsm,
1763 4324 1844 4398 quod

288 4416 383 4474 Nield.
397 4416 434 4473 de
451 4415 504 4472 illo
522 4414 623 4471 codice
641 4413 738 4471 obiter
755 4414 918 4488 disputavit
935 4415 1041 4486 Prolsp.
1087 4410 1194 4468 summi
1217 4411 1392 4485 Hieronymi
1419 4412 1619 4485 diligentiam,
1644 4412 1790 4488 peritiam,
1812 4417 1845 4470 et

289 4509 442 4578 xorx,not
455 4503 481 4558 6.
1086 4499 1844 4572 baptistavstupendsmmrruminmoduurextulsrit.

325 4593 354 4664 l)
372 4591 466 4665 Syrus
486 4589 537 4645 ille
558 4605 655 4660 graece
673 4587 809 4661 scripsit;
826 4588 904 4646 unde
923 4587 1041 4644 omnino
1121 4587 1150 4660 9)
1164 4585 1377 4643 “Lectionibus
1389 4585 1841 4660 triuminterpretumallorino

289 4675 390 4734 differt
408 4675 445 4732 ab
466 4676 628 4748 interprete
648 4683 698 4746 τῆς
718 4674 829 4733 Perdite
839 4715 852 4745 ‚
875 4675 925 4748 qui
942 4675 1041 4750 putari
1084 4673 1217 4729 collectis
1238 4673 1354 4746 (Rome
1372 4691 1398 4730 s.
1422 4675 1502 4746 lost)
1525 4675 1653 4730 Dracina
1675 4673 1727 4732 vix
1748 4673 1845 4730 hilum

289 4771 389 4841 potest
406 4763 550 4838 Hexsplis
567 4763 728 4820 recentior:
748 4765 864 4837 staples
883 4764 962 4821 anim
983 4763 1042 4819 dici
1086 4759 1222 4832 adiecit...
1235 4758 1310 4816 cam
1321 4774 1392 4816 vero
1402 4777 1428 4816 s.
1440 4759 1512 4824 15OE
1529 4752 1695 4816 Flaminius
1705 4757 1843 4815 Nobilius

288 4853 386 4928 potuit
397 4857 485 4909 vetus
494 4857 546 4906 τῶν
556 4855 588 4908 0’
599 4855 709 4920 textus,
720 4849 783 4908 sive
794 4853 876 4921 sats,
886 4855 1043 4924 postquam
1086 4845 1188 4901 Biblis
1205 4861 1303 4918 grseca
1315 4843 1432 4900 Sixtina
1444 4861 1511 4900 cum
1523 4844 1632 4901 Morini
1644 4844 1844 4902 annotationi·

290 4937 571 4997 circumferebantur
588 4937 718 5011 tstrapls
729 4943 784 4994 etc
802 4936 875 4993 Inde
892 4937 970 5012 apud
988 4935 1042 5010 Sy·
1086 4933 1142 4989 bus
1165 4934 1260 4991 latins
1270 4932 1388 4989 reddite
1399 4931 1504 4988 Romm
1522 4931 1656 5004 ediderit,
1668 4931 1796 5004 contigit
1810 4935 1845 4987 ut

289 5041 341 5082 ros
358 5023 457 5083 versio
480 5023 614 5098 simplex.
638 5023 731 5098 Syrus
755 5041 826 5082 vero
840 5023 1044 5099 Hexsplorum
1087 5022 1235 5078 communi
1260 5019 1397 5094 opinione
1424 5019 1544 5076 Nobilio
1574 5019 1756 5078 tribueretur
1779 5035 1845 5092 quse

289 5127 411 5185 prorsus
423 5108 505 5166 aliud
516 5114 563 5166 est
575 5126 610 5165 sc
621 5109 769 5183 interpres
785 5110 1043 5186 Syro-hexaploris
1087 5108 1207 5184 proprie
1222 5107 1334 5167 Netini
1345 5105 1561 5166 commendatio
1572 5107 1621 5166 sit
1631 5145 1647 5181 „
1659 5105 1752 5166 Helo.
1761 5106 1843 5182 prol.

292 5213 380 5270 quem
392 5211 470 5268 steps
482 5194 614 5254 Uieldim
625 5192 755 5254 feliciter
765 5211 894 5270 grecum
905 5195 991 5268 fecit;
1003 5213 1042 5254 an
1089 5214 1118 5272 p.
1131 5212 1176 5256 111.
