4044 6104
274 463 338 523 eso
577 431 579 436 ’
941 467 1152 531 oerososs

268 611 326 688 της
356 611 468 688 καινῆς
498 601 654 688 διαθήκης
676 603 770 691 νόμον
797 605 921 670 πάντων
943 627 1020 691 κρα-
1065 627 1180 672 omnes
1214 608 1285 689 jam
1324 611 1511 692 possedisse
1541 612 1705 690 nationes,
1736 612 1812 675 vide

270 705 366 790 θησαι
387 715 447 770 τῶν
463 706 569 771 ἐθνῶν·
586 707 645 790 δρα
660 707 695 772 δέ
710 711 765 772 καὶ
780 710 833 773 τδν
848 708 1020 794 νομοθέτην
1065 730 1200 794 quoque
1222 715 1452 792 legislatorem
1470 717 1689 795 innotescere,
1711 718 1814 780 simul

267 807 441 894 γνωρίζειν,
464 812 519 874 καὶ
541 813 594 874 τόν
618 810 692 894 παρ’
704 811 801 876 αὐτοῦ
816 820 881 888 τοῖς
901 811 1020 878 ἔθνεσιν
1065 821 1099 878 et
1113 818 1225 895 legem
1242 836 1365 882 novom
1381 819 1423 882 ab
1439 821 1512 901 ipso
1534 821 1696 898 gentibus
1713 823 1815 885 trodi-

269 914 489 998 παραδοθέντα
512 919 620 981 καινόν
641 912 747 1001 νόμον,
771 919 842 1000 περὶ
861 919 897 981 ού
913 919 969 981 καὶ
987 919 1020 982 έν
1064 919 1450 1002 ῖυιο,ι1εηυοεῖίοιιιὶιι
1468 923 1695 988 Issiadiotum
1711 929 1763 987 est
1782 925 1817 986 in

267 1015 386 1103 Ἠσαίᾳ
400 1015 549 1083 λέλεκται
564 1019 602 1082 έκ
624 1018 792 1102 προσώπου
807 1031 864 1085 τοῦ
880 1019 1016 1105 Πατρός·
1064 1041 1207 1106 persona
1222 1027 1348 1090 Patris:
1364 1049 1380 1086 ιι
1394 1029 1480 1090 Ecce
1492 1045 1577 1109 puer
1592 1045 1699 1107 mous,
1712 1045 1816 1108 quem

269 1117 353 1188 Ἶδού
366 1124 383 1189 ό
394 1135 467 1201 παῖς
484 1146 543 1210 μου
554 1127 589 1192 δν
601 1125 743 1211 ήρέτισα,
754 1125 771 1190 ὁ
784 1125 933 1203 ἐκλεκτός
950 1148 1018 1212 μου,
1064 1130 1166 1208 elegi,
1194 1129 1322 1193 electus
1338 1148 1444 1210 meus,
1471 1133 1676 1211 complacuit
1690 1132 1755 1196 sibi
1780 1133 1816 1194 in

266 1227 310 1302 εἰς
326 1228 360 1291 δν
375 1226 582 1312 εόδόκησενή
600 1227 687 1314 ψυχή
702 1250 760 1314 μου
772 1227 1015 1316 κτλ.·Ἀναλάμ-
1064 1234 1122 1296 illo
1139 1235 1255 1296 anima
1270 1253 1346 1297 meo
1361 1239 1423 1298 eto.
1441 1235 1678 1315 Resplendebit
1697 1241 1731 1298 et
1747 1253 1814 1298 non

269 1330 336 1413 ψει,
358 1333 414 1395 καὶ
435 1333 472 1395 οὐ
493 1329 740 1416 θραυσθήσεται,
758 1332 816 1410 έως
836 1335 874 1399 ἂν
896 1333 942 1420 θη
966 1335 1018 1400 ἐπὶ
1062 1338 1251 1418 collidetur,
1260 1338 1366 1402 donec
1377 1344 1481 1420 ponat
1492 1340 1527 1401 in
1535 1343 1625 1402 terro
1634 1338 1814 1419 judicium,

267 1443 325 1518 της
340 1443 400 1520 γης
416 1431 526 1518 κρίσιν,
542 1436 598 1498 καὶ
613 1444 657 1521 τῷ
676 1434 806 1522 ὀνόματι
821 1437 919 1502 αὐτοῦ
942 1438 1016 1524 ἔθνη
1063 1445 1097 1504 et
1123 1443 1158 1506 in
1186 1459 1308 1506 nomen
1337 1441 1410 1522 ejus
1434 1449 1554 1520 gentes
1580 1443 1812 1524 sperabunt.»

266 1537 435 1603 ἐλπιοῦσιν.
451 1539 491 1604 Ἡ
504 1539 539 1603 δέ
550 1538 681 1626 έύραῖκή
699 1545 787 1628 φωνή
801 1546 857 1608 καί
872 1542 901 1607 σί
912 1543 1017 1608 λοιπαί
1062 1547 1228 1610 Hebraico
1254 1553 1368 1610 sutem
1391 1547 1494 1610 dictio
1522 1550 1556 1608 et
1573 1547 1685 1609 ceteri
1714 1547 1816 1609 inter-

258 1640 381 1720 πάντες
397 1642 586 1728 ἐρμηνευταί
604 1644 777 1730 συμφώνως
800 1645 869 1711 ἀντὶ
884 1657 940 1712 τοῦ
963 1651 1019 1712 καί
1062 1655 1173 1732 protes
1188 1631 1358 1714 communi
1380 1652 1559 1729 sententis,
1577 1651 1689 1732 proin
1702 1669 1816 1714 αονιειι

270 1755 314 1832 τῷ
326 1748 454 1833 ὀνόματι
466 1748 563 1813 αὐτοῦ
575 1749 649 1834 έθνη
661 1750 832 1832 ἐλπιοῦσιν,
844 1749 1018 1836 εἰρήκασιν·
1063 1754 1134 1835 ηἰιε
1147 1753 1330 1836 spermit,
1350 1755 1543 1818 ediderunt:
1565 1759 1596 1818 οῖ
1610 1755 1647 1816 io
1662 1754 1729 1836 ἀρε
1743 1755 1816 1835 ejus

269 1853 325 1916 καί
339 1860 383 1936 τῷ
397 1852 481 1937 νόμῳ
497 1852 594 1916 αὐτοῦ
610 1852 684 1938 ἔθνη
700 1853 871 1930 ἐλπιοῦσιν.
1062 1863 1173 1939 φοινίου
1188 1858 1370 1940 operiunt.

632 2015 785 2096 sempor
799 2015 937 2080 Eusebio
951 2015 1107 2083 οοόοίῖοὶα
1121 2017 1158 2080 io
1172 2015 1314 2080 αικιιίοκι
1321 2033 1375 2097 με.
1393 2017 1451 2078 IX.

313 2176 344 2220 ν.
361 2159 392 2220 4.
406 2154 537 2242 Ἐπειδὴ
555 2156 737 2242 ἀποστροφῇ
753 2159 797 2236 είς
819 2159 861 2222 τόι
875 2157 976 2223 σπέσσι
999 2157 1017 2222 ύ
1062 2158 1284 2244 πιτηδεύματα
1299 2157 1407 2223 αὐτοῦ.
1423 2157 1489 2224 Καί
1504 2158 1537 2223 αἱ
1553 2162 1695 2246 μηχαναὶ
1710 2159 1745 2225 δέ
1760 2171 1817 2226 τοῦ

268 2241 419 2325 θάνατος,
430 2244 503 2310 τότε
517 2246 557 2330 δή
574 2247 629 2310 καί
640 2255 728 2310 πᾶσα
743 2246 872 2332 δύναμις
884 2247 1018 2313 ἀντικει-
1063 2257 1205 2332 σωτῆρος
1222 2244 1312 2332 ήμῶν
1334 2251 1390 2312 καὶ
1407 2245 1491 2314 Θεοῦ
1515 2248 1652 2335 μεγάλαι
1666 2253 1722 2314 καὶ
1743 2250 1817 2314 θεο-

268 2331 346 2416 μένη
359 2333 656 2420 καταργηθήσεται·
678 2335 718 2400 Εἰ
733 2337 796 2422 γὰρ
810 2339 866 2400 καί
880 2337 1018 2423 έσχατος
1063 2345 1203 2420 πρεπεῖς,
1218 2339 1274 2401 καὶ
1289 2337 1352 2422 γάρ
1379 2336 1432 2411 διά
1442 2335 1628 2421 θκητότητα
1643 2336 1817 2404 ἀθανασίαν

266 2419 379 2505 ἐχθρός
410 2433 617 2509 καταργεῖται
646 2423 663 2488 δ
691 2423 844 2505 θάνατος,
871 2425 1017 2510 δηλονότι
1064 2424 1139 2511 ήμῖν
1163 2425 1350 2510 δεδώρηται·
1365 2428 1420 2490 καὶ
1436 2425 1489 2490 διά
1510 2425 1651 2492 θάνατον
1666 2426 1744 2512 ζωή,
1759 2430 1816 2492 καί

269 2511 554 2666 τρροιαναρρδεθὲντων
570 2521 631 2577 τῶν
652 2511 874 2600 ἀντικειμένων
889 2513 1019 2600 ἐχθρῶν.
1065 2513 1126 2668 διόιῠ
1133 2513 1261 2668 ἀτιμίορι
1276 2533 1306 2579 τι
1330 2515 1364 2666 ήξ
1379 2509 1663 2688 καρρδγρικρρτοίρρς
1673 2514 1815 2670 ρμλαγίαῦ,

301 2617 376 2667 aro.
438 2652 445 2665 .
1065 2622 1107 2667 τα
1130 2625 1171 2667 τα
1197 2624 1234 2667 το
1315 2623 1402 2667 ιιου
1496 2624 1513 2668 ν
1589 2624 1627 2667 σο
1727 2625 1794 2670 ιστο

284 2737 286 2742 .
312 2709 344 2753 ν.
361 2692 391 2754 5.
404 2689 538 2777 Ἐγνως,
551 2691 656 2776 φησίν,
669 2690 717 2756 ότι
730 2690 865 2777 ἀσθενής
877 2687 1018 2778 ήμετέρα
1062 2694 1118 2756 καὶ
1138 2691 1292 2756 δεσπότου
1306 2625 1352 2756 τά
1363 2623 1593 2776 μηχάύήματά.
1618 2627 1724 2762 Votis.p
1735 2697 1785 2758 16.

267 2776 369 2860 φύσις,
386 2779 509 2864 ἰσχυροὶ
523 2781 559 2844 δέ
579 2779 608 2843 οἱ
626 2779 838 2866 πολεμοῦντες
861 2779 1016 2865 δαίμονες,
1107 2802 1139 2845 ν.
1161 2784 1211 2845 13.
1234 2777 1308 2846 Ὄτι
1330 2780 1474 2865 ἐκζητῶν
1496 2781 1537 2844 τά
1560 2783 1679 2863 αίματα
1701 2781 1814 2847 αὐτῶν.

266 2869 322 2930 καί
333 2867 388 2931 διά
402 2877 496 2932 τοῦτο
512 2870 570 2952 τήν
584 2869 644 2952 σήν
659 2869 735 2953 ήμῖν
751 2869 858 2934 είκόνα
874 2869 1018 2953 περιέθη-
1063 2869 1113 2934 Τὰ
1128 2872 1258 2954 αίματα,
1275 2869 1510 2954 φησ1,τάύπέρ
1526 2868 1628 2936 αὐτῶν
1640 2869 1816 2957 έκχεόμενα

267 2975 338 3036 καις,
354 2955 394 3020 δι’
405 2957 445 3042 ήν
460 2957 613 3040 ἐποίησας
628 2959 687 3042 τήν
703 2956 814 3041 κρίσιν,
831 2961 886 3024 καὶ
901 2959 960 3042 τήν
975 2959 1019 3024 δί-
1062 2957 1196 3042 ζητήσει
1211 2958 1263 3023 ἐπὶ
1277 2967 1322 3044 τῷ
1337 2956 1533 3043 ἐκδικήσεως
1548 2957 1689 3038 ἀξιῶσαι.
1704 2961 1789 3026 Ibid.

266 3063 328 3127 κην
344 3066 413 3130 μου,
429 3048 481 3110 ίνα
494 3045 659 3131 γενώμεθα
674 3045 879 3131 ἰσχυρότεροι.
897 3047 979 3114 loir.
1106 3067 1137 3111 ν.
1157 3050 1207 3111 16.
1224 3045 1385 3131 Σωτήριον
1404 3046 1500 3110 καλεῖ
1512 3049 1566 3112 τόν
1581 3047 1738 3131 Χριστόν·
1757 3048 1812 3132 δη·

311 3153 343 3196 v.
362 3136 391 3198 6.
407 3133 519 3218 Ἀρκεῖ
538 3135 722 3220 ἐμιτιμησαι
743 3143 787 3220 τῷ
807 3135 901 3223 Θεῷ,
911 3139 967 3201 καί
982 3136 1017 3202 ἀ-
1060 3135 1112 3200 λοῖ
1124 3135 1190 3200 δέύ
1207 3135 1336 3221 Συμεὼν
1351 3134 1518 3220 προφήτης
1533 3139 1588 3200 καί
1603 3136 1697 3214 αὐτὸς
1713 3137 1811 3223 ύιτοίρ·

264 3220 419 3287 πολέσθαι
433 3225 506 3299 τούς
523 3221 716 3301 κολάζεσθαι
729 3223 912 3309 μέλλοντας,
925 3227 1019 3311 προό-
1063 3245 1147 3310 χων·
1163 3223 1229 3289 Νῦν
1243 3223 1313 3288 κτλ.
1328 3225 1413 3290 [oid.
1431 3227 1523 3308 (Luo.
1540 3243 1575 3306 11,
1592 3227 1659 3309 29).

267 3309 373 3393 ρίζους
396 3310 574 3389 ἀπολέσας·
591 3314 689 3388 ούτως
701 3311 742 3388 ὡς
754 3315 809 3377 καὶ
820 3316 879 3399 τήν
892 3313 1018 3401 μνήμην
1106 3333 1138 3376 ν.
1154 3316 1204 3378 17.
1217 3311 1326 3398 Κρίμα
1336 3313 1398 3399 γὰρ
1410 3312 1536 3397 ἀληθῶς
1547 3312 1679 3395 δίκαιον,
1691 3315 1727 3378 τό
1739 3317 1813 3391 τούς

266 3399 369 3466 αὐτῶν
384 3400 633 3485 παραπολέσθαι.
649 3403 735 3466 Ibid.
1061 3403 1367 3478 κατασκευάσαντας
1377 3401 1530 3486 ἀνθρώπῳ
1542 3399 1693 3484 θάνατον,
1710 3403 1743 3468 ἐν
1758 3402 1813 3468 ao

307 3510 339 3570 v,
359 3493 387 3554 7.
405 3489 497 3573 Ζητῶ
512 3491 540 3554 εί
561 3492 617 3554 καὶ
639 3489 797 3555 λυσιτελεῖ
818 3495 854 3556 τό
877 3491 1017 3557 ἐκλιπεῖν
1062 3499 1106 3576 τῷ
1122 3490 1378 3577 παραληφθῆναι.
1397 3527 1435 3537 -
1453 3489 1549 3576 Τοίχα
1563 3489 1633 3556 ἐκεῖ
1645 3495 1700 3557 καὶ
1716 3493 1761 3569 οῐς
1772 3495 1808 3556 τό

265 3576 365 3644 αὐτοῦ
387 3578 492 3656 πάσας
515 3580 573 3656 τάς
596 3577 762 3664 ῥομφαίας,
779 3583 835 3645 καί
854 3580 968 3667 μηκέτι
990 3581 1020 3644 έ-
1062 3576 1160 3664 κρίμα
1174 3577 1304 3666 γίνεται,
1320 3579 1504 3665 γνώσονται.
1529 3583 1626 3647 Vatis.
1647 3584 1697 3645 14.

266 3688 336 3751 γειν
351 3669 386 3732 δν
402 3665 509 3750 ἀνέλη.
532 3671 629 3735 Veto.
642 3673 672 3732 5.
687 3706 727 3714 -
741 3667 898 3734 Καθεῖλεν
910 3669 927 3734 ὁ
940 3669 1019 3748 Θεὸς
1108 3687 1140 3732 ν.
1159 3671 1209 3733 18.
1225 3668 1264 3733 Εί
1279 3667 1548 3752 ἐπιλανθάνονται,
1565 3669 1740 3755 ἐμέμνηντο
1755 3672 1810 3733 καί

265 3757 306 3820 τὰ
322 3754 510 3841 συστήματα
521 3767 582 3822 τῶν
595 3754 793 3840 ἑτεροδόξων,
805 3757 949 3823 καθελών
962 3759 1017 3822 αὐ-
1063 3755 1193 3841 ήδεισαν
1209 3757 1286 3821 ποτέ
1301 3756 1395 3822 αὐτόν
1410 3757 1479 3821 κτλ.

265 3853 326 3918 τῶν
342 3846 383 3908 τά
406 3846 597 3930 έπαιρόμενα
613 3847 697 3908 κατὰ
719 3855 775 3930 τής
791 3847 937 3934 γνώσεως
959 3857 1016 3912 τοῦ

264 3932 347 3998 Θεοῦ
368 3933 534 4018 ὑψώματα,
558 3936 650 3998 ἅτινα
664 3934 705 4018 ήν
726 3932 768 4011 ώς
790 3934 912 4011 πόλεως
936 3936 1019 4000 οίκο-

264 4021 435 4107 δομήματα
450 4023 520 4105 ἐνή
544 4023 656 4106 ᾤκουν.
673 4022 755 4090 [bid.
773 4024 877 4088 -Τό
900 4026 1019 4109 μνημό-
1105 4049 1138 4093 ν.
1156 4030 1207 4092 37.
1225 4027 1282 4108 (σί.
1302 4029 1366 4110 16).
1382 4026 1580 4111 Ἀπολεῖσθε,
1596 4027 1670 4113 έθνη
1691 4030 1732 4092 τά
1753 4049 1812 4092 πα-

261 4131 354 4175 συνον
370 4109 482 4191 αὐτῶν,
498 4113 570 4196 ήτοι
592 4121 653 4178 τῶν
669 4111 830 4198 ῥομφαιῶν
852 4115 873 4198 ή
890 4121 951 4178 τῶν
967 4113 1014 4180 έθ-
1059 4119 1191 4202 ροίνομα,
1208 4115 1245 4180 οὐ
1260 4116 1372 4197 ζῶντα,
1389 4119 1425 4180 τὸ
1448 4115 1602 4201 σωτήριον
1618 4119 1662 4203 μή
1683 4117 1811 4203 δεξαίμε-

260 4209 331 4264 νῶν.
355 4199 438 4265 Ibid.
467 4238 508 4248 -
537 4198 602 4264 Καὶ
632 4199 739 4277 πόλεις
765 4199 921 4280 καθεῖλες.
949 4203 1015 4268 Καί
1058 4228 1098 4273 να
1113 4204 1272 4291 κήρυγμα.
1290 4243 1331 4251 -
1348 4203 1394 4288 Γή
1412 4204 1495 4272 Θεοῦ
1510 4204 1661 4291 καρδίαά
1685 4206 1757 4292 αθή,
1776 4205 1810 4285 ἐξ

262 4284 372 4372 ποίας;
389 4291 411 4373 ή
427 4289 545 4366 τούτοις
560 4290 631 4372 περὶ
646 4291 688 4354 ύιν
704 4288 849 4374 ἀλλαχοῦ
865 4290 1012 4378 λέγεται·
1056 4297 1097 4379 ής
1112 4293 1307 4359 έκύοίλλεται
1322 4295 1363 4357 τά
1385 4292 1470 4377 έθνη,
1486 4297 1603 4372 παντὸς
1618 4229 1811 4380 έκύαλλομέ-

260 4375 406 4460 Ἔθηκας
428 4377 535 4453 πόλεις
557 4379 601 4453 είς
628 4387 739 4463 χῶμα,
763 4377 871 4457 πόλεις
893 4380 1012 4464 όχυράς
1055 4405 1110 4451 νου
1127 4392 1268 4466 πονηροῦ
1290 4380 1443 4468 λογισμοῦ
1462 4384 1548 4447 κατά
1569 4383 1739 4470 ἐνέργειαν,
1756 4384 1811 4448 ἀλ-

260 4475 317 4528 τοῦ
333 4468 376 4551 μή
393 4473 499 4531 πεσεῖν
515 4465 618 4533 αὐτῶν
634 4468 675 4530 τά
689 4465 825 4552 θεμέλια
848 4469 907 4550 (Is.
924 4489 1008 4550 XXV,
1056 4472 1099 4536 λά
1114 4474 1169 4536 καὶ
1183 4471 1222 4534 ἐκ
1238 4479 1295 4556 της
1309 4479 1370 4556 γῆς
1385 4480 1447 4535 τῶν
1462 4468 1604 4554 πράξεων
1616 4472 1810 4538 ἀπολοῦνται

260 4555 305 4638 2)·
319 4554 413 4619 αύταὶ
428 4555 464 4619 δέ
475 4557 519 4632 εἰς
531 4553 637 4639 πύλην
649 4555 682 4619 αἱ
694 4555 906 4642 ἀντικείμεναι
921 4557 1012 4623 δυνά-
1056 4560 1150 4644 έθνη·
1165 4562 1222 4626 καὶ
1235 4561 1299 4645 γάρ
1312 4561 1368 4623 καὶ
1382 4559 1463 4645 αύτή
1476 4571 1537 4626 τῶν
1548 4561 1645 4648 ἁγίων
1659 4563 1738 4642 ἐστί,
1751 4582 1809 4626 κα-

262 4661 340 4726 μεις,
356 4643 388 4707 αί
403 4644 509 4730 ώσπερ
524 4643 630 4721 πόλεις
641 4645 756 4730 ὀχυραὶ
770 4644 1011 4732 τετειχισμέναι,
1055 4651 1097 4716 τδι
1110 4651 1146 4713 τό
1161 4647 1280 4735 λέγειν·
1303 4647 1447 4713 Πιστεύω
1462 4659 1518 4713 τοῦ
1541 4650 1616 4716 ἰδεῖν
1636 4652 1678 4716 τδι
1699 4649 1808 4738 ἀγαθά

260 4734 335 4810 τοὺς
361 4731 496 4812 ἁλόντας
518 4733 618 4811 αύτάς
644 4743 682 4818 τη
705 4732 817 4818 ’ἀπάτη
841 4735 875 4800 ἐν
901 4734 1012 4813 αύταῖς
1056 4737 1174 4823 Κυρίου
1190 4738 1223 4802 έν
1239 4747 1281 4824 γῇ
1301 4736 1437 4816 ζώντων.
1458 4741 1555 4806 Votis.
1569 4745 1598 4804 6.
1611 4741 1652 4805 of.
1673 4742 1806 4825 Didym.

257 4821 481 4887 συλλαύοῦσαι.
500 4825 596 4890 Votis.
615 4826 666 4888 14.
682 4823 723 4888 of.
740 4827 872 4904 vulgat.
889 4823 1017 4890 Athan.'
1058 4828 1147 4911 apud
1165 4831 1302 4892 Maium.

303 4930 334 4973 ν.
355 4915 404 4976 ll.
422 4909 655 4995 Ἐκστήσαντες
672 4914 725 4976 τόν
741 4911 868 4997 Κύριον,
885 4912 944 4978 ούκ
960 4913 1011 4999 ἐγ-
1099 4936 1130 4979 ν.
1149 4919 1200 4980 39.
1217 4917 1274 4997 (al,
1293 4915 1357 4998 18).
1381 4915 1458 4981 Ἐὰν
1480 4917 1543 5002 γάρ
1562 4917 1621 5002 τήν
1644 4916 1805 5002 ἐκδίκησιν

260 4998 523 5084 καταλειφθέντες
535 5000 701 5084 ὑπἀὐτοῦ,
710 5001 851 5087 ἐγνωσαν
863 5004 899 5066 τό
911 5003 1012 5088 όνομα
1054 5013 1115 5072 τῶν
1138 5001 1355 5087 ἀπεριστάτων
1377 5008 1432 5070 καί
1458 5015 1622 5086 ταπεινῶν,
1645 5007 1730 5069 κατά
1751 5009 1806 5070 τόν

260 5087 368 5151 αὐτοῦ.
1055 5093 1212 5158 ἐνεστῶτα
1228 5090 1304 5177 βίον,
1318 5092 1484 5178 ποιήσεται
1498 5092 1625 5179 Κύριος,
1638 5094 1740 5173 οὐδεὶς
1753 5115 1805 5182 με·

305 5194 334 5237 ν.
355 5179 403 5240 12.
420 5175 649 5264 Ἀναγγείλατε
665 5177 699 5242 ἐν
720 5187 785 5254 τοῖς
802 5177 902 5254 έθνεσι
922 5182 964 5247 τδι
978 5181 1011 5246 ἐ-
1055 5179 1257 5268 γαλαυχήσει
1273 5181 1325 5246 ἐπί
1339 5191 1395 5269 της
1410 5191 1480 5269 γης.
1497 5183 1582 5250 Iris.

1121 3896 1163 3957 Io
1176 3893 1346 3958 Ρεαίκιιιιιι
1360 3896 1394 3958 X
1408 3894 1581 3960 εοοιικιίιωιι
1595 3895 1753 3961 Ηεόκαου.
