4044 6104
274 443 340 509 424
812 441 819 466 '
942 445 1152 510 ORIGENES

274 588 443 673 κροατη,ἦ
465 588 520 652 καί
535 591 571 654 τὸ
593 587 684 652 θεῖον
706 586 791 673 αὑτῷ
812 583 1020 670 προτρέπεται
1067 585 1234 671 ὑπόμεινον
1248 585 1307 670 τὴν
1328 583 1420 668 δεῦρο
1435 592 1490 649 τοῦ
1510 592 1651 670 σωτῆρος
1665 585 1812 670 κάθοδον,

275 700 408 779 πνεῦμα.
425 693 516 760 Ἐπεί
530 690 714 768 ἐπίστευσας
726 688 883 775 τότάγοιθό
899 689 974 754 ἰδεῖν
988 689 1023 754 ἐν
1068 687 1108 753 δι’
1126 689 1167 772 ἠς
1190 686 1331 754 ἀνελθεῖν
1352 688 1403 753 ἐπί
1425 690 1480 752 τὸν
1501 695 1563 753 τῶν
1585 687 1712 774 ἀγαθῶν
1734 688 1817 758 Θεὸν

277 806 322 883 τῷ
338 796 482 884 μέλλοντι
497 799 595 881 αἰῶνι,
615 794 781 881 ὑπόμεινον
795 795 850 859 τὸν
864 792 980 877 Κύριον
1001 793 1023 878 ἢ
1068 791 1206 876 δυνήσει.
1222 793 1306 858 Ιόίό.

772 990 778 1012 ·
857 969 1026 1048 Ρεοίυευε
1049 965 1228 1046 XXVII.

318 1189 350 1233 v.
363 1172 394 1234 2.
411 1168 466 1234 Ἐν
476 1177 520 1254 τῷ
532 1167 630 1252 αἴρειν
646 1187 685 1252 με
698 1163 807 1252 χεῖράς
820 1185 878 1251 μου
890 1165 934 1241 είς
944 1163 1021 1228 ναὸν
1107 1183 1139 1226 v.
1156 1163 1187 1227 8.
1210 1160 1276 1227 Καί
1300 1162 1535 1248 ὑπερασπιστὴς
1560 1171 1623 1229 τῶν
1649 1162 1810 1248 σωτηρίων

273 1273 362 1362 ἅγιόν
377 1294 445 1337 σου.
1065 1278 1122 1332 τοῦ
1137 1267 1275 1352 Χριστοῦ
1290 1267 1398 1331 αὑτοῦ.

316 1375 354 1443 Ὁ
369 1374 444 1453 ναός
459 1375 542 1440 ἐστιν
557 1374 575 1439 ὸ
590 1375 673 1461 ἔχων
685 1371 782 1442 Θεὸν·
804 1372 822 1437 ό
838 1371 873 1436 δέ
884 1372 965 1449 Θεὸς
979 1370 1020 1455 ἠν
1108 1369 1255 1456 Σωτήρια
1276 1379 1332 1434 τοῦ
1355 1369 1504 1454 Χριστοῦ,
1522 1371 1563 1435 τὸι
1584 1368 1816 1456 προστάγματα

274 1481 308 1547 έν
316 1479 443 1566 Χριστῷ
451 1479 569 1566 κόσμον
581 1478 811 1544 καταλλάσσων
823 1476 932 1563 ἑαυτῷ·
946 1476 1020 1554 ναὸς
1064 1476 1105 1539 τὸ
1119 1474 1195 1559 παρ’
1205 1476 1302 1539 αὑτοῦ
1325 1472 1470 1541 τεθέντα·
1493 1473 1588 1553 σώζει
1608 1477 1670 1561 γὸιρ
1688 1477 1761 1553 τοὺς
1775 1475 1809 1540 ὑ-

273 1585 337 1668 ἄρα
344 1581 432 1669 ἅγιός
448 1585 531 1649 ἐστιν
546 1583 564 1648 ό
579 1582 725 1667 Χριστὸς,
741 1584 817 1666 πρὸς
830 1582 865 1646 ὸν
879 1580 960 1665 αίρει
974 1600 1020 1656 τις
1065 1578 1272 1661 πακοὺυντας,
1288 1581 1331 1645 ῶν
1353 1575 1569 1662 ὑπερασπίζει,
1588 1579 1625 1644 οὸ
1639 1588 1813 1666 συγχωρῶν

272 1689 328 1753 καί
339 1688 416 1773 ὑψοῖ
424 1689 481 1773 τὴν
497 1686 610 1752 ἑαυτοῦ
628 1687 736 1774 ψυχὴν
747 1685 799 1751 διὸ
813 1693 874 1750 τῶν
889 1683 1017 1768 ἀρετῶν.
1064 1685 1178 1762 αὑτοὺς
1192 1685 1280 1769 παρὰ
1301 1693 1362 1752 τῶν
1377 1683 1541 1768 αίρετικῶν
1563 1686 1618 1749 καί
1639 1687 1728 1770 παρὰ
1748 1694 1811 1750 τῶν

282 1794 427 1874 ναόσὸ,
446 1793 496 1856 16.
1066 1788 1353 1873 έτεροὸιὸσσκόιλων
1369 1786 1556 1874 φθείρεσθαι.
1581 1793 1680 1858 vato.
1698 1794 1748 1856 16.
1844 1853 1845 1856 ,

196 1995 198 2000 ’
305 2011 355 2068 rs.
368 2027 466 2082 xxm,
483 2030 511 2070 v.
523 2012 549 2081 ν,
568 1969 677 2069 πνοι.
695 2007 738 2065 ιε.
756 2009 794 2065 ιι.
808 2007 889 2079 Orig,
901 2008 961 2063 nn.
974 2008 1020 2063 oe
1063 2012 1238 2079 ιιίιχιωυ
1249 2015 1302 2066 ιω
1314 2015 1419 2080 χρειω
1430 2013 1814 2080 mmmmm-ooo

140 2121 142 2130 ’
269 2096 390 2154 christo
411 2096 468 2153 Dei
490 2096 600 2169 templo
624 2113 662 2153 ne
683 2095 808 2152 ulterius
829 2093 1019 2167 disputemus,
1063 2101 1112 2166 τὴν
1129 2099 1335 2166 περιληφθεῖσαν
1356 2101 1452 2165 σόρειιι,
1470 2102 1517 2152 καί
1537 2101 1580 2152 ὸιό
1600 2104 1678 2153 τοῦτο
1699 2103 1738 2164 είς
1754 2101 1815 2167 Χρι-

269 2185 391 2256 longum
402 2183 506 2240 demus
524 2183 668 2240 eoholium
679 2201 718 2240 ex
729 2182 824 2241 Vetio.
837 2183 863 2253 5,
880 2181 901 2237 f.
914 2183 957 2253 15,
969 2181 1019 2238 ed·
1062 2188 1134 2250 στὸς,
1144 2189 1234 2253 φόρων
1246 2189 1275 2239 ὸν
1286 2189 1357 2253 αὑτῷ
1369 2188 1450 2253 όμριι
1462 2188 1512 2250 κάς
1521 2189 1568 2240 tto
1578 2189 1668 2253 ρόσεις
1676 2187 1810 2254 θεότητος

270 2269 398 2328 dandum
409 2269 457 2325 his
469 2284 534 2340 qum
546 2267 579 2324 in
596 2269 746 2343 superiore
758 2275 838 2324 tomo
850 2286 879 2341 p.
891 2267 945 2323 476
956 2272 1018 2324 not.
1061 2275 1128 2340 όμοῦ
1139 2277 1186 2327 καί
1202 2276 1418 2343 θνθρωπότητος,
1429 2277 1476 2328 καί
1493 2277 1549 2328 ίστι
1560 2276 1662 2338 τέλειος
1679 2275 1748 2340 Θεὸς
1764 2278 1811 2329 καί

270 2354 461 2428 protulimus:
479 2358 517 2409 Τὸ
534 2357 646 2410 κατόπιν
667 2357 838 2424 ὸηλοῦμενον,
855 2359 878 2411 ῶ
895 2356 1019 2422 θεον-λό’
1061 2363 1164 2427 τέλειος
1181 2363 1327 2430 ἀνθρωπσς,
1344 2365 1391 2416 καί
1407 2366 1446 2427 είς
1463 2367 1512 2430 τῆς
1529 2364 1608 2430 όγίας
1625 2364 1740 2429 τριόὸος,
1758 2363 1813 2415 Πα-

270 2458 360 2508 στατε,
379 2444 447 2496 οῦιω
458 2446 577 2510 νοητόον,
594 2443 638 2496 ότι
649 2444 665 2496 ό
678 2443 745 2506 Θεὸς
763 2444 793 2496 ot
809 2444 843 2510 ἠν
855 2445 884 2495 ὸν
901 2445 1018 2510 Χριστῷ·
1061 2451 1126 2516 πρός
1138 2453 1258 2518 φημικοιί
1270 2453 1347 2518 θγῐου
1355 2452 1517 2516 Πνεῦματος·
1527 2451 1653 2503 καὶκατὰ
1662 2453 1740 2502 τοῦτο
1750 2465 1811 2518 νοη-

270 2531 301 2584 ort
312 2531 365 2597 γὸρ
377 2530 461 2594 ἀλλος
474 2532 489 2596 ό
501 2531 621 2597 Χριστὸς,
638 2533 685 2584 καί
702 2531 787 2595 ἀλλος
803 2533 818 2583 ό
831 2531 913 2596 Θεὸς·
932 2532 948 2584 ό
965 2533 1019 2598 γὰρ
1062 2538 1123 2589 τίον
1135 2536 1177 2588 ότι
1188 2537 1256 2600 Θεὸς
1267 2537 1369 2604 ὸηλαὸή
1380 2539 1428 2589 καί
1436 2537 1523 2603 πατὴρ
1532 2536 1566 2602 ἦν
1579 2538 1608 2588 ὸν
1619 2537 1729 2602 Χριστῷ,
1741 2537 1814 2588 καθά

270 2617 339 2681 Θεὸς
354 2621 402 2670 καί
417 2619 536 2684 Χριστὸς,
550 2619 566 2670 ό
579 2621 616 2683 είς
627 2621 676 2685 τῆς
688 2620 767 2685 όγίας
778 2619 899 2688 Ιθριόὸος,
911 2620 1020 2672 εὸὸσκία
1062 2624 1109 2674 καί
1119 2622 1201 2685 αὑτός
1212 2624 1241 2674 ὸν
1258 2623 1422 2689 εὐαγγελίοις
1434 2624 1555 2689 είρηκεν·
1573 2621 1605 2676 ‘0
1617 2623 1745 2688 έσρακὺς
1758 2624 1813 2688 eor,

268 2705 317 2755 τοῦ
328 2703 443 2770 Πατρός,
454 2706 501 2756 καί
516 2704 653 2757 ὸπελεόσει
663 2707 710 2756 τοῦ
721 2707 851 2772 παναγίου
867 2705 1020 2771 Πνεῦματος
1062 2708 1166 2774 όῶρακε
1182 2709 1228 2761 τὸν
1241 2708 1362 2774 Πατέρα·
1380 2710 1427 2760 καί
1438 2708 1529 2760 έπειτα
1545 2708 1654 2774 λέγεται
1669 2708 1813 2773 πρόσωπον

268 2789 405 2856 προελθὼν
418 2792 451 2844 έκ
458 2794 507 2858 της
515 2792 652 2858 πανάγνου
660 2791 804 2857 Θεοτόκσυ,
816 2792 889 2844 κατά
900 2792 948 2844 τόν
957 2793 1020 2844 θεο-
1063 2793 1130 2845 Θεοῦ
1141 2795 1188 2845 καί
1198 2795 1312 2860 βραχίων
1321 2793 1389 2846 Θεοῦ
1397 2795 1443 2844 καί
1452 2793 1559 2858 ὸόναμις
1568 2793 1644 2845 Θεοῦ.
1657 2793 1773 2859 Ἑτέρως
1783 2794 1813 2844 ὸέ

268 2876 351 2943 λόγον
361 2881 408 2930 καί
417 2880 500 2944 μέγαν
509 2879 662 2944 Γρηγόριον,
673 2880 740 2945 μετὰ
748 2881 796 2931 τοῦ
805 2879 1019 2946 προολημματος,
1061 2882 1093 2931 τὸ
1105 2880 1213 2947 εἰρηκός
1224 2881 1261 2947 μὴ
1269 2882 1389 2946 νοητέον,
1398 2881 1436 2942 είς
1448 2883 1544 2946 κτίσμα
1556 2881 1682 2946 κατὸγων
1692 2880 1739 2932 τὸν
1749 2879 1810 2931 nto

269 2961 342 3015 ὸνόκ
358 2965 405 3016 tto
422 2967 475 3016 τῶν
487 2965 612 3017 ἐναντίων
629 2965 729 3030 σαρκός
746 2967 793 3017 καί
809 2967 965 3032 πνεύματος,
983 2969 1021 3019 ῶν
1062 2966 1130 3018 Θεοῦ
1150 2968 1223 3020 κατά
1243 2967 1290 3018 τὸν
1308 2965 1419 3033 ὸυσσεὸη
1431 2965 1622 3031 ’Δπσλινόριση
1640 2966 1687 3018 τὸν
1705 2967 1815 3018 εἰπόντα

268 3051 301 3102 τὸ
320 3053 367 3118 μὸν
385 3035 490 3116 etheo,
502 3053 534 3104 τὸ
547 3053 577 3104 ὸὸ
595 3053 704 3118 ὸθεόεθη.
717 3053 789 3117 Ἄρα
804 3056 945 3120 τοιγαροῦν
956 3053 1020 3105 θεο-
1062 3052 1148 3105 ἀλλον
1159 3053 1206 3104 τὸν
1218 3051 1295 3114 Θεὸν,
1304 3054 1351 3104 τὸν
1360 3051 1634 3118 θαυματουργηοαντα
1643 3052 1754 3117 κόσμον,
1765 3053 1813 3104 ἀλ-

268 3142 375 3204 πρεπῶς
387 3139 570 3207 ὁμολογοῦμεν
581 3140 628 3192 τόν
638 3141 718 3191 αὑτὸν
728 3140 776 3191 θνα
785 3139 880 3204 Κόριον
889 3141 936 3191 καί
944 3140 1019 3205 Χρισ-
1061 3140 1110 3192 λον
1122 3140 1170 3192 τὸν
1181 3140 1292 3205 Χριστόν
1305 3140 1351 3192 τὸν
1364 3139 1492 3202 παθόντα,
1505 3139 1655 3201 θλλάὑτός
1664 3139 1719 3190 tort
1728 3155 1758 3192 τε
1766 3143 1814 3192 καί

268 3225 328 3277 τὸνΙ
347 3225 449 3279 τέλειον
466 3224 534 3278 Θεὸν
551 3228 598 3279 καί
615 3227 718 3278 τίλειον
736 3227 883 3292 ἄνθρωπον,
901 3228 930 3278 έν
948 3228 1019 3293 αὐτῷ
1062 3226 1168 3292 ἀπαθὴς
1184 3229 1231 3278 καί
1241 3226 1369 3293 παθητὸς,
1387 3226 1493 3292 ἀπαθὴς
1510 3229 1543 3291 τῇ
1559 3225 1679 3292 θεότητι,
1692 3225 1813 3293 παθητὸς

269 3311 319 3372 τὰς
331 3312 378 3363 όόο
391 3313 488 3379 φύσας,
508 3313 594 3365 εῐτουν
606 3313 697 3375 οόσίας
714 3314 812 3378 φόρων,
824 3314 861 3376 ῶς
879 3315 1020 3379 όμοσῦσιος
1061 3318 1099 3378 τῷ
1110 3314 1295 3380 προσλημμοιτι
1306 3315 1336 3365 όν
1345 3314 1412 3379 αὑτῇ
1425 3317 1458 3379 τῇ
1470 3313 1534 3379 ἁγίᾳ
1546 3313 1593 3365 καί
1603 3316 1651 3378 μιᾷ
1661 3314 1811 3377 ὑποστάσει,

269 3399 306 3451 ὸν
318 3404 355 3464 τῷ
367 3400 450 3467 Πατρί
467 3401 539 3453 κατά
550 3401 598 3468 την
614 3401 735 3468 θεότητα
747 3402 795 3453 κτίῑ
812 3401 935 3467 όμοόσιος
946 3402 1018 3468 ἡμῖν,
1062 3401 1078 3451 ό
1091 3401 1179 3466 φόρων
1191 3400 1239 3463 τάς
1251 3400 1297 3452 ὸῦο
1310 3399 1407 3462 οὑσίας.

838 3576 1009 3656 etaemus
1034 3572 1241 3656 xxrm.

311 3787 343 3831 ν.
363 3770 391 3850 1,
412 3769 441 3832 2.
458 3763 600 3847 Ἐξαδίου
622 3775 754 3853 σκηνῆς.
777 3764 951 3854 Ἐνέγκατε
972 3775 1017 3852 τῷ
1103 3785 1135 3831 ν.
1166 3769 1241 3846 1,2.
1267 3769 1311 3831 Ιπ
1332 3767 1422 3832 coito
1447 3765 1656 3832 commoti.
1682 3767 1810 3850 Δροσίς

269 3868 386 3955 Κυρίῳ,
399 3869 457 3934 υἱοί
470 3870 562 3954 θεοῦ,
575 3871 660 3948 υἱοὺς
671 3879 776 3956 κριῶν.
788 3867 961 3955 Ἐνέγκατε
972 3877 1017 3954 τῷ
1061 3873 1205 3952 Domino,
1213 3871 1291 3954 filii
1304 3871 1376 3950 Dei,
1394 3870 1493 3953 filios
1506 3871 1656 3936 artetum.
1683 3871 1813 3954 Astarte

269 3971 377 4058 Κυρίῳ
392 3972 486 4053 δόξαν
505 3977 560 4039 καί
582 3975 685 4060 τιμήν.
701 3973 874 4060 ’Ἐνέγκατε
896 3983 940 4060 τῷ
954 3973 1019 4039 Κυ-
1061 3977 1194 4042 Domino
1205 3976 1347 4059 aleriam
1368 3979 1401 4039 et
1413 3977 1569 4070 Ιιοπσνερπ.
1597 3969 1724 4058 Affertc'
1748 3977 1811 4040 Do-

269 4075 324 4163 ρίῳ
339 4076 432 4158 δόξαν
448 4077 577 4164 ὸνόματι
592 4081 702 4144 αὐτοῦ·
718 4078 958 4164 προσκυνήσατε
972 4088 1017 4166 τῷ
1060 4079 1146 4142 σκότου
1161 4078 1302 4162 storiam
1316 4079 1441 4143 ποικίλοι·
1458 4081 1540 4160 ejus,
1558 4079 1689 4144 adorato
1699 4081 1808 4145 Domi·

269 4180 376 4266 Κυρίῳ
391 4183 424 4249 ἐν
440 4181 522 4268 αὐλῇ
538 4180 616 4268 όιγίρι
631 4184 738 4249 αὑτοῦ.
764 4185 861 4252 Votir.
879 4186 953 4264 640,
972 4186 1000 4247 1.
1059 4199 1138 4247 παπ
1151 4184 1189 4246 io
1202 4183 1289 4247 atrio
1302 4187 1411 4248 sancto
1425 4183 1505 4262 ejus.

312 4285 397 4370 Πρὸς
413 4287 470 4371 μέν
485 4287 543 4371 τὴν
557 4285 695 4371 ἱστορίαν
711 4287 879 4365 δοκεῖτοῖς
899 4287 1013 4371 ἱερεῦσι
1040 4277 1042 4282 ’
1103 4285 1154 4350 Ad
1179 4286 1355 4350 historiam
1386 4287 1475 4368 qued
1504 4291 1643 4369 spectet,
1675 4287 1812 4353 videtur

267 4393 322 4455 καὶ
344 4388 500 4474 Λευίταις,
523 4390 604 4475 μετὰ
619 4391 677 4475 τὴν
700 4389 850 4456 ἀπόλυσιν
872 4391 931 4476 τὴν
953 4389 1017 4455 ἀπὸ
1060 4387 1345 4453 commonefacere
1367 4407 1428 4471 per
1444 4389 1537 4453 huno
1559 4392 1739 4472 psalmum,
1759 4409 1811 4455 eo-

266 4503 325 4581 της
339 4503 472 4580 σκηνῆς,
487 4492 719 4579 παραγγέλλειν
731 4495 783 4559 διὸι
793 4503 849 4559 τοῦ
860 4493 1015 4578 παρόντος
1060 4490 1210 4556 cerdotee
1233 4483 1408 4574 ε11ενίίοο,
1431 4497 1508 4574 poet
1524 4494 1734 4559 ablutionem
1749 4512 1807 4558 ex-

272 4599 410 4687 ψαλμοῦ,
429 4599 501 4666 τίνα
527 4597 598 4666 ὸέον
621 4600 705 4666 έστίν
726 4598 955 4685 ίτοιμάσαντας
976 4609 1015 4686 τῇ
1059 4603 1112 4661 tro
1119 4597 1376 4661 tabernaculum
1384 4602 1504 4678 actem,
1512 4599 1718 4679 quibusnam
1727 4616 1805 4662 eum

270 4703 430 4790 ὑστεραίᾳ,
442 4702 537 4769 πόλιν
548 4704 687 4791 ἐνεγκεῖν
699 4705 755 4770 σόν
766 4703 842 4782 υἱοῖς
856 4711 951 4787 κριῶν
967 4703 1017 4768 ὸό-
1059 4701 1161 4765 rebus
1175 4701 1336 4785 postridie
1348 4702 1555 4784 preparetis,
1567 4706 1720 4786 oporteat
1735 4721 1809 4766 rur·

301 4910 351 4968 Pe.
363 4928 476 4983 mm,
494 4928 523 4969 v.
541 4912 566 4981 1,
583 4910 610 4966 θ.
622 4911 691 4968 Vet
710 4912 745 4967 10
761 4911 793 4967 in
810 4911 907 4985 priore
924 4917 1018 4985 parte,
1061 4907 1180 4964 Denter.
1193 4923 1222 4977 ν,
1235 4908 1278 4963 16.
1296 4905 1404 4983 Ερίιοε.
1417 4924 1457 4978 τι,
1473 4908 1500 4963 2.
1518 4907 1639 4966 Deuter-
1657 4921 1755 4978 xxm,
1769 4906 1812 4962 16.

266 4997 362 5054 vetio
381 4997 399 5054 ό
416 4999 449 5054 in
466 4997 578 5067 eltere,
602 5013 668 5069 quo
691 4998 840 5072 eomplont
864 4998 1018 5070 volgatum
1061 4995 1206 5066 Περσεία
1222 5011 1287 5051 ειυπ
1306 5011 1350 5052 m
1365 4993 1431 5052 hmo
1442 5011 1513 5052 eene
1530 5012 1593 5070 pree
1604 4994 1696 5052 oeulis
1707 4991 1815 5050 hebuit

267 5079 389 5140 Boeotii
404 5084 586 5158 procamium,
604 5084 792 5156 quantumvis
810 5083 891 5141 edite
912 5083 1019 5159 prodo·
1061 5080 1240 5154 Euthymios
1251 5081 1427 5152 Zigebenue,
1439 5097 1527 5153 quem
1538 5081 1648 5140 videet·
1658 5081 1690 5137 in
1698 5079 1811 5137 Petrot

267 5173 380 5226 centur.
390 5169 427 5228 of.
441 5186 466 5231 11
478 5171 544 5228 (tor.
558 5187 587 5228 v.
600 5171 626 5226 ὸ
639 5171 689 5227 Pe.
708 5187 757 5242 xo,
771 5172 813 5228 10.
826 5187 838 5229 1
857 5169 931 5228 rixo
945 5189 973 5242 ν,
992 5172 1019 5229 6.
1062 5185 1106 5240 gr.
1119 5174 1140 5223 t
1155 5182 1310 5238 σκκκνιιι,
1323 5167 1377 5224 eol.
1389 5167 1450 5223 θθθ.
