4044 6104
872 438 1082 544 susumus
1682 476 1749 542 445

203 616 274 662 ται·
295 593 489 688 λυτρόσεται
511 594 689 685 άνθρωπος;
713 595 788 664 ἀλλ’
801 595 874 664 oon
893 596 952 664 δύ-
994 597 1137 664 redimet.
1149 595 1535 664 cedimtmtomovsed
1543 615 1643 684 περιτο
1653 599 1748 669 ullus

203 719 253 766 σει
274 721 320 780 τις
335 709 380 788 τῷ
394 702 466 790 Θεῷ
480 703 635 791 ἐξίλασμα
650 704 729 790 trip
749 703 864 770 ἑαυτοῦ
881 701 953 768 κατ’
995 701 1061 767 Deo
1075 700 1164 766 datii
1178 719 1242 784 pro
1256 719 1291 767 se
1301 702 1482 783 ρίοαιίιονι,
1501 705 1537 767 in
1554 705 1670 770 eodem
1686 708 1748 771 illo

203 803 329 890 ἐκείνην
351 808 411 892 τήν
436 805 570 895 ήμίραν,
599 809 673 874 οὐδὲ
695 809 801 893 ῶσπερ
823 806 952 887 ἐξωνού-
996 807 1061 887 die,
1076 825 1186 888 neque
1211 825 1247 870 se
1266 809 1364 888 quasi
1390 809 1454 871 sub
1481 809 1579 872 haste
1604 828 1746 892 ponens,

204 928 296 994 μενος
311 908 434 996 ἑαυτόν,
449 915 544 999 τιμήν
558 913 627 979 ἀντὶ
642 922 699 999 της
714 913 828 979 ἑαυτοῦ
847 913 952 998 ψυχῆς
998 909 1147 972 valorem
1164 910 1199 972 in
1215 911 1324 990 pretio
1339 911 1462 974 animm
1479 929 1551 976 suae
1566 918 1681 994 ponet:
1698 917 1748 980 ite

203 1013 440 1099 καταθήσεται·
462 1018 543 1084 ῶστε
560 1017 691 1104 μάταιος
713 1017 730 1081 δ
752 1017 887 1093 πλοῦτος
909 1023 953 1102 τῷ
997 1017 1038 1076 ut
1063 1031 1159 1077 voum
1189 1014 1259 1076 sint
1284 1015 1471 1096 possidenti
1493 1015 1632 1098 divitim,
1659 1036 1749 1082 vena

202 1117 399 1204 cecropium,
425 1123 481 1186 καί
508 1117 628 1207 ματαία
648 1119 670 1205 ή
692 1121 798 1208 θνητή
825 1122 953 1208 δύναμις
997 1135 1115 1182 eorum
1131 1115 1242 1200 quiin
1258 1119 1318 1182 illu
1344 1119 1462 1184 confisi
1478 1126 1569 1202 sunt,
1592 1123 1746 1187 mortalis

202 1229 265 1287 τῶν
280 1221 332 1287 ἐπ’
342 1223 424 1309 αἰπη
439 1224 641 1292 πεποιθότων.
658 1225 698 1291 Εἰ
714 1227 770 1312 μὲν
788 1226 850 1312 γάρ
865 1225 951 1290 κατά
996 1223 1157 1304 potentio.
1173 1221 1267 1297 Quod
1281 1223 1312 1285 si
1328 1224 1500 1286 enimvero
1516 1240 1577 1304 per
1598 1226 1750 1290 curricu-

203 1327 257 1418 τὸν
271 1325 414 1411 παρόντα
435 1325 503 1414 βίον
516 1329 572 1394 καί
586 1330 645 1415 τήν
663 1328 841 1396 ενοστῶσαν
856 1327 952 1414 ζωήν,
996 1326 1069 1389 lum
1094 1326 1174 1390 vitm
1201 1330 1235 1389 et
1264 1327 1300 1390 in
1327 1344 1398 1390 sevo
1429 1328 1588 1408 instante,
1620 1329 1746 1411 aliquis

203 1427 360 1514 χρήσαιτό
382 1449 429 1508 τις
451 1421 577 1518 ιττλούτιρ
598 1432 715 1514 καλῶς,
738 1414 953 1518 ἐπιστημόνως
996 1429 1118 1510 opibus
1132 1433 1223 1493 recte
1238 1428 1382 1511 fructur,
1408 1431 1554 1494 scienter
1573 1430 1637 1494 hcc
1664 1433 1749 1496 usus

203 1531 366 1617 χρώμενος
380 1535 478 1600 αὐτοῦ
492 1545 532 1621 τῇ
547 1533 659 1621 κτήσει
673 1537 759 1601 κατά
777 1537 837 1622 τήν
851 1556 953 1620 σωτη·
996 1533 1216 1614 possessione,
1232 1533 1334 1614 juxta
1354 1535 1504 1599 sclutnre
1532 1535 1749 1600 mandatum:

204 1633 274 1722 ρίαν
287 1636 516 1725 παραγγελίαν·
533 1632 589 1720 Ἢ,
605 1639 693 1724 φησί,
711 1635 757 1717 τίς
772 1638 835 1722 άρα
850 1639 867 1702 ό
882 1661 954 1704 πισ·
999 1640 1075 1700 «An
1086 1639 1164 1718 quis
1180 1655 1272 1720 ergo,
1287 1639 1346 1720 cit,
1361 1637 1472 1702 fidelis
1488 1644 1522 1702 et
1536 1640 1683 1720 prudens
1699 1641 1749 1704 di·

200 1739 254 1815 τός
275 1740 331 1803 καί
352 1739 500 1826 φρόνιμος
525 1740 711 1828 οἰκονόμος,
735 1743 770 1820 δς
793 1741 828 1807 ἰν
852 1750 952 1830 καιρῷ
996 1749 1248 1823 spensatcrest,
1266 1744 1378 1825 quiin
1404 1747 1553 1826 tempore
1569 1745 1664 1809 dubit
1688 1747 1748 1809 tri·

202 1841 298 1909 δύσει
312 1847 348 1909 τό
362 1844 557 1932 σιτομέτριον
570 1856 636 1924 τοῖς
652 1846 849 1932 συνδούλοις;
869 1842 954 1912 ίλπί-
997 1847 1056 1909 tici
1072 1863 1267 1910 mensuram
1282 1848 1475 1912 conservis?
1490 1868 1507 1908 κ
1524 1850 1589 1913 iste
1604 1866 1680 1931 spes
1692 1865 1749 1932 op-

201 1947 258 2026 δας
270 1947 332 2028 ἕξει
344 1949 476 2038 ἀγαθάς.
488 1951 652 2018 Ἐντεῦθεν
663 1951 727 2039 ήδη
740 1949 869 2038 σπείρας
881 1951 953 2017 tcu-
997 1950 1100 2014 timos
1114 1950 1263 2014 habebit.
1284 1955 1403 2016 «Cum
1430 1953 1493 2017 tibi
1504 1951 1576 2033 jam
1603 1956 1748 2018 semina-

200 2059 245 2136 τῷ
261 2052 304 2130 εἰς
325 2052 537 2146 δικαιοσύνην,
560 2055 718 2142 τρύγησον
740 2055 775 2120 δὲ
789 2055 861 2120 τότε
877 2076 974 2141 καρ»
997 2054 1088 2117 veris
1104 2055 1140 2116 in
1152 2051 1335 2135 justitium,
1347 2059 1430 2118 tuno
1446 2057 1525 2120 vitae
1540 2057 1665 2136 collige
1679 2057 1752 2122 fru-

201 2158 279 2233 πσύς
302 2157 397 2244 ζωης,
420 2157 533 2244 λύτρον
554 2159 617 2245 γάρ
639 2158 750 2245 ἀνδρὸς
768 2161 800 2244 ή,
825 2158 953 2245 ρηοινό
997 2161 1082 2222 otus.
1106 2159 1302 2240 Redemptio
1317 2161 1410 2222 enim
1428 2161 1505 2240 viri,
1527 2162 1578 2223 sit
1599 2163 1745 2242 sepiens,

204 2263 312 2346 σορός,
328 2261 346 2327 ό
359 2262 437 2340 ίδιος
452 2262 598 2341 πλοῦτος.
619 2263 659 2329 Εἰ
674 2263 708 2328 δὲ
724 2263 822 2349 μηδὲν
836 2263 954 2330 τούτων
997 2263 1141 2344 proprie
1155 2264 1226 2327 sint
1239 2263 1377 2327 divitiae.
1395 2284 1413 2324 ν
1431 2266 1570 2340 Quodsi
1586 2265 1673 2329 nihil
1688 2266 1751 2330 ho-

203 2364 340 2450 πράξειε,
363 2366 514 2454 ναυάγιον
534 2368 698 2445 πεπονθὼς
721 2371 778 2435 σύν
800 2369 885 2454 αὐτῷ
909 2377 954 2454 τῷ
997 2384 1074 2430 rum
1100 2366 1228 2448 fecerit,
1254 2369 1435 2448 naufragio
1463 2371 1642 2435 immersus
1669 2389 1748 2436 cum

202 2468 307 2555 ρόρτιρ
320 2477 378 2534 τοῦ
400 2470 549 2554 πλούτου,
564 2473 623 2558 τήν
645 2471 760 2537 ίαυτοῶ
775 2471 883 2558 ψυχήν
898 2470 955 2556 ζη-
996 2472 1071 2552 ipss
1085 2487 1187 2552 opum
1203 2474 1347 2553 sarcina,
1362 2491 1459 2537 suom
1476 2475 1585 2555 ipsius
1600 2475 1752 2539 animam

202 2571 403 2660 μιωθήσεται,
424 2573 531 2640 οὐκέτι
552 2574 690 2662 χρῆσθαι
716 2575 886 2662 δυνάμενος
908 2584 953 2664 τῷ
996 2575 1124 2657 perdet,
1150 2577 1245 2638 nullo
1264 2575 1337 2655 jam
1360 2594 1427 2642 usu
1442 2577 1649 2658 divitiarum,
1672 2584 1749 2661 post

201 2677 328 2763 πλούτῳ
350 2679 430 2764 μετὰ
451 2680 510 2764 τήν
532 2676 655 2746 ἐνθίνδε
677 2678 881 2767 ἀπαλλαγήν.
897 2679 951 2747 Διό
997 2677 1101 2759 hujus
1116 2680 1194 2744 vitae
1212 2680 1353 2761 exitum,
1369 2680 1437 2744 frui
1455 2683 1583 2745 velens.
1604 2683 1698 2761 Ergo
1714 2683 1749 2746 in
1844 2759 1846 2764 ,

203 2781 238 2849 ἰν
253 2791 292 2868 τη
315 2782 526 2871 προλεχθείση
541 2781 657 2872 ήμίρρι,
680 2787 753 2849 ούτι
767 2785 862 2863 αὐτὸς
876 2785 955 2872 ύπὲρ
997 2783 1089 2848 dicte
1103 2783 1168 2864 die,
1198 2801 1309 2866 neque
1324 2785 1397 2867 ipse
1423 2802 1484 2867 pro
1504 2803 1541 2849 se
1563 2787 1751 2866 placamen,

202 2886 316 2952 ἑαυτοῦ
339 2886 494 2973 εξίλασμα
516 2887 620 2970 δύσει,
637 2889 710 2954 οὐδὲ
729 2890 823 2975 τιμήν
837 2889 955 2975 λυτρύ·
997 2905 1108 2969 neque
1123 2889 1272 2969 pretium
1288 2887 1392 2970 dubit,
1408 2907 1476 2971 quo
1491 2890 1684 2955 animosus
1699 2908 1753 2954 re-

202 3011 282 3068 σεως
296 2991 351 3054 καί
367 2990 543 3077 ἐλευθερίας
553 3001 610 3078 της
621 2991 737 3058 ίαυτοῶ
751 2992 867 3078 ψυχης,
880 2997 953 3059 ούτι
997 2991 1148 3056 dimutur
1162 3009 1202 3056 ec
1217 2992 1390 3073 liberetur,
1405 3010 1517 3076 neque
1532 3013 1554 3057 ιι
1568 2994 1672 3059 fratre
1688 2999 1750 3060 cut

203 3095 264 3161 ὑπὸ
279 3094 418 3181 άδελιροῠ
433 3099 489 3162 καί
511 3094 687 3184 συγγενέας
703 3096 953 3182 ὠφεληθήσεται.
997 3096 1172 3176 parentela
1194 3095 1384 3176 J'uvsbitur.
1404 3097 1466 3161 =Illi
1491 3115 1574 3162 vcro
1599 3100 1660 3181 qui
1685 3117 1749 3163 nec

204 3197 244 3264 Οἱ
260 3199 295 3265 δὲ
310 3197 384 3287 μήτ’
396 3201 448 3264 tul
469 3200 595 3285 πλούτιρ
609 3199 802 3281 πεποιθότες,
820 3199 892 3286 μήτ’
903 3203 955 3267 ἐπί
998 3199 1118 3280 opibus
1132 3199 1263 3281 confisi,
1279 3217 1389 3282 neque
1415 3201 1548 3266 viribus
1562 3203 1635 3266 suis
1657 3219 1749 3266 arro-

204 3303 334 3391 δυνάμει
348 3303 622 3390 ἀλαζονευόμενοι,
646 3304 784 3391 ἔγκοτον
803 3304 839 3368 δὲ
853 3305 908 3370 καί
922 3303 954 3369 ί·
997 3309 1130 3381 gentes,
1156 3302 1359 3368 laboriosam
1374 3305 1482 3368 vitam
1509 3322 1751 3370 aerumuosam-

205 3407 337 3475 πίπονον
358 3411 412 3475 τόν
426 3409 568 3493 παρόντα
587 3407 782 3494 κτησάμενοι
804 3404 879 3494 βίον,
896 3416 953 3492 τής
997 3423 1064 3488 que
1076 3408 1305 3486 toleraverint,
1317 3408 1772 3499 promissodivinoorcculm

202 3513 264 3580 θπδ
285 3523 341 3579 τοῦ
362 3511 460 3600 λόγου
482 3509 724 3599 ἐπηγγελμίνης
747 3511 832 3596 ζωης
854 3531 954 3576 κατα-
997 3510 1070 3572 vito
1084 3509 1183 3588 digni
1199 3511 1461 3592 reputabuntur.

204 3617 421 3703 ξιωθήσονται.

247 3718 336 3786 Ἀντί
349 3729 414 3784 τοῦ·
432 3718 499 3784 Καί
521 3716 690 3785 ἐκοπίασεν
709 3718 754 3796 εἰς
777 3720 832 3784 τόν
854 3718 954 3784 αἰῶνα
1041 3718 1106 3780 Ριο
1117 3717 1192 3780 illo:
1203 3715 1377 3782 ύιιθονιιυάί
1389 3717 1428 3782 io
1444 3721 1598 3783 σύσκηνοι
1610 3722 1643 3784 εἰ
1662 3720 1751 3784 vicet

203 3824 260 3889 καί
279 3822 413 3909 ζήσεται
427 3823 471 3901 εἰς
493 3822 593 3909 τέλος,
613 3825 630 3888 ό
653 3823 827 3910 Σύμμαχος
841 3842 953 3908 φησιν·
995 3819 1101 3887 addito
1111 3820 1269 3903 instrum,
1280 3823 1504 3904 Symmachus
1515 3823 1653 3889 ιιίίεθεό
1655 3827 1749 3904 post-

207 3926 312 3994 Ἀλλά
337 3927 549 4015 παυσάμενος,
577 3929 665 4013 φησί,
694 3937 738 4015 τῷ
764 3928 853 3994 αἰῶνι
882 3927 953 3993 τού·
995 3942 1095 4008 quam
1117 3925 1278 4006 requievit
1301 3925 1339 3988 οἰι
1364 3927 1422 3992 ltoc
1435 3927 1562 4007 occule,
1585 3926 1696 3992 οίοειιε
1709 3929 1748 3992 io

202 4052 257 4117 τιμ,
273 4032 337 4111 ζῶν
352 4033 396 4108 εἰς
420 4032 520 4097 αἰῶνα
535 4031 717 4098 διατελέσει.
738 4031 835 4098 Κατόι
849 4033 884 4097 δὲ
900 4034 954 4097 τόν
995 4033 1148 4094 almum
1162 4027 1393 4110 perseverabit.
1417 4031 1525 4094 Juxta
1541 4047 1621 4094 vero
1644 4033 1748 4112 Aqui-

205 4133 365 4202 Ἀκύλαν·
380 4135 445 4201 Καί
460 4136 622 4202 ἐπαύσατο
642 4137 687 4214 είς
701 4138 810 4220 αίῶνα,
826 4138 882 4201 καί
896 4135 953 4222 ζή-
996 4133 1082 4196 lam:
1097 4133 1143 4198 ut
1155 4132 1316 4216 requt'ecit
1325 4135 1364 4198 ιἰι
1376 4134 1539 4214 scaduno,
1561 4139 1594 4200 εἰ
1611 4137 1698 4201 nicet
1712 4136 1751 4200 τίι

204 4261 293 4306 σεται
308 4241 351 4318 εἰς
365 4249 461 4317 νικος.
476 4239 517 4305 Ἥ
532 4241 567 4305 δὲ
582 4239 708 4326 πίμπτη
725 4240 848 4318 ἔκδυσις
861 4261 869 4278 ·
884 4240 950 4306 Καί
995 4239 1175 4304 victoriam.
1192 4239 1317 4314 Quinte
1331 4243 1447 4303 cutem
1463 4240 1583 4304 editio:
1607 4240 1653 4305 lu
1664 4240 1751 4306 lado·

204 4343 382 4428 ἐκοπίασεν,
395 4348 500 4430 φησίν,
514 4346 558 4423 εἰς
569 4347 622 4410 τόν
635 4347 734 4411 αἰῶνα
749 4345 805 4411 καί
819 4345 952 4432 ζήσεται
995 4345 1095 4423 coeit,
1119 4344 1179 4424 cit,
1194 4345 1232 4408 ιἰι
1252 4342 1415 4424 seculum,
1438 4347 1470 4408 et
1490 4345 1577 4408 οιόεί
1597 4343 1634 4408 io
1648 4345 1747 4410 οἰοιο-

204 4451 248 4528 εἰς
263 4459 358 4528 νῖκος.
372 4447 411 4516 Ὁ
426 4451 488 4539 γάρ
503 4452 537 4516 ἐν
549 4459 592 4536 τῷ
604 4449 733 4534 παρόντι
752 4451 841 4516 αἰῶνι
855 4471 954 4516 κατα·
994 4447 1091 4511 riam.
1107 4448 1172 4523 Qui
1188 4447 1280 4510 enim
1296 4447 1332 4509 in
1347 4448 1505 4527 presenti
1528 4448 1600 4510 vite
1616 4448 1750 4511 lobora-

203 4553 320 4632 πιάσας
335 4554 413 4638 ὑπὲρ
428 4553 587 4632 εὐσεύείας
601 4555 657 4618 καί
672 4554 881 4638 δικαιοσύνης,
894 4564 951 4641 της
996 4553 1047 4614 vit
1061 4569 1122 4632 pro
1134 4552 1301 4630 religione
1317 4557 1350 4613 et
1360 4548 1507 4630 justitie,
1519 4569 1541 4613 ιι
1555 4553 1664 4614 multo
1674 4557 1748 4616 tur·

203 4659 326 4744 πολλης
350 4657 466 4744 τύρδης
491 4660 546 4723 καί
568 4667 712 4745 ταραχης
739 4658 950 4745 παυσάμενος,
996 4658 1040 4719 ba
1063 4662 1098 4719 et
1115 4656 1267 4718 tumultu
1294 4656 1518 4735 requiescens,
1542 4659 1690 4720 semotus
1714 4663 1750 4721 et

202 4765 322 4850 ήρεμον
344 4764 400 4827 καί
412 4760 547 4849 ἡσύχιον
568 4762 673 4845 διάξει,
696 4763 879 4849 τευξόμενος
901 4765 953 4830 ἐπί
996 4760 1204 4842 tranquillus
1219 4759 1331 4838 deget,
1355 4760 1390 4820 in
1414 4758 1481 4821 fine
1500 4761 1670 4839 potiturus
1685 4763 1749 4825 im·

192 4867 287 4962 .τέλει
300 4877 358 4953 της
373 4865 499 4933 αἰωνίου
514 4867 609 4952 ζωης.
998 4867 1133 4930 mortali
1145 4866 1227 4927 vito.

247 4993 279 5036 v.
297 4974 348 5053 10,
366 4972 416 5035 11.
432 4964 503 5035 Ὀτι
525 4969 585 5035 οόκ
603 4971 716 5055 όψεται
735 4971 950 5058 καταφθοράν,
1038 4989 1070 5032 ν.
1090 4971 1141 5048 10,
1166 4970 1216 5031 11.
1236 4969 1311 5034 Nou
1331 4967 1653 5052 emolumentum,
1677 4990 1753 5038 οιιικ

204 5079 281 5142 όταν
295 5075 346 5160 ίδη
362 5077 480 5160 σοροὺς
495 5072 766 5161 ἀποθνήσκοντας.
994 5074 1116 5142 uiderit
1125 5073 1289 5154 raptum
1298 5073 1478 5140 mortuos.

239 5237 267 5278 v.
280 5221 323 5291 10,
336 5219 377 5290 ll,
391 5219 433 5276 12.
445 5217 492 5275 nx
504 5215 569 5274 eod.
578 5214 674 5274 Votic.
684 5217 726 5273 13.
739 5214 833 5274 Field.
846 5233 877 5290 u,
891 5219 952 5276 174.
965 5220 981 5275 l
994 5217 1060 5275 (lor.
1074 5217 1100 5286 1,
1111 5215 1156 5269 20.
