4006 6090
835 436 885 500 ‘IN
907 434 1093 504 PSALMOS
1294 483 1296 486 -
1677 436 1742 499 329

196 573 214 638 δ
229 571 265 636 δέ
279 581 418 648 τοιοῦτος
434 570 547 638 έαοτδν
562 570 622 658 οὐχ
637 571 721 657 δψοί,
737 571 808 638 ἀλλ’
819 573 870 638 έπί
885 575 945 658 την
988 576 1099 654 gradu
1110 576 1275 640 consistit.
1288 575 1490 656 Huiusmodi
1502 579 1555 641 vir
1566 594 1633 641 non
1646 577 1736 640 exal·

197 675 311 740 ἑαυτοῦ
324 673 446 760 μητέρα
458 676 601 760 ὑψοῦται,
617 676 688 760 περί
702 677 742 761 ης
754 675 890 760 εἴρηται·
904 675 945 742 Ἥ
990 685 1041 743 tot
1070 698 1116 760 ee,
1147 679 1206 744 sed
1236 679 1478 758 magnificatur
1502 699 1604 762 super
1631 685 1740 743 matre

196 780 232 844 δὲ
254 781 319 845 ἅνω
342 778 554 866 Ἰερουσαλὴμ
575 777 726 863 ἐλευθέρα
754 779 856 846 ἐστίν·
878 782 946 866 ἥτις
991 803 1063 864 sue,
1084 785 1125 848 de
1141 802 1209 865 que
1223 786 1399 849 scribitur:
1424 789 1604 868 «superne
1624 790 1737 852 entem

196 883 262 948 ἐστί
277 882 384 971 μήτηρ
405 883 531 950 πάντων
545 882 646 970 ἡμῶν.
662 883 785 968 Καίπιρ
801 883 947 971 βασιλεὺς
991 888 1203 953 Hierusalem
1227 886 1333 952 libero
1356 892 1424 968 est,
1451 907 1527 971 quae
1553 895 1662 954 meter
1688 895 1740 954 est

195 987 270 1074 ἐγὼ,
293 990 389 1073 φησίν
411 989 428 1052 δ
452 997 615 1072 τοσοῦτος,
643 989 789 1054 ταπιινθν
811 989 947 1076 δμαυτδν
991 996 1141 1062 nostro.»
1158 1027 1196 1037 -
1211 993 1435 1068 Quantumvis
1448 1011 1508 1056 rex
1519 1010 1584 1071 ego
1595 993 1670 1073 sim,
1687 995 1739 1058 in·

194 1091 410 1178 ιιαταοιηοας,
423 1090 630 1178 προσήγαγον
640 1100 684 1177 τῷ
696 1093 818 1180 ίλασμῷ
833 1096 888 1159 καί
898 1103 942 1181 τῷ
990 1095 1066 1176 quit
1088 1099 1204 1160 tentus
1227 1095 1289 1175 vir,
1311 1113 1365 1158 me
1387 1096 1552 1160 humilem
1574 1101 1739 1177 statuens,

194 1195 297 1279 λθτρῳ
311 1205 369 1280 της
384 1193 560 1280 σωτηρίας·
581 1199 679 1275 οὕτως
695 1197 723 1263 εί
736 1197 856 1283 ταύτην
871 1217 942 1286 μετ-
986 1200 1111 1262 accessi
1127 1199 1170 1261 cd
1184 1200 1358 1280 piaculum
1377 1205 1411 1263 et
1435 1201 1583 1281 pretinm
1607 1201 1738 1264 solutis.

196 1298 282 1365 έλθοι
303 1302 362 1386 την
385 1301 458 1366 ὁδὸν
472 1299 615 1386 Ἰσραὴλ,
635 1299 879 1386 λυτρωθήαεται.
897 1301 942 1368 Τὸ
991 1306 1052 1385 Ito,
1075 1307 1105 1368 si
1132 1304 1284 1368 eamdem
1308 1306 1457 1368 inviam
1487 1309 1686 1385 revertatur,
1711 1308 1740 1368 1-

154 1439 157 1444 ·
194 1411 252 1488 της
281 1403 496 1488 ὑπερηφανίας
526 1404 635 1487 πάθος,
667 1403 799 1489 καρδίας
826 1406 943 1491 ψεκτὸν
985 1409 1074 1472 srael
1100 1407 1310 1471 liberabitur.
1338 1443 1376 1453 -
1395 1408 1568 1490 Superbiae
1583 1410 1739 1473 morbum

195 1507 310 1595 ὕψωμα
331 1509 387 1572 καί
406 1505 578 1594 ὀφθαλμῶν
593 1513 805 1596 μετεωρισμδν
820 1508 943 1594 ὼνόμα-
986 1513 1122 1576 vocavit
1136 1514 1288 1594 ineptum
1305 1513 1418 1577 cordis
1434 1520 1603 1578 tumorem
1615 1521 1649 1578 et
1664 1532 1742 1578 ocn-

196 1631 262 1678 οεν.
987 1617 1098 1680 lorum
1113 1618 1347 1698 supercilium.

773 1859 945 1940 Pserimos
972 1856 1164 1937 CXXXI.

239 2163 270 2208 v.
297 2145 325 2208 1.
348 2140 524 2229 Μνηοθητι,
546 2141 655 2228 Κύριε,
678 2151 734 2208 τοῦ
756 2140 862 2228 Δαυίδ,
886 2144 941 2209 καί
1029 2163 1061 2208 ν.
1082 2147 1110 2208 1.
1129 2147 1295 2226 Memento,
1314 2147 1459 2227 Domine,
1474 2145 1739 2214 Dooicictonmir

193 2247 300 2332 πάσης
314 2255 372 2331 τῆς
387 2245 565 2332 πραότητος
581 2249 688 2313 αὺτοῦ.
984 2249 1246 2315 comminante
1260 2250 1342 2331 ejus.
1747 2287 1750 2292 ·

237 2351 381 2418 Ἐκείνοο
403 2351 592 2438 μνημονεύει
610 2353 627 2417 ὁ
649 2350 766 2439 Κύριος
787 2360 844 2418 τοῦ
865 2353 940 2438 ένιῖι
1027 2353 1124 2417 Illius
1140 2353 1296 2417 meminit
1319 2355 1487 2418 Dominus
1502 2355 1537 2419 in
1562 2373 1630 2437 quo
1652 2361 1738 2422 est...

193 2454 342 2542 γίνεται,
358 2457 398 2524 Εἰ
409 2457 444 2522 δὲ
455 2458 633 2542 πραότητος
646 2457 833 2542 μνημονεύει
845 2458 862 2523 ὁ
872 2456 940 2523 Κύ-
982 2456 1012 2520 si
1027 2461 1142 2520 cutem
1157 2459 1433 2522 mensuetudinis
1454 2461 1610 2523 meminit
1625 2461 1737 2524 Domi-

193 2580 268 2644 ριος,
283 2559 405 2645 πολλῆς
420 2559 594 2647 ἀοργηαίας
608 2558 712 2646 χρεία,
724 2562 776 2626 ίνα
789 2582 836 2638 τις
848 2558 937 2648 δέξη-
983 2579 1059 2642 nus,
1074 2565 1184 2626 multe
1198 2563 1344 2626 lenitate
1360 2579 1448 2644 opus
1463 2567 1524 2644 est,
1540 2568 1580 2627 ut
1594 2565 1672 2645 quis
1683 2582 1739 2628 sn·

191 2684 244 2730 ται
258 2665 312 2731 τδν
328 2663 419 2731 Θεθν.
435 2703 477 2714 -
493 2657 539 2729 Ἢ
553 2665 609 2728 καί
623 2663 665 2743 ὡς
684 2673 784 2750 πρᾶος
799 2664 817 2730 ὁ
832 2663 938 2751 Δαυίδ,
981 2665 1105 2745 scipiat
1128 2667 1249 2730 Deum.
1275 2701 1316 2712 ·-
1344 2667 1406 2730 Vel
1429 2667 1511 2748 quia
1533 2670 1733 2730 mansuetus

190 2767 403 2855 κληρονομίαν
419 2769 508 2854 αίτεί,
523 2769 583 2855 τὴν
597 2777 659 2835 τῶν
670 2768 807 2854 πραέων,
822 2777 893 2856 γῆν.
985 2773 1063 2832 eret
1091 2769 1210 2850 David,
1234 2755 1464 2833 hereditatem
1487 2772 1636 2852 postulet
1658 2787 1737 2851 qum

982 2879 1037 2938 est
1052 2881 1319 2955 mansuetorum,
1335 2880 1470 2938 terrem.
1678 2889 1682 2904 ·

230 2998 262 3043 ν.
280 2981 309 3044 6.
326 2977 409 3044 Ἰδοὺ
424 2979 608 3065 ἠκούσαμεν
622 2981 721 3064 αὐτην
736 2981 769 3046 ἐν
780 2979 934 3067 Ἐφραθᾷ,
1025 2997 1058 3042 ν.
1075 2979 1106 3043 6.
1124 2981 1205 3045 Ecce
1228 2979 1413 3044 audicimus
1432 2995 1502 3043 ιιιιιι
1515 2979 1553 3042 in
1573 2980 1732 3060 Epirote,

185 3084 317 3169 εὕρομεν
333 3087 432 3170 αὐτὴν
447 3085 480 3150 ἐν
495 3094 560 3164 τοῖς
574 3083 692 3163 πεδίοις
707 3095 762 3150 τοῦ
778 3084 906 3172 δρυμοῦ.
980 3081 1165 3147 invenimus
1179 3101 1249 3148 eom
1263 3084 1301 3148 in
1315 3085 1437 3165 rumpis
1450 3084 1557 3166 τρίτα.

231 3187 309 3273 Περὶ
325 3197 383 3274 τῆς
405 3189 516 3276 σοφίας
530 3188 617 3276 λέγει
639 3199 850 3275 προφητικῶς,
866 3191 935 3275 ητις
1025 3188 1223 3269 Prophetioe
1244 3189 1397 3270 loquitur
1412 3190 1453 3253 de
1475 3189 1641 3270 sapientie
1657 3207 1733 3270 quae

185 3292 270 3358 ἐστίν
292 3293 310 3357 ὁ
332 3292 477 3378 Χριστός.
502 3333 543 3343 -
559 3288 606 3359 Ἥ
628 3295 683 3358 καί
705 3292 828 3371 ἄλλως·
851 3296 933 3379 ἅπερ
980 3297 1031 3356 est
1045 3292 1208 3356 Christus.
1228 3327 1266 3338 —-
1283 3295 1345 3358 Vel
1360 3293 1476 3356 aliter:
1501 3311 1577 3374 quae
1592 3293 1730 3356 audive-

186 3398 331 3482 ἥκουσαν
351 3399 440 3483 παρὰ
461 3406 523 3463 τῶν
545 3395 699 3482 πατέρων,
720 3399 824 3484 φησίν,
848 3397 890 3478 ὡς
911 3397 934 3483 η
979 3400 1061 3459 runt
1074 3414 1094 3458 e
1109 3396 1273 3478 patribus,
1287 3397 1410 3478 inquit,
1423 3397 1732 3480 videlicetquomo·

183 3511 241 3566 τοῦ
255 3502 339 3570 Θεοῦ
363 3503 465 3588 σκηνὴ
489 3490 610 3587 περιείη
632 3511 808 3588 πανταχοῦ,
824 3502 863 3567 ἐκ
884 3503 935 3568 τθ-
979 3498 1021 3562 do
1048 3499 1309 3570 tabernaculum
1336 3502 1400 3564 Dei
1426 3501 1601 3564 circuierit
1631 3502 1735 3565 unde-

183 3624 245 3669 που
259 3603 356 3671 τόπον
378 3603 560 3692 ἀμείθουσα,
577 3607 611 3671 ἐν
627 3605 736 3690 ἀγροῖς
759 3625 793 3670 τε
808 3608 864 3671 καί
882 3627 936 3672 πι-
980 3621 1160 3686 quoque,e
1183 3606 1257 3669 loco
1273 3605 1308 3668 in
1328 3607 1440 3669 locum
1456 3606 1669 3684 translatum,
1693 3607 1729 3669 in

183 3707 269 3793 δίοις,
285 3711 340 3774 καί
353 3707 497 3795 ἠδράσθη
515 3712 595 3796 μετὰ
610 3721 721 3794 ταῦτα,
739 3711 808 3797 δδη
824 3711 933 3797 γενέσ-
978 3725 1080 3790 egros
1096 3713 1130 3774 et
1144 3725 1290 3789 campos,
1306 3726 1346 3772 ac
1357 3713 1477 3790 postea
1492 3708 1665 3772 firmatum
1677 3710 1732 3789 sit,

184 3811 228 3878 θιο
242 3817 297 3879 καὶ
312 3823 376 3880 νῦν.
391 3813 535 3900 Ἐφραθθι
547 3814 583 3878 δὲ
594 3824 648 3880 νῦν
659 3813 747 3900 λέγει
758 3817 816 3900 την
828 3815 934 3882 Ἰούδα
978 3813 1012 3876 id
1023 3811 1161 3876 tandem
1178 3830 1270 3876 nunc
1281 3829 1416 3894 quoque
1429 3811 1499 3875 fiat.
1510 3815 1589 3877 Jem
1600 3829 1681 3876 vero
1692 3815 1736 3876 E·

183 3917 297 4003 φυλὴν,
312 3919 357 3995 είς
379 3917 420 4002 ἣν
436 3919 516 4004 μετὰ
537 3921 597 4003 τὴν
620 3917 743 4004 πολλὴν
762 3919 932 4007 εἰσηνέχθη
977 3917 1099 3998 phreto
1114 3920 1217 3980 voest
1239 3917 1368 3980 tribum
1391 3916 1491 3997 Jndo,
1508 3917 1543 3980 in
1568 3934 1637 3998 qna
1658 3922 1734 3999 post

184 4020 934 4110 περίοδον.ἘντῂΓενὲσει,Ἐφραθὰθυμδνδρα
977 4023 1165 4103 plurimum
1181 4023 1363 4085 circuitum
1387 4022 1648 4086 tabernaculum
1669 4027 1735 4084 ste-

187 4121 298 4208 αὒτήν.
312 4123 369 4190 Ἐν
380 4122 610 4210 Δευτιρονομίῳ
626 4125 844 4211 αημαίνεταιδ
862 4151 935 4194 σκο-
979 4127 1031 4189 tit.
1054 4125 1234 4204 Significat
1258 4127 1293 4190 iu
1318 4128 1441 4190 Genesi
1464 4126 1631 4208 Ephreto:
1656 4127 1731 4193 Vide

192 4231 251 4306 πδς
267 4228 284 4290 δ
299 4225 459 4312 τέταρτος·
470 4227 504 4293 ἑν
515 4227 647 4314 Μιχαίᾳ,
663 4237 705 4315 γη
721 4251 938 4318 καρποφορου-
981 4228 1224 4311 consororem
1239 4232 1275 4293 ln
1289 4231 1559 4310 Deuteronomio,
1571 4235 1731 4312 quartum

222 4447 273 4504 Pe.
287 4465 392 4508 cxxxr.
405 4468 433 4520 ν,
447 4452 472 4506 1.
486 4451 553 4507 Vct.
568 4453 610 4523 16,
623 4453 744 4510 exordio
756 4471 774 4508 ιι
786 4453 845 4508 ΒΒ.
857 4469 937 4510 rece·
982 4457 1025 4521 ρία
1037 4451 1195 4509 observent
1206 4452 1457 4523 Hemeterhusins,
1475 4451 1665 4520 Wclstenins,
1679 4451 1730 4506 Al·

186 4539 239 4607 pto
250 4541 313 4592 tem
324 4535 356 4592 in
372 4535 429 4592 hoo
443 4554 470 4595 ν.
483 4555 571 4610 quem
588 4539 621 4594 in
638 4548 793 4612 sequente5
812 4546 937 4613 utreque
981 4537 1065 4608 berti,
1079 4536 1139 4593 elii.
1152 4539 1200 4593 An
1211 4538 1312 4594 recte?
1331 4538 1529 4610 Hieronymus
1543 4536 1582 4592 ed
1598 4535 1687 4596 Micio
1701 4553 1729 4606 ν,

187 4621 271 4682 brevi
287 4623 396 4680 lucinio
414 4630 444 4681 et
466 4631 568 4682 nostre
587 4631 617 4681 ct
632 4627 833 4684 Meurinornm
852 4628 936 4684 echo·
978 4624 1005 4678 2.
1017 4622 1229 4697 interpretetur
1240 4623 1373 4696 sororem.
1386 4625 1518 4680 Zoneree
1529 4624 1561 4680 in
1579 4624 1674 4680 lexico
1691 4623 1730 4684 od

186 4710 228 4766 lie
238 4710 368 4782 genuino
379 4711 597 4768 confirmentur.
979 4710 1009 4764 h.
1023 4728 1043 4767 ν
1054 4717 1156 4766 nostre
1167 4710 1272 4766 ultime
1284 4709 1401 4782 regerit·
1414 4713 1481 4777 liep'
1493 4713 1625 4776 Ἑβραίοις
1635 4714 1729 4778 σημαι-

191 4785 193 4792 ’
222 4816 249 4854 ν.
263 4799 288 4853 6.
301 4798 369 4858 Vct.
386 4801 411 4854 5.
430 4798 476 4854 cf.
495 4799 601 4869 Gerros,
619 4817 716 4870 xxxv,
729 4801 772 4870 16,
790 4818 897 4872 xnvru,
910 4803 936 4857 7.
978 4815 1018 4852 νιι
1038 4801 1129 4865 Μαρία
1153 4801 1184 4851 τὸ
1202 4800 1330 4864 Ἐφφαθά.
1350 4797 1408 4852 Sed
1430 4814 1524 4868 noque
1545 4795 1654 4851 nodum
1671 4795 1729 4851 sol·

185 4883 326 4940 Michaees
345 4902 373 4957 ν,
393 4886 419 4940 2.
438 4887 497 4942 Pro
515 4887 673 4942 Deuteron.
692 4887 761 4944 fort.
779 4889 937 4960 legendum
979 4890 1054 4940 runt
1067 4883 1151 4938 veris
1168 4883 1343 4939 Onomcctr'co
1359 4899 1445 4939 roera
1457 4901 1476 4938 ε,
1488 4883 1581 4938 Paulo
1593 4881 1728 4953 Legerdo

185 4969 272 5025 Num.
291 4987 359 5043 xnr,
379 4973 405 5043 θ,
423 4971 475 5028 ubi
500 4971 612 5029 frustra
630 4980 778 5044 quaeretur
795 4975 935 5049 Ephrnte.
980 4968 1069 5026 edite.
1089 4969 1222 5042 Gotting.
1242 4970 1320 5039 1870,
1338 4969 1389 5026 ubi
1406 4975 1523 5026 tentum
1535 4970 1682 5026 romolono
1700 4987 1728 5042 p.

185 5055 318 5113 Obscura
330 5063 428 5114 entem
446 5064 553 5132 etymo,
571 5077 637 5131 ηοω
654 5059 686 5116 in
704 5059 762 5117 fine
780 5061 935 5135 pullulent,
981 5059 1040 5130 162,
1059 5059 1084 5128 5,
1102 5063 1132 5113 ct
1154 5074 1219 5130 quoe
1244 5057 1340 5112 locum
1364 5057 1497 5130 Ephrete
1514 5056 1684 5114 describunt
1700 5075 1728 5130 p.

186 5141 335 5201 declarare
346 5145 468 5218 longum
480 5152 534 5204 eet.
547 5145 718 5220 Lugendum
730 5153 810 5218 μανία
822 5165 875 5222 pro
886 5167 935 5219 μα·
978 5145 1041 5219 ccl,
1052 5145 1103 5223 253
1116 5145 1177 5216 251,
1190 5144 1237 5214 74,
1250 5144 1311 5215 252,
1325 5143 1350 5216 7,
1363 5145 1413 5216 115
1424 5145 1486 5217 267,
1498 5146 1548 5216 555
1561 5145 1622 5218 301,
1634 5145 1678 5208 35.
1700 5199 1703 5208 ,

1120 5443 1130 5480 l
