3966 6104
829 459 1054 534 HEXAPLA,
1105 501 1109 506 »
1634 465 1694 528 561

154 607 296 690 positus,
312 610 372 670 aut
386 606 445 670 illo
460 604 638 670 dumtaxat
652 619 762 685 scopo,
775 605 814 666 ut
825 621 907 684 prae·
952 606 1012 682 est,
1024 617 1067 666 ne
1083 601 1249 667 recentior
1263 618 1323 684 pro
1338 603 1450 684 prisca
1460 605 1629 686 scriptura
1643 625 1699 670 su·

154 709 906 792 cipuasdividatperiodos,quaeinunoialium
951 711 1073 786 matur,
1096 707 1210 769 omnia
1226 706 1326 770 nudis
1347 723 1481 789 quoque
1496 708 1697 774 characteri·

154 815 250 879 libris
262 814 424 877 continuo
438 817 551 877 tractu
562 813 735 877 indivisim
746 817 906 893 pergunt.
951 812 1014 875 bus
1030 811 1250 875 committere.

154 919 321 982 Praeterea
331 917 467 980 barbari
484 918 622 998 quidam
637 917 822 980 scholiasta
833 922 907 980 tum
994 916 1043 978 Eo
1059 915 1170 993 magis
1185 913 1275 995 quod
1291 905 1311 977 a
1325 934 1459 992 summa
1473 916 1597 982 codicis
1614 920 1701 981 anti·

153 1022 269 1100 graeci,
283 1025 357 1084 tum
369 1022 468 1084 latini
477 1021 525 1084 ita
533 1021 706 1100 margines
718 1021 861 1084 etetiam
869 1021 908 1083 li·
939 1020 1083 1100 ,quitata
1098 1018 1180 1081 facit
1202 1018 1337 1082 nuditas
1353 1020 1551 1101 uncialium,
1571 1039 1647 1103 quae
1662 1039 1699 1084 re

152 1143 295 1188 nearum
316 1125 497 1188 intervalla
519 1129 796 1206 conspurcarunt,
821 1131 859 1188 ut
875 1143 908 1188 e·
954 1121 1090 1205 quidem
1102 1140 1183 1185 vera
1194 1129 1275 1186 sunt
1286 1123 1698 1205 formosissimae3tantum

152 1229 237 1291 tiam
255 1225 400 1292 arduum
423 1229 468 1292 sit
483 1229 671 1310 asteriscos,
687 1229 848 1293 lectiones
871 1234 905 1293 et
949 1229 1116 1291 clementa
1142 1227 1272 1290 vocalia
1295 1223 1335 1307 Α,
1352 1225 1389 1306 Ε,
1410 1223 1575 1292 Oleviter
1597 1230 1699 1293 strin-

151 1333 281 1396 scholia
308 1332 537 1413 introspicere.
553 1333 669 1413 Neque
692 1333 796 1395 etiam
816 1331 905 1396 obeli
949 1336 1089 1409 guntur.
1106 1329 1203 1393 sibili
1220 1327 1562 1412 mortuimaris,
1580 1333 1698 1414 ampli-

152 1437 565 1516 inclinatilocumcepitin
574 1435 904 1514 hoccodicesignum
948 1434 1104 1514 ficantur,
1118 1431 1149 1497 Φ
1163 1435 1266 1497 etiam
1277 1439 1395 1513 turget
1407 1435 1442 1498 in
1454 1437 1698 1516 amplissimam

149 1541 464 1622 frequentissimum
491 1533 539 1626 1.,
570 1538 659 1621 quod
695 1541 905 1605 solummodo
949 1538 1127 1618 sphaeram,
1151 1537 1249 1617 cujus
1266 1539 1340 1602 axis
1355 1544 1424 1601 tres
1447 1540 1632 1604 versiculos
1651 1544 1700 1603 at

149 1641 325 1724 significat
338 1644 451 1708 sedem
467 1662 588 1708 vocum
602 1646 789 1723 amargine
806 1647 840 1708 in
850 1645 905 1709 ob-
949 1643 1065 1720 tingit.
1081 1643 1146 1704 Vix
1158 1643 1225 1704 tria
1237 1647 1297 1704 aut
1309 1647 1454 1724 quatuor
1464 1643 1568 1707 verba
1579 1664 1696 1727 κυριος,

150 1751 207 1814 vio
229 1750 397 1814 versiculo
420 1753 454 1812 et
469 1747 533 1812 sub
556 1748 672 1812 eodem
691 1749 792 1827 signo
815 1765 904 1830 quae·
949 1741 1040 1824 Θεος,
1058 1742 1182 1828 reponi,
1205 1743 1398 1830 ιερουσαλημ
1412 1747 1521 1811 solitis
1544 1765 1699 1831 compen·

150 1853 299 1917 rendam.
317 1852 416 1917 Haud
431 1854 535 1916 semel
550 1853 599 1916 sic
613 1857 747 1916 tantum
766 1858 904 1917 notatur
947 1849 1012 1913 diis
1024 1854 1231 1914 coercentur.
1243 1851 1363 1915 Omnia
1375 1869 1458 1930 ergo
1472 1852 1624 1917 referunt
1635 1873 1696 1918 un·

150 1959 313 2021 correctio
338 1957 609 2036 amanuensium,
639 1973 716 2038 quae
739 1973 817 2020 oum
841 1956 902 2020 ibi·
946 1954 1067 2016 cialem
1077 1955 1280 2034 scripturam
1301 1954 1458 2018 secundm
1472 1958 1592 2037 atatis,
1607 1960 1695 2022 sexti

148 2061 226 2125 dem
241 2062 468 2149 primapmanu
480 2065 636 2140 ponatur,
652 2060 810 2123 arbitrari
822 2061 902 2123 licet
945 2059 1080 2121 circiter
1093 2059 1218 2137 saeculi,
1235 2075 1301 2122 non
1314 2057 1386 2138 jam
1398 2060 1579 2142 cursivam,
1592 2065 1632 2124 ut
1647 2062 1694 2124 ai·

148 2166 390 2229 correctionem
402 2164 474 2227 sive
487 2165 523 2226 in
538 2163 705 2243 margine,
721 2164 793 2232 sive
809 2165 900 2226 intra
945 2167 1029 2243 unt,
1053 2167 1088 2225 et
1110 2161 1202 2225 facili
1222 2159 1467 2226 consuetudine
1490 2153 1694 2244 expeditam,

147 2270 256 2332 lineas
275 2269 318 2332 ab
333 2269 471 2332 Eusebii
487 2284 622 2349 quoque
638 2273 672 2331 et
687 2268 901 2348 Pamphilio.
943 2267 1002 2330 sed
1018 2283 1157 2347 operosa
1180 2270 1252 2330 arte
1274 2266 1491 2330 librariorum
1507 2268 1693 2331 coniectum

147 2371 306 2435 riundam
329 2389 402 2434 esse
418 2372 679 2454 exemplaribus.
704 2374 743 2434 ln
758 2372 821 2434 boo
844 2389 898 2435 co-
944 2369 986 2432 ad
997 2369 1100 2433 decus
1116 2373 1151 2431 et
1164 2373 1411 2451 ornamentum,
1427 2373 1530 2434 etiam
1554 2372 1597 2436 ad
1620 2391 1694 2455 pre·

147 2476 222 2539 dice
245 2476 344 2539 aliter
359 2493 462 2557 quam
485 2475 560 2540 fieri
590 2476 693 2556 solet,
716 2477 898 2541 asteriacus
940 2474 1028 2536 tium
1051 2473 1258 2551 augendum.
1280 2475 1409 2538 Nullibi
1425 2477 1574 2540 occurrit
1596 2478 1693 2541 incli-

146 2596 281 2660 semper
295 2582 370 2659 post
384 2579 475 2657 sigla
491 2580 714 2660 interpretum
733 2578 895 2658 rejicitur.
941 2581 1021 2640 natu
1032 2583 1067 2640 et
1077 2580 1179 2641 acuta
1190 2577 1377 2640 uncialium
1389 2577 1498 2641 iorma
1509 2596 1585 2660 quar
1597 2597 1618 2643 a
1632 2599 1691 2644 sae·

194 2685 318 2747 Praeter
341 2683 501 2747 lectiones
523 2679 741 2764 Hexaplares,
764 2684 898 2746 consul·
940 2684 1019 2747 culo
1030 2699 1079 2744 vrr
1091 2681 1133 2745 ad
1145 2699 1184 2744 rx
1195 2682 1351 2745 invaluit.
1365 2684 1444 2757 Quae
1456 2682 1566 2746 fusius
1577 2683 1688 2748 dicere

146 2791 222 2850 tum
237 2788 349 2851 visum
365 2791 499 2851 estnon
515 2787 694 2866 negligere
713 2787 896 2850 nonnullas
941 2785 1017 2865 fuit,
1025 2785 1302 2850 utvindicaretur
1310 2784 1433 2850 codicis
1441 2788 1603 2868 vetustas,
1615 2788 1694 2852 hao-

145 2896 337 2974 etymorum
360 2892 540 2970 glossulas,
567 2908 672 2954 manu
699 2891 810 2971 prima
831 2889 897 2953 for·
938 2893 1039 2954 tenus
1055 2889 1146 2954 haud
1167 2891 1250 2954 satis
1272 2891 1451 2972 perspicua
1466 2908 1576 2973 neque
1599 2910 1688 2958 com-

144 3001 235 3060 tasse
250 2996 494 3077 Pamphiliana,
506 2995 721 3072 marginibus
738 2995 892 3074 insertas,
939 2994 1108 3059 mandata.

145 3117 223 3181 quae
233 3099 332 3163 facile
344 3100 568 3177 origenianas
579 3097 893 3180 sapiuntsubtilita·
980 3098 1688 3180 Praeterobviaouiquesiglaaxx,Aquilae,

145 3209 198 3267 tea
214 3207 249 3266 et
264 3203 307 3266 ab
322 3199 482 3285 Hexaplis
498 3202 706 3266 derivantur.
937 3202 1141 3286 Symmachi,
1165 3202 1412 3281 Theodotionis,
1428 3218 1451 3262 v
1466 3206 1501 3265 et
1517 3219 1553 3264 vr
1569 3201 1689 3285 editip-

190 3305 301 3371 Codex
328 3306 463 3370 videtur
485 3307 567 3370 satis
593 3309 709 3388 aperte
726 3305 768 3369 ab
795 3306 894 3370 initio
937 3307 991 3370 nis
1014 3301 1074 3388 (0'.
1091 3300 1141 3367 ’A.
1158 3303 1193 3369 Σ.
1211 3300 1250 3366 Θ.
1269 3303 1314 3368 E'.
1332 3302 1370 3386 ς’)
1393 3306 1585 3383 singularia
1602 3322 1692 3386 quar·

143 3411 249 3475 fuisse
261 3412 455 3475 accentibus
465 3417 498 3475 et
509 3411 735 3492 interpunctis
746 3410 895 3490 plerum·
938 3409 1016 3473 dam
1024 3414 1217 3489 occurrunt,
1226 3414 1265 3473 ut
1273 3406 1306 3472 Δ.
1315 3406 1357 3491 lp
1370 3407 1478 3492 (διπλῆ
1490 3409 1624 3493 γραφὴ),
1632 3411 1687 3473 vel

143 3533 211 3597 quc
228 3515 422 3597 destitutus,
438 3533 500 3578 nec
516 3516 582 3578 nisi
593 3533 614 3577 a
626 3515 811 3578 recentiore
826 3532 899 3584 mu-¹
938 3512 1083 3615 μωῃῖ,
1099 3529 1202 3591 etiam
1218 3524 1276 3610 Πρ,
1289 3525 1330 3590 Κ,
1347 3545 1383 3589 το
1399 3523 1440 3590 Κ,
1457 3543 1533 3608 quae
1549 3527 1687 3608 quidem

142 3639 192 3684 nu
211 3621 304 3684 haud
327 3607 588 3683 accuratissima
605 3619 693 3683 notis
710 3619 896 3682 instructus
939 3635 1126 3718 posteriora
1143 3632 1308 3695 haetenus
1323 3633 1382 3694 vix
1397 3649 1451 3694 me
1464 3649 1532 3694 non
1547 3631 1690 3710 fugiunt

141 3725 336 3789 diacriticia.
359 3725 495 3788 Etenim
518 3725 696 3788 subtiliora
719 3723 892 3800 scholiola,
938 3738 1001 3824 (Of,
1017 3737 1239 3821 p,561001,1
1259 3752 1330 3817 cap.
1350 3737 1379 3814 1,
1395 3735 1432 3813 23
1452 3751 1483 3815 p.
1501 3735 1638 3799 570001.
1659 3736 1687 3815 l,

142 3847 220 3910 quae
235 3845 310 3892 oras
321 3833 561 3910 conspergunt,
578 3822 774 3906 audaeani,
791 3828 820 3890 si
838 3845 893 3890 ex·
937 3860 1008 3924 cap,
1024 3841 1146 3921 XV1‚43
1163 3858 1195 3921 p,
1212 3841 1273 3902 571
1292 3841 1353 3902 001,
1369 3837 1684 3922 1‚0ap‚X1x)‚Tan.

140 3934 317 4016 θῑ11111111κ3
333 3934 404 3998 1115ss
419 3935 559 4015 spiritus
582 3937 616 3996 θῒ
630 3933 765 4014 planam
790 3933 894 3995 line&
937 3948 1014 4012 dem
1029 3947 1181 4028 piurima
1193 3942 1353 4007 notentur
1364 3942 1493 4006 scholia
1504 3959 1581 4024 qu·
1592 3961 1684 4006 nunc

142 4038 213 4100 lam
228 4055 289 4118 pro
303 4037 533 4119 compendiis:
550 4036 640 4100 unde
655 4037 762 4101 satius
781 4036 893 4100 visum
939 4051 1088 4134 primum
1105 4049 1244 4128 origeni
1260 4046 1487 4112 ascribuntur,

872 4265 955 4330 Osee.

188 4467 266 4546 Gap.
282 4481 304 4544 r,
323 4466 351 4529 1.
368 4485 402 4530 εν
411 4484 555 4550 upapam.
571 4503 613 4515 -
628 4485 683 4529 και
699 4485 732 4531 εν
745 4481 887 4550 duspurc.
976 4479 1008 4524 v.
1026 4461 1076 4525 10.
1100 4457 1316 4544 κληθησονται
1338 4452 1368 4544 1.
1392 4476 1448 4520 και
1471 4474 1568 4520 αυτοι.
1587 4493 1627 4504 -
1646 4454 1678 4546 ’1

144 4569 216 4634 uod.
232 4569 255 4632 f.
274 4571 339 4633 12⁸.
937 4595 959 4659 μ
977 4573 1082 4659 [μόνος
1090 4573 1118 4658 l]
1135 4571 1172 4639 Θ.
1188 4591 1225 4635 το
1241 4591 1298 4635 οτι.
1314 4572 1336 4635 f.
1356 4569 1420 4636 12¹³.

183 4692 215 4737 v.
233 4675 262 4736 2.
281 4693 366 4759 αρχη
382 4672 489 4758 loros.
507 4709 548 4723 -
565 4695 620 4738 και
635 4693 722 4759 appr]
737 4671 844 4757 λογου.
980 4683 1057 4762 Cap.
1074 4697 1109 4759 11,
1125 4697 1156 4740 r.
1174 4679 1203 4740 5.
1220 4695 1260 4738 τα
1275 4674 1381 4740 odorio
1398 4695 1457 4761 μου
1474 4671 1505 4762 ’1.
1522 4693 1558 4737 το
1574 4672 1681 4738 ελαιον

181 4796 214 4841 v.
225 4777 262 4840 d.
280 4797 314 4842 εν
330 4797 427 4862 oona.
441 4815 482 4826 -
495 4797 525 4842 οι
540 4776 576 4843 Ο.
594 4799 671 4862 προς
687 4777 798 4862 [oona]
810 4776 887 4842 idid
934 4804 1004 4869 μου.
1023 4819 1061 4829 -
1080 4765 1110 4867 ’1.
1126 4800 1182 4844 και
1197 4799 1250 4844 τον
1265 4799 1357 4845 οινον.
1374 4780 1395 4843 f.
1414 4781 1479 4844 13¹².

135 4902 177 4946 το
202 4902 282 4967 capo
307 4902 363 4947 του
384 4881 508 4966 ιεζραελ
527 4903 578 4946 aar
599 4903 652 4948 τον
675 4901 762 4946 orror
783 4879 888 4945 locor.
977 4907 1009 4951 v.
1033 4887 1063 4949 8.
1086 4903 1310 4967 sarapropter
1333 4879 1364 4970 ’1.
1388 4880 1558 4966 calptura
1581 4919 1622 4930 -—
1645 4879 1676 4969 ’1.

137 5022 181 5033 —-
198 4985 235 5068 O,
252 4985 288 5051 Σ.
304 4984 381 5070 Inoo
397 4987 448 5070 (ot
461 4987 708 5070 Syro-templ.)
933 5010 988 5054 και
1003 5008 1143 5074 χρυσων.

184 5109 217 5153 v.
234 5091 263 5153 l.
280 5109 314 5154 ar
335 5089 424 5170 τοξω.
443 5129 484 5140 -
499 5090 572 5156 ouda
595 5109 629 5155 εν
651 5111 792 5176 poppam
814 5089 887 5155 ουδε
975 5113 1007 5156 v.
1026 5094 1076 5156 11.
1093 5089 1131 5158 Θ.
1147 5093 1166 5126 ⁴*
1179 5113 1235 5154 και
1249 5112 1291 5155 τα
1305 5090 1451 5176 celldara
1467 5111 1576 5175 αυτ-ης.

134 5212 176 5258 εν
191 5190 328 5276 calepio.
975 5198 1051 5279 (lap.
1068 5215 1114 5277 rv,
1131 5197 1160 5259 3.
1177 5197 1195 5231 ⁴*
1211 5216 1266 5260 και
1281 5196 1555 5283 σμικρυνθησεται.
1573 5197 1594 5262 1.
1613 5200 1677 5262 14⁸.
