4044 6104
876 535 1083 605 eustolus
1690 563 1754 628 455

211 657 393 745 ἀνθρώπους
417 659 566 747 πάρσδσν,
587 665 610 750 ή
632 667 687 732 καί
709 669 761 734 ὅτε
788 670 906 741 ἀνωθεν
927 675 957 739 ἐ·
1002 680 1155 747 homines
1171 687 1362 770 transitum,
1385 692 1439 755 vel
1455 693 1557 758 etiam
1573 714 1680 778 quum
1696 702 1754 767 dess

209 766 391 832 ιτεσιιθπουν
411 768 451 832 τὰ
475 767 581 833 πάντα
606 779 646 855 τῇ
669 771 730 859 ἐμῇ
755 775 897 862 προνοίᾳ,
912 787 956 866 τῷ
1000 803 1136 850 sursum
1172 796 1415 872 superomnia
1451 800 1637 878 vigilabam
1675 825 1752 873 mea

209 869 335 954 πλούτῳ
355 879 413 954 της
436 870 514 957 ἐμης
532 875 750 961 χρηστότητος
771 881 826 944 καί
847 891 905 962 τῆς
919 881 957 948 ἀ-
999 890 1220 973 providentia,
1243 911 1417 962 naussum
1441 900 1571 968 divitiis
1585 924 1669 971 mem
1692 911 1750 975 bo·

208 981 307 1058 νοχης
321 976 376 1039 καί
391 983 447 1060 της
463 975 677 1062 μακροθυμίας
695 980 859 1068 ἐχρώμην,
887 1007 956 1052 σιω-
1000 990 1116 1057 uitatis
1127 999 1162 1058 et
1174 998 1347 1076 patientiae
1363 1006 1397 1064 et
1411 1003 1693 1093 longanimitatis,
1706 1015 1750 1078 si·

207 1078 272 1164 τήν
285 1079 376 1164 ήγον·
398 1089 453 1146 νῦν
475 1081 510 1146 δὲ
531 1079 638 1147 οὐκέτι
659 1084 870 1172 σιωπήσομαι·
897 1093 955 1177 τήν
999 1093 1143 1159 lentium
1151 1100 1749 1187 tenuiNuncveroJ'amnontacebo.

206 1181 269 1266 γὰρ
291 1181 372 1269 ἐμήν
396 1186 518 1270 σιωπήν
543 1185 612 1252 ἀντί
634 1199 737 1253 κακοῦ
761 1191 954 1278 ιλάμθανες·
998 1199 1109 1262 Meum
1124 1204 1214 1266 enim
1230 1206 1405 1272 silentium
1416 1215 1548 1279 vertisti
1561 1216 1597 1280 in
1609 1222 1749 1287 malum:

206 1283 361 1365 ὑπέλαδες
379 1289 442 1374 γὰρ
456 1286 600 1376 ἀνομίαν,
616 1291 664 1356 ὅτι
677 1293 791 1382 ἔσομαί
804 1319 854 1363 σοι
869 1299 953 1384 δμοι-
998 1305 1181 1386 concepisti
1196 1307 1285 1373 hanc
1300 1312 1499 1397 nequitiam,
1519 1319 1608 1399 quod
1625 1339 1682 1386 ero
1698 1327 1750 1389 tui

205 1409 251 1470 ος,
266 1391 321 1455 καί
344 1389 542 1478 ἀποδέχομαι
563 1393 620 1471 τάς
636 1396 694 1473 σάς
712 1397 849 1482 πράξεις.
864 1399 952 1489 Ἐγὼ
995 1405 1128 1488 similis,
1140 1413 1175 1473 et
1185 1409 1335 1476 facinora
1348 1419 1408 1478 tua
1420 1420 1558 1502 accipio.
1570 1425 1645 1504 Ego
1658 1444 1747 1511 vero,

205 1493 241 1557 δὲ
255 1503 356 1581 καιρῷ
377 1505 422 1581 τῷ
443 1494 545 1562 δέοντι
568 1499 823 1585 μακροθυμήσας,
846 1505 952 1571 οὐκέτι
998 1510 1029 1572 ai
1043 1515 1193 1594 tempore
1205 1532 1357 1596 congruo
1373 1524 1667 1610 aequoiuianimo,
1681 1549 1750 1596 arn·

203 1597 413 1684 σιωιτήσομαι,
429 1599 627 1688 ἀλλ’ἐλίγξω
638 1624 675 1668 σε
690 1607 746 1670 καί
756 1609 952 1695 παραστήσω
998 1615 1089 1694 plius
1105 1635 1171 1680 non
1187 1620 1303 1700 silebo,
1318 1623 1377 1688 sed
1393 1643 1578 1706 coarguam
1594 1635 1637 1714 te,
1654 1639 1689 1698 et
1703 1638 1747 1700 si·

203 1703 289 1768 κατά
303 1702 470 1786 πρόσωπόν
485 1726 562 1770 σου·
578 1708 774 1794 παραστήσω
789 1713 824 1778 δὲ
840 1714 884 1792 είς
899 1717 954 1781 τὸν
998 1724 1085 1783 stam
1101 1727 1134 1785 te
1149 1740 1262 1788 eoram
1278 1729 1377 1792 vultu
1392 1734 1469 1795 tuo:
1493 1752 1677 1818 proponam
1705 1741 1747 1805 ad

202 1809 288 1872 κατά
309 1817 367 1872 σοῦ
393 1807 527 1894 ἔλεγχον
549 1810 591 1874 τά
613 1812 655 1875 σθι
681 1812 904 1901 ἁμαρτήματα,
931 1819 954 1884 ἃ
996 1827 1031 1885 te
1046 1827 1315 1894 convincendum
1330 1837 1391 1896 tua
1405 1836 1558 1919 crimina,
1578 1858 1654 1922 quea
1681 1847 1748 1927 pri·

202 1909 303 1976 πάλαι
317 1911 483 1997 διεπράξω,
498 1913 521 1978 ἃ
536 1916 574 1979 σὺ
591 1916 647 2000 μὲν
669 1915 824 1997 θπὲλαὸες
840 1922 953 2006 μηκέτι
997 1927 1072 1991 dem
1092 1933 1301 2015 commisisti,
1319 1953 1395 2018 quas
1410 1943 1448 2003 ιιι
1464 1943 1601 2022 quidem
1617 1953 1745 2028 putasti

202 2013 386 2099 ὑφεστάναι,
396 2015 475 2102 μηδὲ
484 2017 527 2095 τίς
536 2017 662 2105 μνήμην
672 2020 758 2107 ήξειν
766 2023 858 2104 πνός.
867 2027 951 2114 Ἐγὼ
996 2033 1136 2098 minime
1148 2037 1368 2120 innotescere,
1384 2061 1495 2126 neque
1507 2048 1543 2112 in
1560 2050 1664 2116 ullius
1679 2070 1752 2116 mes

133 2125 134 2128 ’
205 2116 241 2182 δὲ
263 2116 305 2195 ὡς
320 2117 400 2198 Θεὸς
420 2121 466 2198 εἰς
482 2130 547 2207 ρῶς
563 2124 700 2208 προάξω,
723 2129 778 2192 καί
803 2129 952 2216 προθήσω
996 2137 1138 2202 moriam
1149 2143 1347 2208 revocanda.
1359 2145 1403 2210 Et
1417 2165 1494 2229 ego,
1506 2154 1546 2213 ut
1559 2153 1659 2234 Deus,
1671 2172 1747 2237 pro·
1864 2218 1870 2225 .

206 2218 339 2288 ἐνώπιόν
352 2243 421 2305 σου,
437 2224 611 2310 ὁρῶναάτίι
625 2230 858 2316 καίχνωρίζων,
875 2235 951 2321 [ἵνα]
996 2240 1118 2306 ducam
1144 2245 1181 2308 iu
1201 2247 1348 2312 mediam
1375 2251 1497 2334 lucem,
1520 2258 1555 2317 et
1579 2274 1745 2338 apponam

198 2326 351 2415 αἰσχύνης
376 2328 532 2418 καταχίη.
996 2345 1033 2406 in
1048 2353 1231 2428 conspectu
1245 2353 1314 2432 tuo,
1330 2369 1525 2422 secernens
1542 2365 1577 2424 et
1590 2364 1685 2426 cerni
1696 2363 1745 2427 ia·

996 2447 1100 2530 ciens,
1117 2455 1157 2515 ut
1170 2453 1298 2534 pudore
1313 2456 1531 2526 suffundaris.

845 2605 1016 2685 Pessimus
1040 2605 1085 2684 Ῑι.

241 2770 272 2815 ν.
292 2755 321 2835 1,
337 2757 368 2821 2.
384 2757 440 2837 Εἰς
462 2756 607 2839 τὸτέλος
629 2757 754 2845 ψαλμθς
774 2769 817 2846 τῷ
839 2759 944 2844 Δαυίδ,
1033 2783 1066 2829 ν.
1084 2766 1118 2846 1,
1142 2768 1173 2832 2.
1189 2771 1234 2834 Io
1242 2771 1360 2853 ficem,
1373 2775 1523 2858 psalmos
1538 2797 1603 2860 pro
1618 2783 1737 2867 Docti,

195 2856 229 2922 ίν
243 2868 287 2947 τῷ
305 2859 406 2927 ἐλθεῖν
420 2866 499 2949 πρὸς
522 2866 617 2932 αὐτὸν
631 2861 741 2931 Νάθαν
755 2868 810 2931 τὸν
824 2865 946 2954 προρή-
989 2867 1115 2950 quondo
1139 2872 1229 2936 croit
1252 2873 1297 2938 ed
1320 2893 1393 2941 cem
1413 2879 1572 2962 propheto
1596 2887 1739 2970 aaron,

196 2982 266 3046 την,
280 2961 377 3047 ήνίκα
391 2967 519 3053 εἰσῆλθε
537 2971 616 3054 πρὸς
635 2967 814 3055 ’Βηρσαὸεέ
846 2975 944 3042 Votis.
989 2989 1090 3056 μιιαπι
1104 2979 1239 3042 merset
1255 2978 1300 3044 ιιά
1312 2981 1477 3049 Bersabee.

198 3067 273 3148 aaa,
292 3071 320 3133 1.
967 3117 972 3129 -

239 3169 570 3253 ἘπακοθσαςθΔαυίδ
581 3179 945 3263 τοῦπρορητικοῡΠνεθ-
1033 3167 1151 3250 nilide
1165 3170 1281 3236 θΰᾱῗθθ
1297 3175 1421 3254 spiritu
1436 3181 1642 3266 Pl'OPheticQ
1657 3204 1736 3252 oum
1762 3245 1767 3258 1
1787 3185 1797 3202 '

230 3343 280 3400 Pe.
294 3361 321 3417 n,
338 3365 367 3404 v.
381 3347 435 3403 1-5.
448 3347 495 3404 Ex
506 3349 601 3406 Vatia
614 3351 657 3420 13,
673 3351 720 3408 otri
738 3369 818 3424 agre
835 3354 945 3410 valedi-
988 3356 1054 3408 roa
1065 3373 1090 3409 τι
1105 3361 1178 3412 κατά
1195 3365 1242 3414 τοῦ
1254 3365 1399 3433 προφήτου.
1418 3367 1473 3436 Τήν
1484 3369 1514 3422 tt
1527 3374 1613 3426 αἰτίαν
1630 3375 1735 3444 α’ήνθ

194 3429 318 3486 cendum
335 3431 439 3488 ultimo
451 3440 505 3508 eat,
523 3453 591 3493 narn
608 3437 688 3493 ultra
705 3437 782 3494 hunc
800 3440 945 3511 psalmum
987 3446 1107 3509 τοιοῦτος
1117 3448 1251 3512 τοιαύταις
1262 3451 1472 3520 αθιμιτοορχίαις
1483 3456 1680 3527 θποιιίπτωιιιν,
1693 3464 1738 3516 σθ’·

193 3517 944 3596 nonpergitoopiosnseteximinscodax,mn1torun1
987 3530 1062 3594 τὸςὸ
1080 3531 1171 3586 Νάθαν
1188 3537 1232 3588 θιά
1247 3541 1295 3588 τοῦ
1311 3542 1528 3609 παραθιίγματος
1545 3547 1669 3602 θιθάσκτι.
1688 3551 1738 3604 Διίο

191 3600 386 3678 interpretum
402 3606 494 3680 ferax,
504 3626 628 3681 quorum
639 3611 864 3668 commentarios
876 3629 943 3667 raro
987 3617 1048 3683 γὰρ,
1061 3621 1145 3684 φησιν,
1157 3620 1226 3686 ήσαν
1238 3623 1340 3690 ἀνδρας,
1353 3627 1367 3678 θ
1380 3627 1426 3693 μιν
1437 3627 1569 3696 πλούσιος,
1579 3634 1595 3685 ἀ
1607 3634 1636 3686 δι
1649 3638 1738 3704 πίνης,

192 3692 364 3764 compendio
372 3695 555 3768 perstringit.
565 3695 655 3752 Edita
664 3702 763 3753 autem
772 3699 945 3771 compendia
987 3703 1033 3756 τὸν
1045 3703 1122 3757 teoto
1139 3707 1317 3776 eleemosinae<
1328 3716 1375 3765 καί
1386 3713 1433 3766 τόν
1451 3716 1556 3781 οὐρίαν.
1569 3719 1636 3772 Είτα
1648 3725 1745 3787 προθί-.
1784 3723 1786 3728 “

192 3777 259 3850 plus
267 3779 364 3836 minus
376 3786 480 3851 trunca
491 3782 524 3838 in
535 3799 603 3840 enm
614 3783 652 3840 ad
661 3789 764 3840 nostra
772 3785 944 3842 confirman-
986 3804 1035 3856 τήν
1047 3792 1146 3858 ιίσάγιι
1154 3792 1229 3854 ξίναν
1237 3795 1436 3866 ἀπιθημήσαντα
1447 3806 1484 3868 τῷ
1493 3803 1617 3872 πλουσίῳ,
1629 3805 1704 3867 {tvos
1713 3825 1739 3862 τι

192 3863 411 3940 deplermnque
420 3869 598 3926 inseruntur.
608 3869 648 3926 ol
657 3872 706 3927 Pa.
717 3888 801 3944 xerx,
811 3874 853 3944 18,
863 3873 889 3944 3,
900 3875 942 3945 19,
986 3877 1113 3942 παριστὰς
1136 3883 1295 3948 πνώμακαί
1312 3883 1467 3952 θιαθολικήν
1485 3889 1590 3956 θιίναμιν
1608 3907 1737 3960 meppea-

190 3954 235 4024 20,
246 3955 290 4026 21,
302 3956 328 4012 8,
340 3956 434 4014 Εοαίο.
451 3959 519 4030 x,4.
539 3959 657 4017 Sincero
670 3959 799 4016 Eusebio
822 3961 939 4018 omnino
984 3963 1061 4015 κάναι
1072 3965 1118 4018 τάν
1135 3965 1220 4031 Δαυίθ,
1232 3965 1301 4020 mete
1317 3971 1464 4024 καταθῦσαι
1479 3973 1527 4040 τήν
1546 3979 1607 4042 μίαν
1627 3980 1732 4045 ἀμνιίθα

189 4039 222 4096 in
234 4041 299 4097 edd.
311 4041 413 4099 deerat
426 4045 599 4117 procamium
607 4047 690 4118 inps.
701 4063 727 4116 n,
736 4063 831 4118 neque
842 4047 939 4120 magis
982 4051 1348 4121 commemoraretur
1365 4058 1469 4126 θηλαθή
1481 4065 1528 4113 τοῦ
1541 4063 1642 4130 Οὐρίου.
1656 4067 1736 4134 Οίμαι

188 4127 337 4201 prolixum
346 4137 392 4186 eat
404 4148 491 4203 quam
503 4132 648 4205 expositio
661 4131 743 4188 tituli
753 4132 785 4188 in
803 4134 938 4207 sequenti
983 4135 1013 4188 δι
1033 4138 1118 4205 τούτῳ
1136 4139 1169 4206 tel
1186 4145 1224 4207 τῷ
1245 4141 1310 4208 itae
1327 4145 1453 4212 πνοίματι
1470 4147 1627 4203 ικθιθὸσθαι
1645 4153 1734 4220 αὐτόν,

187 4215 301 4287 psalmo
325 4233 364 4275 nr.
388 4217 437 4274 Ita
460 4220 537 4298 solet
560 4219 750 4277 Gteaariensia
773 4237 937 4294 excurrere,
982 4224 1068 4276 διὰτὸ
1080 4227 1174 4280 streete·
1193 4229 1229 4280 oo
1242 4228 1278 4295 μή
1291 4230 1411 4284 σαλευθῶ
1429 4235 1467 4298 τίς
1483 4236 1530 4288 τὸν
1543 4239 1642 4291 αίῶνα·
1660 4241 1735 4294 ἀναν-

187 4301 261 4360 duoe
273 4302 402 4376 Origene
412 4305 444 4361 in
457 4307 565 4362 amisso
582 4306 658 4363 libro
671 4309 704 4364 de
716 4308 816 4377 ιίίιιίίι,
830 4314 861 4366 et
872 4327 937 4383 spa·
979 4313 1041 4376 τίιος
1051 4311 1091 4363 τὸ·
1102 4313 1165 4366 Ἐὰν
1172 4314 1208 4380 μή
1218 4314 1313 4381 Κύριος
1322 4318 1484 4386 electensis-p
1494 4324 1576 4375 οίκον.
1584 4323 1736 4393 Έλιγχθαίς

185 4388 257 4444 tisri
277 4390 309 4446 in
333 4391 397 4448 haec
421 4397 603 4464 argumenta
627 4392 766 4462 Quasdam
790 4411 937 4468 anonymo
981 4395 1224 4466 θιιφ’ῷήμαρτιν
1238 4402 1252 4453 ἀ
1265 4401 1387 4468 βασιλεὺς
1403 4407 1477 4471 παρά
1493 4411 1540 4460 τοῦ
1559 4410 1670 4478 ίθιιθτοιι,
1683 4415 1734 4467 οιίιι

186 4475 257 4532 data
268 4476 424 4535 Gorderius
433 4479 659 4553 preoccupavit.
674 4479 821 4536 Gestarum
833 4480 937 4553 longas
979 4483 1175 4553 ἠγανάκτησαν·
1188 4487 1261 4539 ἀλλά
1276 4489 1324 4541 καί
1333 4490 1471 4545 mamaea
1485 4495 1588 4562 ίαυτάν,
1601 4499 1638 4564 ὡς
1649 4501 1695 4553 τὸν
1706 4502 1733 4553 ἀ-

184 4561 270 4618 binas
283 4563 407 4636 paginae
421 4565 580 4636 omisimus,
593 4565 624 4622 in
636 4567 736 4623 codice
748 4567 888 4623 recitatas
900 4586 937 4624 ex
980 4570 1114 4639 λιγχοντα
1125 4575 1265 4641 προφήτην
1279 4577 1370 4641 emta,
1381 4580 1428 4630 καί
1436 4579 1533 4647 Κίριος
1550 4585 1691 4653 παρήγαγι
1700 4588 1733 4640 τὸ

185 4666 210 4706 11
222 4647 298 4704 libro
316 4649 441 4723 Regum,
454 4669 520 4725 quae
536 4653 581 4709 uti
602 4658 633 4708 et
650 4653 804 4726 sequentia
821 4653 937 4710 concin-
980 4657 1124 4724 ἀμάριημιί
1136 4674 1192 4711 σου.
1204 4660 1407 4728 ’Δνιγράιρησαν
1425 4666 1455 4717 tt
1467 4667 1502 4718 τίι
1515 4670 1568 4721 τῶν
1580 4670 1665 4738 ἀχίων
1678 4673 1733 4725 ὀλι-

183 4752 221 4792 ιιο
234 4737 408 4808 perstrinxit
419 4737 540 4795 Nicetes
552 4740 584 4795 in
594 4739 731 4796 Palatina
741 4745 854 4812 eatena,
868 4741 936 4798 Vat.
980 4743 1109 4812 οθήματα,
1126 4746 1159 4797 lv·
1168 4745 1255 4812 ῶσπερ
1273 4749 1380 4816 ἀριτής,
1396 4750 1466 4802 otte
1479 4755 1526 4805 ιιαί
1536 4759 1678 4821 μετανοίας
1696 4761 1734 4811 δι-

184 4823 227 4892 15,
238 4823 296 4879 hoe
306 4824 394 4880 modo
410 4825 595 4898 longiusculo
607 4828 659 4884 sed
675 4827 761 4885 bones
777 4828 865 4900 frugi
886 4833 937 4884 ’lc-
980 4831 1110 4885 θαακαλοι
1127 4833 1183 4886 mes.
1200 4833 1387 4900 Πιντηιιοστάς
1405 4837 1435 4890 at
1452 4839 1469 4890 ὁ
1487 4840 1578 4906 παρὼν
1592 4843 1698 4910 ψαλμός
1716 4846 1733 4897 ὁ

182 4914 244 4966 τιον
262 4915 292 4965 δι
309 4915 347 4979 ὡς
366 4917 433 4982 ματα
450 4917 568 4971 ἐνιαυτὸν
586 4921 633 4972 τοῦ
651 4921 734 4985 pesco
747 4920 840 4986 θθρίου
854 4919 936 4987 ήλθιν
979 4922 1040 4984 παρί
1050 4920 1172 4983 ἀρίστας
1184 4921 1324 4972 τίτακται·
1343 4923 1514 4991 ἀπαθήπτρά
1533 4928 1643 4994 ἀριθμὸς
1655 4931 1733 4997 οὗτος

182 5000 199 5051 ὁ
211 4998 301 5057 Νάθαν
319 5002 385 5068 πρὸς
401 5002 448 5056 τὸν
466 5005 582 5070 βασιλία·
601 5005 632 5058 οὐ
650 5006 703 5072 γαρ
720 5007 803 5073 ιχρήν
820 5011 867 5060 τοῦ
884 5009 934 5060 ποί-
979 5007 1124 5074 ᾰναλογίαν
1137 5007 1194 5073 Ιχιι
1205 5007 1272 5072 πρὸς
1282 5009 1368 5061 ίλτον·
1383 5012 1429 5063 καί
1437 5007 1490 5079 γὰρ
1500 5015 1547 5066 καί
1558 5015 1586 5068 ἀν
1598 5021 1636 5083 τῷ
1645 5017 1731 5086 Ἰοάη·

182 5085 569 5158 eviscerationem
586 5092 651 5158 ιω
669 5094 934 5161 mammaea-
977 5093 1100 5160 ιαυιιι
1116 5093 1283 5160 werona
1301 5096 1639 5168 *lotometra
1657 5104 1729 5170 απι-

183 5171 295 5238 σιλθιίν,
307 5173 380 5227 ἀλλά
392 5176 461 5243 μιτά
473 5177 522 5245 τήν
534 5181 684 5247 παρακμήν.
698 5181 754 5245 Πρὸ
766 5181 820 5247 γάρ
830 5183 933 5247 τούτου,
977 5181 1106 5247 proptio,
1123 5182 1210 5246 χροῶν
1227 5180 1364 5234 ἀποκοπαί
1374 5186 1421 5237 καί
1437 5185 1582 5253 ἀλινθτρίαι
1599 5191 1647 5244 καί
1662 5190 1728 5260 κτή-

181 5261 230 5328 τής
241 5261 328 5330 ψυχῆς
336 5261 375 5316 ίτι
383 5262 573 5332 τιθολωμίνης,
586 5267 636 5319 οιλιι
644 5267 677 5319 ἀν
687 5265 825 5334 ήνίοχιτο,
838 5267 934 5334 topace
978 5283 1046 5334 σιως
1058 5268 1290 5334 ἀποκαταστάσιις
1300 5271 1425 5337 γίνονται.
