3966 6108
751 475 783 538 S.
807 473 1068 540 HIPPOLYTUS
1611 467 1676 544 527

139 630 222 688 σιος·
244 607 275 676 οἱ
290 610 326 677 δέ
340 607 544 697 πορευόμενοι
558 607 592 678 έν
607 608 691 697 νόμω
709 609 839 698 Κυρίου,
855 612 885 678 οἱ
902 591 907 604 ’
928 619 980 680 est
993 616 1105 698 divea3
1119 616 1178 700 qui
1190 633 1270 681 vero
1282 617 1460 682 ambulant
1474 619 1511 683 in
1522 620 1601 700 lege
1613 621 1677 685 Do·

137 724 308 801 προφῆται,
324 717 410 780 οὖτοι
432 716 495 800 ἄρα
515 715 600 801 ἦσαν
621 714 773 782 πλούσιοι.
797 714 835 781 ‘0
850 715 884 796 ἐξ
928 719 1023 798 mini,
1045 721 1227 802 prophetie.
1251 721 1293 784 Hi
1316 738 1398 785 sane
1421 727 1517 786 erant
1539 723 1672 790 divites.

137 817 284 905 εὐλογίας
305 818 443 904 Χριστοῦ
466 818 625 904 διδόμενος
646 818 791 902 πλοῦτος,
814 819 883 906 ἀρι-
927 824 1062 887 Divitias
1078 841 1161 906 quas
1180 824 1369 889 benedictio
1384 825 1509 890 Christi
1525 832 1674 908 prestat,

135 925 197 1010 γὴς
208 922 314 1008 πόσης
325 922 428 1007 λόιιης
439 921 623 1010 παρέχεται,
634 924 695 1008 πρδ
705 931 763 1008 της
774 922 883 1009 alciat-
929 927 1021 992 omni
1032 943 1174 990 moerore
1187 931 1312 990 carent:
1325 927 1475 991 nondum
1488 946 1590 993 sensu
1602 948 1676 1012 per·

136 1048 216 1107 σεως
231 1029 288 1105 τὰς
308 1027 412 1113 ψυχὰς
435 1025 616 1112 εὐφραίνων.
632 1026 768 1094 Ἠδεται
788 1029 885 1113 πρόιτ·
928 1034 1042 1111 cepta,
1063 1031 1194 1094 animoa
1209 1031 1387 1094 oblectant.
1404 1031 1598 1095 Delectatur
1613 1033 1675 1096 im·

139 1151 202 1197 των
216 1133 313 1213 κακὰ,
329 1132 419 1208 οὗτος
434 1133 474 1197 a&
496 1131 601 1197 πολλὰ
615 1131 719 1219 λέγειν
734 1130 826 1218 φησί·
848 1135 884 1199 τό
929 1133 1006 1215 pius
1018 1135 1108 1197 mala
1118 1139 1326 1216 perpetrans.
1339 1136 1413 1215 Hic,
1426 1135 1548 1216 inquit,
1563 1138 1673 1201 multa

136 1234 172 1299 δέ
187 1237 231 1321 μὴ
246 1233 441 1320 εἰσηγεῖσθαι
451 1236 491 1300 τὰ
502 1234 624 1302 δέοντα.
640 1234 710 1319 (Sic
731 1238 794 1304 cod.
811 1237 884 1304 Oba·
927 1237 1089 1319 loquitur,
1115 1255 1181 1302 non
1205 1246 1318 1302 autem
1335 1256 1375 1302 ea
1397 1257 1472 1321 quar
1494 1239 1624 1321 decent,
1641 1259 1672 1306 e-

136 1340 707 1423 curioriaterpreaemeadatoseat.)
927 1346 1052 1404 narrat.

605 1671 828 1788 saloni
861 1671 1209 1789 HIPPOLYTI

498 1943 834 2010 AUCTARIUM
865 1943 920 2006 IN
950 1943 1277 2007 PROVERBIA
1301 1933 1326 2023 ί)

181 2155 257 2218 Gar.
273 2169 318 2234 ιν,
334 2168 362 2216 ν.
377 2152 427 2233 10,
446 2152 496 2217 11.
508 2151 640 2234 Ἄκουε,
655 2149 712 2232 υίέ,
727 2152 783 2216 καί
797 2149 885 2230 δέξαι
971 2154 1048 2216 cir.
1062 2169 1106 2234 ιν,
1117 2172 1150 2216 v.
1165 2153 1215 2216 10.
1226 2151 1324 2231 Audi,
1332 2151 1405 2232 fili,
1424 2156 1455 2217 ct
1468 2153 1573 2236 νεοίρε
1587 2169 1672 2221 mcor

138 2253 234 2340 ἒμοὺς
248 2253 371 2338 λόγους,
388 2256 443 2319 καί
457 2253 709 2340 πληθυνθήσεται
728 2255 784 2339 έιη
801 2255 885 2340 ζωῆς
926 2272 1095 2338 aerumma,
1121 2261 1154 2322 et
1173 2255 1476 2338 cellulanorum
1496 2260 1578 2323 occi
1597 2259 1671 2324 δι’ία

136 2380 204 2441 σου,
219 2360 271 2424 ίνα
286 2379 336 2423 σοι
349 2356 501 2445 γένωνται
515 2358 632 2423 πολλαί
646 2358 712 2423 ὁδοί
728 2357 805 2445 βίου.
927 2365 999 2440 tac,
1017 2365 1055 2426 ot
1069 2360 1129 2426 tili
1145 2361 1253 2426 νιιιιίίσ
1266 2361 1423 2443 oioestoct
1436 2361 1520 2425 aitte.

179 2457 219 2526 Εἰ
231 2471 308 2549 γοῦν
320 2461 445 2540 ἀκούεις
460 2462 547 2548 ἐμοῦ,
560 2461 813 2547 πληθυνθήσεεαι
824 2463 881 2548 ότη
970 2465 1022 2528 Me
1052 2481 1135 2544 ergo
1163 2462 1375 2544 claodicus,
1402 2464 1484 2529 caci
1510 2466 1585 2530 υίίσ
1609 2470 1673 2531 loa

136 2566 221 2651 ζωῆς
244 2586 310 2649 σου,
327 2567 378 2631 ίνα
392 2575 473 2652 σχῇς
488 2565 647 2651 ἄφθαρτον
663 2564 764 2651 ζωήν·
787 2567 882 2653 δηλο-
924 2567 1238 2648 αιυίίίρίόεωόαιιίιιν,
1259 2571 1297 2630 ut
1307 2569 1413 2632 vitam
1425 2568 1549 2632 habeas
1566 2570 1674 2633 incor-

135 2669 202 2734 νόει
216 2668 332 2733 πολλοὶ
353 2667 420 2734 δδοί
442 2667 518 2754 βίου,
535 2668 662 2754 πράξεις
685 2669 811 2756 ἀγαθαί,
827 2671 880 2736 ἐπί
925 2676 1071 2753 ruptam,
1086 2672 1217 2735 scilicet
1231 2672 1310 2734 vitae
1322 2673 1378 2733 via
1394 2672 1573 2752 multiplex
1591 2676 1676 2737 sunt

134 2773 193 2858 τὴν
207 2779 321 2858 γνῶσιν
335 2770 486 2858 φέρουσαι
504 2782 560 2838 τοῦ
574 2771 676 2840 Θεοῦ·
698 2776 822 2860 τροχιαί
844 2777 879 2841 δὲ
920 2775 1001 2840 boni
1016 2781 1122 2857 actus,
1141 2777 1201 2857 qui
1222 2775 1352 2839 ducunt
1373 2775 1416 2839 ad
1438 2776 1669 2854 cognitionem

133 2875 233 2962 ὀρθαί,
249 2876 282 2941 αἱ
297 2876 360 2943 ἀπό
375 2885 437 2943 τῶν
452 2876 579 2963 ἀγαθῶν
593 2877 737 2964 πράξεων
751 2880 828 2965 πρός
844 2879 880 2945 ἀ·
922 2881 994 2944 Dei.
1024 2883 1116 2944 Rotae
1145 2883 1261 2944 autem
1284 2883 1384 2944 recta
1411 2884 1512 2961 sunt,
1542 2896 1619 2962 qum
1650 2899 1672 2944 a

133 2981 218 3067 γαθοὶ
233 2981 407 3068 πορεύσεις.
924 2984 1021 3048 bonis
1047 2984 1181 3049 actibus
1210 2983 1341 3048 vehunt
1370 2983 1412 3048 ad
1443 2983 1531 3048 bona
1559 3000 1674 3049 conoe·

925 3089 1071 3170 quanda.
1188 3085 1190 3090 ’

179 3211 211 3256 v.
229 3192 279 3256 11.
291 3187 404 3267 Ὁδοὺς
414 3189 476 3276 γοίρ
488 3189 600 3275 σοφίας
615 3187 753 3256 διδάσκω
769 3191 815 3274 σύ,
828 3187 881 3278 lu·
966 3211 996 3257 o.
1014 3194 1064 3256 11.
1076 3193 1163 3260 Nam
1175 3192 1249 3258 otoo
1259 3192 1425 3274 aopa'eotio
1435 3189 1543 3259 docebo
1553 3198 1594 3274 ίε,
1603 3193 1680 3276 fir·-

137 3292 255 3372 διόόιζω
270 3294 305 3359 δέ
319 3295 356 3380 σὲ
370 3303 500 3381 τροχοῖς
515 3294 632 3380 δρθαίς.
923 3296 1325 3362 υαιδοίείανοίίιαεοίίι.

177 3396 258 3465 Eius
280 3398 315 3463 δέ
336 3400 396 3484 τὴν
425 3397 537 3482 αἰτίαν,
568 3408 634 3476 πῶς
655 3400 745 3464 έσται
766 3408 880 3465 τοῦτο·
966 3401 1010 3462 Et
1017 3416 1153 3462 oausam
1165 3401 1295 3480 asserit,
1308 3399 1474 3480 quomodo
1483 3399 1575 3463 istud
1583 3399 1677 3463 futu-

134 3499 248 3582 Ὁδοὺς
268 3506 330 3590 γόιρ
357 3501 480 3590 σοφίας,
505 3507 578 3590 ἢτοι
602 3513 659 3590 τῆς
685 3505 878 3591 εὐμηχάνου,
923 3521 1000 3567 rum
1019 3504 1073 3583 sit,
1096 3503 1170 3567 vias
1192 3504 1375 3584 sapientia,
1395 3504 1558 3566 nimirum
1580 3504 1675 3568 illius

134 3616 193 3694 τῆς
208 3607 352 3693 εὐπόρου·
367 3608 437 3674 ὅθεν
452 3609 491 3674 ἂν
506 3603 632 3693 βαδίσαι
648 3606 759 3693 θέλῃς,
775 3607 880 3672 πάντα
921 3606 1063 3690 pulchre
1085 3607 1255 3688 operantia
1272 3611 1305 3669 et
1319 3605 1536 3688 proficientis,
1556 3607 1591 3669 in
1607 3622 1676 3687 qua

136 3711 306 3795 διιέξισιαι,
322 3711 412 3776 οὐδέν
427 3710 659 3777 ridiculares
676 3712 785 3797 έχουσι
799 3710 877 3777 πάν·
922 3713 951 3776 si
967 3711 1116 3775 volueris
1136 3711 1320 3790 ambulare,
1337 3709 1450 3773 omnia
1468 3710 1671 3790 succedunt3

135 3837 176 3882 τα
190 3817 274 3881 κατὰ
290 3813 445 3902 βασιλίδα.
465 3813 563 3892 Θείως
579 3815 614 3880 δέ
629 3816 715 3880 είιιεν
736 3819 772 3881 τδ
795 3815 879 3902 enci·
923 3815 1009 3878 nihil
1023 3816 1060 3878 in
1072 3831 1214 3879 occursu
1230 3813 1321 3877 cadit
1341 3813 1395 3877 bis
1418 3814 1478 3896 qui
1494 3815 1608 3877 omnia
1617 3813 1632 3895 j
1638 3835 1674 3878 u·

135 3918 232 4001 όάζω,
249 3919 338 4003 ὥστε,
355 3921 442 4004 φησὶ,
454 3918 583 4006 ἀσφαλῆ
594 3917 741 4005 γενέσθαι
751 3921 810 4005 τὴν
820 3941 880 3984 πα·
924 3925 983 3983 xta
995 3919 1125 3998 regiam
1144 3920 1235 3983 viam
1247 3918 1411 3997 dirigunt.
1427 3918 1550 3982 Divino
1565 3921 1675 3983 numi-

136 4021 294 4110 ραμονήν·
307 4023 345 4088 οὐ
355 4025 417 4110 γόιρ
429 4033 580 4088 τοσαῦται
591 4026 808 4111 παρεκτροπαί
818 4033 880 4092 τῶν
923 4041 967 4088 ne
982 4021 1204 4107 aitzflrmabo,
1220 4023 1387 4101 videlicet,
1405 4022 1527 4102 inquit,
1542 4021 1676 4084 firmam

134 4128 315 4216 λαοφόρον,
331 4132 404 4195 δσαι
424 4139 482 4215 τῆς
497 4128 612 4214 ἀρετῆς
621 4151 636 4199 ·,
651 4133 707 4198 καί
721 4132 814 4218 έργον
829 4130 880 4195 ic·
925 4132 960 4192 et
977 4131 1187 4192 constantem
1198 4126 1273 4191 fieri
1288 4127 1507 4190 mansionem.
1524 4127 1622 4190 Haud
1637 4143 1671 4189 e·

133 4255 181 4301 τιν
195 4237 296 4320 οὐρεῖν
312 4236 412 4320 ἄνδρα
426 4233 517 4321 δρθδν
533 4234 592 4302 ἀεί.
924 4232 996 4294 nim
1011 4235 1061 4295 tot
1079 4236 1161 4295 sunt
1182 4230 1383 4295 diverticula
1402 4231 1438 4293 in
1460 4230 1600 4295 lubricis
1622 4247 1673 4293 se-

925 4337 1028 4417 mitis,
1040 4339 1123 4417 quot
1137 4338 1219 4399 sunt
1233 4335 1298 4398 viae
1312 4335 1348 4398 in
1362 4335 1500 4416 virtute3
1517 4333 1606 4398 unde
1622 4351 1674 4398 ar·

924 4442 1032 4506 duum
1055 4459 1139 4523 opus
1155 4445 1206 4506 est
1228 4439 1380 4504 invenire
1403 4439 1574 4504 hominem
1590 4455 1676 4503 sem·

925 4563 986 4627 per
1004 4549 1145 4609 rectum.

168 4789 195 4862 1)
209 4787 282 4845 (lum
293 4784 325 4846 in
337 4789 576 4864 superioretomo
587 4786 623 4845 da
635 4793 738 4846 sancto
747 4793 878 4863 martyre
921 4781 995 4854 244).
1016 4777 1128 4836 Eadem
1143 4777 1272 4850 vestigia
1288 4775 1396 4834 iterum
1417 4775 1581 4849 iterumque
1598 4777 1673 4834 rele-

132 4877 250 4951 copioss
263 4882 294 4934 st
310 4875 447 4934 alacriter
465 4877 587 4948 agimus,
602 4893 655 4950 pro
672 4880 775 4932 nostra
792 4874 824 4931 in
834 4874 878 4932 in.
921 4866 1004 4939 genti
1015 4864 1143 4922 feliciter
1154 4863 1280 4936 contigit
1291 4863 1351 4919 ulia
1362 4869 1489 4936 quatuor
1498 4880 1581 4937 saque
1593 4881 1673 4922 nova

132 4965 248 5035 signem
268 4962 434 5019 Romanum
454 4960 603 5018 doctorem
623 4960 739 5035 prolixa
758 4959 877 5034 pietate,
922 4954 1067 5026 detegere,
1085 4969 1159 5024 qum,
1178 4949 1248 5006 data
1259 4949 1410 5005 occasione
1427 4948 1535 5020 fausta,
1552 4949 1673 5008 tandem

131 5028 302 5125 pergratum⁸
309 5047 376 5119 tuit,
386 5047 476 5104 etiarn
481 5053 549 5121 post
555 5048 701 5120 Angelum
709 5047 829 5118 Maium,
840 5065 878 5105 sx
921 5059 956 5100 so
967 5041 1000 5096 in
1011 5040 1075 5094 loco
1087 5037 1124 5094 ab
1137 5036 1284 5095 oblivione
1296 5053 1435 5093 revocare
1443 5034 1539 5108 juvat

131 5133 283 5192 Vaticanis
300 5130 449 5189 codicibus
467 5138 592 5207 quatuor
608 5151 687 5193 nova
699 5151 800 5191 eruere
813 5152 877 5207 sag-
956 5127 1025 5201 (lap.
1037 5142 1079 5196 iv,
1091 5144 1119 5184 v.
1133 5125 1176 5196 10,
1188 5125 1231 5180 11.
1246 5123 1296 5180 Ex
1305 5123 1402 5181 Vatis.
1420 5123 1490 5179 1so2
1508 5123 1530 5180 f.
1547 5125 1590 5182 21.
1609 5125 1672 5195 cod,

131 5227 232 5281 menta
243 5221 281 5278 de
298 5219 469 5278 Proverbiis
487 5219 659 5280 Salomonis.
679 5221 711 5294 (t.
725 5237 758 5292 ιι,
775 5238 803 5294 p.
815 5221 877 5290 243,
921 5219 988 5286 πρὸς
999 5216 1104 5286 ἁγαθός
1115 5216 1258 5284 Mimo
1271 5229 1326 5270 1100
1337 5211 1406 5269 fori
1420 5210 1528 5286 inepta·

211 5331 362 5375 ιιιιιιιστι
380 5332 423 5391 ιιι,
444 5315 492 5372 ol.
