4044 6104
864 498 1070 563 EUSEBIUS
1669 501 1732 562 437

120 693 122 701 .
194 634 309 716 κείνου,
333 636 438 720 φησὶν,
453 634 701 720 λοιδορούμενος,
718 645 774 721 τῆς
797 635 850 700 ὑπ’
866 634 943 721 ἐμοῦ
985 643 1042 717 est,
1064 641 1185 720 inquit,
1213 640 1301 702 inter
1316 641 1409 703 illius
1432 643 1595 723 convicia,
1616 661 1656 706 so
1678 642 1736 706 fla·

195 738 406 826 τσλμηθεύσης
421 737 576 824 ἁμαρτίας
591 740 635 816 εἰς
649 738 825 824 ἀνάμνησιν
836 738 942 824 ηλθον,
986 746 1064 822 giris
1082 743 1171 824 quod
1186 761 1290 807 ausus
1302 762 1378 808 sum
1391 747 1590 809 memoriam
1601 763 1735 809 revocu-

194 847 251 910 καὶ
266 853 333 921 ταῖς
356 842 498 912 ἐντεῦθεν
520 842 624 908 ἀκίσιν
647 841 836 931 ἐύαλλύμην,
859 843 943 929 λσγι-
985 848 1030 927 vi,
1046 866 1085 910 ao
1099 847 1339 911 stimulis'inde
1355 849 1517 912 inductus
1532 867 1609 912 sum
1625 849 1667 912 sd
1682 866 1735 912 co-

195 947 325 1035 ζύμενος
347 949 395 1012 ὅτι
409 948 527 1031 ταύτης
550 947 645 1012 ἕνεκα
666 949 721 1013 καὶ
743 946 944 1034 λσιδσρσύμαι
985 952 1166 1030 gitandum
1196 969 1333 1015 oausam
1363 969 1435 1016 esse
1464 957 1641 1034 peoostum
1671 972 1732 1017 our

194 1055 250 1118 καὶ
262 1062 482 1138 πνραννούμαι,
498 1053 553 1117 καὶ
575 1060 636 1116 τῶν
652 1049 817 1137 βασιλειῶν
836 1052 943 1132 ἐξελα-
985 1055 1180 1136 proscindor
1194 1060 1228 1119 et
1239 1057 1409 1137 opprimar
1420 1057 1610 1139 tyrannide,
1628 1061 1734 1120 etour

194 1156 267 1239 θεὶς,
282 1155 409 1242 φεύγειν
425 1155 656 1242 ἀναγκάζομαι.
986 1175 1004 1220 e
1021 1159 1138 1236 regnis
1153 1160 1238 1222 meis
1254 1161 1361 1239 exsul,
1378 1161 1499 1239 sugere
1515 1177 1629 1239 cogar.

238 1283 270 1326 v.
286 1263 317 1326 4.
333 1260 689 1348 Ἐθερμάνθηὴκαρδία
701 1282 760 1347 μου
771 1259 857 1338 ἐντός
870 1282 940 1347 μου,
1030 1279 1062 1326 ν.
1077 1263 1108 1325 4.
1128 1263 1293 1328 θοιιοσῖαὶί
1311 1280 1365 1329 cor
1378 1282 1483 1330 οιοιωι
1507 1266 1599 1330 intra
1620 1283 1678 1344 οια,
1708 1268 1740 1330 et

194 1367 249 1430 καὶ
271 1367 304 1431 ἐν
325 1375 365 1451 τῇ
389 1364 504 1452 μελέτη
528 1388 588 1453 μου
610 1365 844 1452 ἐκκαυθήσεται
862 1374 940 1450 πύρ·
986 1365 1022 1430 io
1036 1364 1240 1432 meditatione
1267 1383 1337 1432 αισα
1358 1367 1541 1434 esordercet
1561 1369 1669 1452 ionio·
1695 1368 1741 1435 lo-

194 1468 340 1555 ἐλύιλησα
353 1469 388 1536 ἐν
401 1467 531 1554 γλώσσῃ
545 1491 603 1555 μου
614 1491 622 1506 ·
635 1468 787 1556 γνύιρισύν
804 1491 865 1556 μοι,
877 1468 942 1534 Κύ-
986 1470 1218 1535 catursensis
1232 1471 1346 1554 linquo
1360 1487 1448 1537 ριοσε
1466 1473 1584 1539 Notum
1598 1471 1662 1553 foc
1676 1475 1741 1538 mi-

195 1595 252 1658 ριε,
264 1575 300 1639 τὸ
311 1571 411 1658 πέρας
428 1593 498 1659 μου.
986 1575 1032 1653 Iti,
1052 1574 1312 1657 Domirw,stoem
1325 1591 1439 1640 meum.

239 1676 458 1764 Θεσδωρήτσυ,
471 1677 584 1764 ὁμοίως
596 1676 758 1744 Eiristios.
1030 1680 1241 1742 Turonorum
1255 1679 1401 1743 simulet
1414 1681 1562 1746 Eusnnn.
1583 1684 1626 1744 At
1641 1684 1737 1764 Sym-

238 1779 276 1847 ‘0
287 1783 323 1847 δέ
335 1781 509 1869 Σύμμαχος
523 1785 621 1861 ούτως
635 1781 844 1870 ἡρμήνευσεν·
857 1779 943 1860 Ἐξε·
986 1783 1127 1846 machus
1160 1783 1210 1845 its
1246 1784 1440 1848 transtulit:
1470 1783 1653 1850 Εασσιιύιιύύ
1682 1803 1736 1850 σοι·

196 1883 355 1970 θερμάνθη
370 1885 393 1972 ἡ
409 1885 525 1972 καρδία
540 1908 600 1971 μου
614 1885 701 1963 ἐντός
717 1907 776 1971 μου
795 1886 828 1952 ἐν
849 1892 894 1970 τῷ
909 1884 945 1949 ἀ·
985 1901 1090 1948 meum
1111 1886 1203 1950 intro
1223 1903 1282 1964 me,
1308 1885 1385 1951 dum
1407 1888 1612 1969 coffitatwmr
1635 1889 1737 1953 voloc-

195 1989 342 2057 ναπσλεῐν
351 2011 399 2076 με,
408 1993 463 2055 καὶ
475 1991 628 2076 ἐκαιόμην
639 1989 721 2075 πυρί.
731 1988 945 2075 Ἀναμιμνησ-
985 2003 1064 2066 νοω,
1081 1990 1114 2052 et
1133 1986 1252 2051 τωούατ
1267 1988 1350 2070 ique
1368 1991 1503 2068 Memor,
1520 1992 1643 2072 inquit,
1659 2008 1735 2072 peo-

194 2092 337 2179 κόμενσς,
361 2097 448 2180 φησὶ,
472 2103 530 2179 της
549 2093 713 2182 ἁμαρτίας,
736 2102 794 2179 τῆς
810 2091 944 2178 ἀθυμίας
986 2091 1063 2170 esti,
1079 2093 1184 2154 animi
1204 2109 1355 2173 excessu,
1371 2112 1434 2158 seu
1450 2096 1532 2173 igne
1548 2096 1680 2176 urebar,
1694 2097 1736 2160 ab

195 2200 433 2286 ἐνεπιμπράμην
454 2201 537 2285 πυρὶ,
564 2200 616 2264 ὑπ’
629 2199 728 2284 αύτης
752 2198 943 2283 πυρούμενος
986 2195 1059 2276 ipsa
1076 2211 1152 2257 mea
1165 2212 1348 2260 succensus
1372 2199 1588 2262 conscientia.
1616 2201 1736 2265 notum

194 2302 410 2389 συνειδήσεως.
423 2300 578 2389 Γνῶρισύν
593 2325 656 2389 μοι,
671 2302 780 2387 Κύριε,
792 2303 828 2366 τὸ
845 2299 944 2386 πέρας
976 2295 1040 2378 fao
1069 2296 1456 2384 ωιλι,1)οωι·κι,ρῑωω
1485 2319 1598 2368 metm.
1619 2305 1735 2379 Qualis

195 2406 322 2492 μου.Τέ
342 2411 378 2474 τὸ
393 2406 492 2493 πέρας
514 2409 603 2472 ἔσται
623 2409 703 2494 μετὰ
725 2408 766 2472 τὰ
788 2402 942 2490 συμύεύη-
986 2402 1122 2464 futurus
1137 2401 1183 2465 sit
1204 2407 1281 2484 post
1295 2403 1355 2467 illo
1373 2421 1449 2486 quae
1469 2406 1554 2469 mihi
1569 2424 1736 2472 successe·

194 2511 276 2576 κύτα
287 2532 349 2596 μοι,
361 2514 416 2577 καὶ
428 2513 508 2598 μιτὰ
520 2513 579 2598 τὴν
589 2511 826 2598 ἐξομολόγησιν,
835 2508 944 2575 ὁποίου
986 2510 1077 2585 runt,
1093 2509 1214 2586 etpost
1228 2506 1484 2589 confessionem,
1501 2526 1602 2591 quem
1618 2527 1683 2588 ego
1699 2509 1737 2572 fi·

193 2614 303 2694 τέλους
325 2614 482 2702 τεύξομαι,
500 2617 609 2703 μαθεῖν
631 2615 719 2696 ἀξιῶ.
741 2613 942 2702 Βαρούμενος
987 2627 1065 2674 nem
1080 2615 1244 2674 nacturus
1258 2610 1323 2675 sim
1340 2614 1462 2694 exitus,
1477 2616 1564 2679 scire
1580 2617 1722 2697 postulo.

195 2719 265 2786 κτλ.
280 2723 361 2788 Edu.
377 2724 434 2789 col.
450 2724 524 2788 348.

238 2825 332 2904 Ἰσως
347 2827 382 2890 δέ
395 2825 506 2912 ἠρώτα
519 2828 662 2911 περὶτῶν
676 2825 795 2891 λοιπῶν
805 2823 942 2911 ἡμερῶν,
1030 2823 1184 2884 Fortasse
1199 2827 1439 2902 percunctatus
1455 2825 1506 2886 est
1520 2821 1561 2886 de
1572 2826 1736 2904 supersti-

143 2955 145 2960 ·
195 2929 305 3014 μαθεῖν
326 2929 514 3016 βουλόμενος
529 2931 557 2995 εἰ
571 2929 734 3015 ἐξαρκέσει
752 2931 796 3008 εἰς
812 2930 942 3016 μετάνο-
987 2925 1078 2990 tibus
1093 2925 1223 3003 diebus,
1240 2926 1326 2988 seire
1344 2927 1486 3007 cupiens
1501 2944 1545 2990 an
1568 2928 1736 3009 poeniten-

194 3055 245 3101 ιαν
268 3035 285 3098 b
308 3033 416 3111 λοιπὸς
437 3043 499 3101 των
524 3031 650 3120 ἡμερῶν
672 3033 804 3119 χρόνος·
832 3033 945 3119 ἐπειδὴ
987 3030 1043 3092 tiae
1068 3027 1217 3093 sufficiat
1236 3030 1406 3110 reliquum
1429 3037 1563 3112 tempus
1594 3031 1736 3095 dierum.

193 3139 266 3222 γὰρ,
289 3139 393 3224 φησιν,
417 3137 590 3224 ἀρξάμενος
615 3148 671 3203 τοῦ
694 3137 754 3222 ζῆν
775 3138 861 3204 κατὰ
882 3127 948 3225 τὴν
987 3132 1133 3211 Etenim,
1149 3133 1207 3210 ait,
1231 3149 1337 3213 quum
1361 3134 1467 3196 vitam
1483 3135 1737 3215 exorsusjuxta

195 3241 393 3330 ἀνθρωπίνην
414 3242 521 3329 ζωὴν,
544 3245 599 3309 καὶ
614 3241 705 3319 τέλος
728 3241 827 3327 αύτης
849 3261 945 3327 προσ.
987 3235 1213 3299 conditionem
1246 3236 1439 3318 humanam,
1466 3244 1501 3302 et
1522 3239 1625 3304 tinem
1656 3259 1738 3323 quo-

195 3347 288 3432 δοκύ,
312 3347 431 3431 ἄδηλον
445 3348 480 3413 δέ
503 3347 572 3433 ἐμοὶ
590 3356 692 3428 τοῦτο,
716 3345 755 3410 ού
770 3366 823 3431 μοι
835 3344 944 3430 γνύρι-
987 3355 1054 3420 que
1076 3333 1150 3418 eju&
1177 3345 1351 3420 exspecto,
1375 3342 1403 3405 is
1427 3359 1507 3406 vero
1530 3345 1615 3408 mihi
1639 3347 1737 3424 igno-

195 3472 250 3517 σον
264 3455 299 3518 τὸ
315 3450 413 3536 πέρας
436 3472 506 3537 μου,
521 3452 573 3517 ἴνα
587 3452 623 3516 τύ
645 3449 765 3536 πλῆθος
781 3459 842 3515 τῶν
865 3450 943 3516 ἐτῶν
987 3447 1120 3522 tusest,
1143 3448 1181 3505 tu
1199 3444 1283 3507 mihi
1298 3450 1417 3510 notum
1429 3447 1482 3512 iao
1493 3449 1596 3513 finem
1612 3469 1736 3529 meum,

193 3565 251 3642 τῆς
267 3557 346 3642 μετὰ
361 3559 479 3639 σαρκὸς
493 3555 578 3640 ζωης
601 3553 718 3640 μαθὼν,
733 3555 790 3618 καλ
803 3551 873 3617 τίνα
889 3573 942 3637 μοι
990 3551 1029 3608 ut
1046 3545 1180 3610 discens
1198 3548 1454 3613 multitudinem
1468 3568 1636 3615 annorum
1652 3570 1736 3635 quos

193 3657 422 3743 κατορθοῦσθαι
437 3658 493 3738 δεῖ,
512 3665 577 3741 γνῶ
591 3654 621 3722 τύ
644 3656 700 3743 μέν
715 3654 886 3740 πεποίηκα,
909 3653 939 3719 τί
989 3668 1067 3714 oum
1079 3668 1181 3714 earne
1204 3653 1406 3732 transigam,
1423 3657 1457 3716 et
1478 3671 1634 3736 quaenam
1650 3657 1736 3720 mihi

195 3761 229 3826 δέ
255 3762 356 3828 λείπει
383 3783 434 3849 μοι
463 3764 540 3848 πρὸς
564 3759 788 3846 ἀναπλήρωσιν
817 3761 941 3826 τιλειύ
987 3757 1057 3820 siut
1069 3755 1287 3836 emendando,
1303 3757 1491 3823 soiomtum
1500 3760 1583 3840 quid
1591 3762 1734 3840 egerim,

195 3888 284 3944 σεως.
307 3867 392 3953 Ἐγὼ
422 3867 456 3932 δέ
486 3867 573 3954 οἶμαι
594 3869 631 3931 τὸ
653 3863 806 3931 ἀπίθανον
828 3865 943 3931 ἐνεῖναι
987 3867 1060 3924 tum
1078 3859 1161 3941 quid
1172 3859 1256 3923 mihi
1270 3861 1732 3942 restetudperieotumfinem

196 3981 261 4050 τοῖς
275 3973 408 4038 τοιοῖσδε
423 3971 529 4058 λύγοις
544 3981 605 4039 τῶν
620 3973 717 4046 ούτως
734 3961 943 4054 ἐρμηνευσέν
987 3964 1208 4045 implendum·
1220 3965 1295 4041 Ego
1309 3981 1390 4028 vero
1402 3967 1520 4047 opinor
1535 3968 1649 4032 minus
1661 3985 1737 4049 pro·

197 4099 258 4142 των
274 4078 332 4163 [ην
348 4079 480 4163 μὲνγὰρ
496 4078 585 4163 ἅγιος
600 4077 656 4142 καὶ
670 4070 836 4161 προφήτης
850 4072 868 4139 ὁ
883 4071 944 4138 ύα-
988 4067 1135 4132 habilem
1147 4085 1219 4131 esse
1231 4069 1434 4134 sententiam
1447 4087 1550 4151 quam
1562 4072 1735 4136 hisoever·

196 4180 275 4268 stol.
294 4185 343 4274 ην,
358 4183 426 4249 edd.
444 4184 466 4248 ι,
482 4184 505 4248 ι,
988 4173 1040 4236 bis
1063 4172 1238 4252 dederunt,
1254 4173 1314 4254 qui
1337 4174 1385 4237 ita
1408 4175 1621 4257 interpretati
1643 4183 1735 4240 sunt.

239 4308 271 4352 v.
290 4290 340 4369 11,
360 4289 410 4352 12.
421 4285 625 4371 Ἀπύστησον
639 4285 695 4351 ἀπ’
704 4285 781 4372 ἐμοῦ
798 4285 853 4362 τὰς
866 4283 944 4369 μύσ-
988 4279 1071 4340 Erat
1082 4278 1173 4340 enim
1187 4276 1295 4340 David
1309 4283 1447 4342 sanctus
1463 4284 1497 4342 et
1510 4279 1704 4361 propheta...

195 4391 283 4478 τιγάς
306 4414 373 4473 σου,
390 4392 453 4456 ἀπὸ
475 4401 533 4477 της
556 4390 664 4477 ἰσχύος
688 4397 745 4474 τῆς
759 4388 864 4475 χειρός
887 4408 944 4453 σου
1032 4381 1579 4466 v.11‚12.Amoveumplaaos
1601 4387 1683 4447 tuor.
1707 4383 1735 4446 A

196 4496 259 4582 ἐγὼ
274 4493 428 4575 heinmo,
551 4535 553 4539 -
980 4483 1184 4566 fortitudine
1196 4503 1313 4552 οιαιιαο
1328 4492 1390 4553 τινα
1404 4504 1458 4571 eqo
1471 4487 1583 4571 deseri.

230 4723 258 4762 v.
270 4705 296 4758 4.
309 4703 405 4763 Vstio.
418 4719 474 4762 xur
491 4703 542 4776 qui
554 4701 634 4758 editu
654 4701 761 4758 leviter
771 4703 871 4771 suget,
893 4698 945 4755 sod
989 4690 1094 4748 scholii
1111 4691 1275 4747 desumitur
1288 4709 1326 4752 ex
1340 4692 1434 4749 Votis.
1448 4693 1491 4748 15.
1506 4725 1538 4735 -
1551 4693 1587 4750 In
1599 4711 1628 4751 v.
1642 4695 1683 4764 13,
1703 4693 1737 4748 14

195 4790 279 4846 addit
290 4795 387 4846 totum
395 4789 564 4864 Symmnohi
575 4789 679 4858 locum,
692 4805 780 4860 quem
795 4785 887 4842 Fisld.
903 4787 944 4856 11,
990 4779 1053 4836 σού.
1065 4784 1166 4835 nostor
1177 4778 1295 4852 incipit:
1314 4781 1345 4834 ‘0
1357 4781 1487 4848 πολλάκις
1499 4784 1593 4836 αἰπύν·
1605 4781 1675 4849 πλὴν
1689 4784 1739 4849 μοι·

196 4878 249 4933 148
265 4875 384 4933 aliunde
396 4875 507 4948 recepit
530 4891 566 4930 so
583 4873 709 4930 multum
721 4873 869 4929 sollieitat.
889 4872 946 4940 Qui
989 4870 1099 4934 τηνπᾱς
1114 4867 1250 4932 ἅνθρωπος
1262 4867 1376 4920 ἐνταῦθα
1385 4869 1517 4936 ὁμολογεῖ
1525 4871 1654 4936 πάροικος
1671 4871 1738 4922 εἰναι

196 4981 264 5020 oum
280 4962 511 5020 Montsfsloonio
523 4960 639 5018 notavit
650 4959 683 5016 in
696 4959 810 5016 dnobus
828 4957 945 5015 Colber·
990 4955 1037 5008 καὶ
1049 4955 1236 5020 παρεπίδημσς.

196 5049 269 5106 tinio
284 5049 359 5106 stin
370 5065 429 5125 uno
441 5048 505 5104 σού.
523 5045 701 5104 Theodorsti
722 5045 782 5118 legi
799 5046 946 5118 ύναπσλαν,
1024 5056 1053 5096 ν.
1068 5039 1165 5108 11,12.
1183 5054 1221 5093 ex
1239 5037 1303 5094 σού.Ι
1316 5037 1411 5096 Votis.
1431 5041 1473 5110 15,
1492 5039 1555 5100 sive
1574 5057 1611 5098 ex
1629 5041 1739 5113 optimu

197 5142 298 5193 nostor
315 5141 415 5193 sutem
427 5135 509 5192 hisee
526 5133 668 5192 soosdsns
686 5132 776 5189 habet
794 5135 945 5199 σνσιπωλαν,
990 5124 1102 5183 Nioetss
1115 5123 1267 5182 Serranum
1279 5129 1391 5182 cotona.

196 5241 235 5290 sn
247 5239 300 5299 pro
319 5224 471 5289 ύναπσλιῐν,
483 5227 517 5278 nt
534 5220 587 5279 alii
607 5219 732 5282 volunt?
750 5219 825 5277 Pers
843 5217 947 5276 ultima
