4006 6090
727 443 769 504 IN
795 439 993 522 PSALMUM
1016 441 1148 504 CXVIII
1482 507 1485 514 ,
1653 449 1717 511 299

226 583 350 669 Νοητδν
376 581 478 668 στόμα
505 578 644 666 νοητέον,
671 581 723 646 ἵνα
748 579 929 664 ἑλκύσωμεν
1018 582 1061 644 Os
1087 583 1262 663 spirituale
1284 584 1387 647 velim
1417 584 1601 665 intelligas,
1628 587 1717 650 unde

179 699 310 775 πνεῦμα,
328 689 367 752 τό
380 688 423 772 μη
440 687 534 752 είσιδν
550 686 594 762 εἰς
616 681 839 770 κεκλεισμένον
858 681 927 748 στό-
973 685 1131 766 spiritum
1143 687 1363 766 attrahamus,
1375 689 1435 768 qui
1447 706 1514 751 non
1527 689 1721 768 ingreditur

181 815 242 880 μα·
258 793 304 857 διὸ
320 793 376 877 μὲν
392 790 508 874 Κόριος
523 787 647 868 ἀνοίξας
661 791 697 854 τό
714 788 816 872 στόμα
831 788 927 852 αάιοῦ
975 789 1010 852 in
1026 807 1062 852 os
1085 791 1250 853 clausum.
1268 790 1345 854 Ideo
1368 793 1439 873 ipse
1454 792 1589 872 quidem
1610 795 1723 857 Domi-

180 894 355 964 scitamur·
370 895 388 959 ὁ
403 894 438 958 δὲ
450 890 576 970 Παῦλός
593 913 680 978 φησι·
698 892 743 958 Τό
756 891 858 977 στόμα
870 912 930 977 μου
975 910 1040 955 nus
1063 909 1101 956 os
1127 911 1227 956 suum
1251 895 1416 975 aperiens,
1439 895 1588 960 docebat.
1611 900 1721 976 Atque

180 998 299 1084 ἀνέῳγε
314 1001 391 1084 πρός
406 1000 496 1083 όμῦς,
522 994 689 1082 Κορίνθιοι.
707 1035 748 1046 -
767 996 811 1062 Τό
828 996 930 1081 στόμα
975 997 1101 1060 Paulus
1117 997 1181 1060 ait:
1207 1018 1224 1057 r
1242 999 1285 1060 Os
1301 1015 1413 1061 meum
1437 1004 1530 1080 patet
1552 1000 1594 1064 ad
1616 1018 1686 1080 vos,
1702 1018 1724 1064 0

179 1115 237 1190 της
252 1107 328 1190 ἐμοῦ
344 1104 450 1189 ψυχης
464 1102 548 1166 ἐστιν
562 1099 584 1184 ἡ
600 1101 731 1168 διάνοια.
756 1101 859 1167 Τοῦτο
875 1101 930 1165 οῦν
976 1101 1150 1164 Corinthii.
1168 1121 1186 1161 ›>
1211 1137 1249 1148 -
1267 1103 1309 1166 Os
1325 1104 1447 1166 animm
1462 1122 1545 1168 meae
1562 1112 1612 1170 est
1632 1107 1723 1185 eogi-

181 1206 310 1285 κλείσας
324 1215 389 1283 τοῖς
404 1213 552 1290 πονηρῦις
567 1205 728 1290 λογισμοῖς
743 1204 856 1290 ἤνοιξε
865 1213 930 1282 τοῖς
975 1209 1077 1268 tatus.
1094 1207 1164 1269 Hoc
1180 1208 1290 1286 IgItur
1305 1209 1364 1272 ubi
1379 1210 1503 1274 reclusi
1518 1211 1631 1292 pravIs
1642 1226 1723 1288 sug-

182 1311 321 1399 ἀγαθοῖς,
333 1311 389 1374 καί
400 1308 534 1375 είλκυσα
549 1318 672 1393 πνεῦμα
694 1307 857 1391 συνέσεως,
871 1307 931 1394 χόι-
975 1310 1198 1391 gestionihus,
1220 1311 1319 1376 bonis
1341 1330 1420 1376 vero
1443 1315 1571 1395 aperui,
1595 1315 1720 1378 attraxi

183 1437 267 1502 ριτος
282 1418 337 1480 καί
351 1412 473 1500 σορίας.
975 1415 1132 1494 spiritum
1160 1416 1362 1495 intellectus,
1386 1417 1507 1494 gratia
1532 1419 1568 1479 et
1589 1418 1723 1497 sapien-

225 1519 263 1586 ‘0
278 1518 403 1598 ἀνοίξας
425 1518 477 1585 διὰ
490 1525 549 1603 της
571 1525 748 1603 πρακτικῆς
770 1519 829 1603 τὴν
852 1538 929 1602 καρ-
976 1521 1042 1582 tiae.
1065 1520 1128 1594 Qui
1152 1519 1299 1584 activam
1321 1537 1381 1601 per
1403 1520 1566 1582 virtutem
1588 1521 1724 1601 aperuit

181 1611 261 1706 δίαν,
277 1623 363 1688 ἕλκει
385 1624 421 1687 τὸ
443 1622 533 1707 ἀγιον
554 1630 688 1706 πνεῦμα,
710 1624 747 1687 τὸ
767 1619 928 1686 ἀποκαλῦ-
976 1641 1053 1703 eor,
1082 1623 1225 1687 attrahit
1264 1625 1427 1704 Spiritum
1456 1628 1633 1704 sanetum,
1665 1625 1725 1704 qui

181 1749 259 1794 πτον
286 1727 370 1812 αὐτῷ
393 1727 434 1791 τόι
463 1724 619 1811 μυστήρια
641 1735 696 1790 τοῦ
723 1723 825 1792 Θεοῦ·
859 1723 930 1807 περὶ
976 1728 1027 1791 illi
1057 1729 1185 1791 revelat
1213 1729 1376 1809 mysteria
1406 1729 1483 1790 Dei:
1514 1727 1666 1809 loquitur
1692 1743 1725 1790 e·

181 1833 243 1917 γὰρ
265 1840 321 1895 τοῦ
344 1828 499 1914 στόματος
521 1838 576 1894 τοῦ
599 1837 738 1912 κρυπτοῦ
760 1827 924 1913 ἀνθρώπου
976 1834 1046 1897 nim
1070 1833 1110 1896 de
1133 1849 1190 1896 ore
1213 1832 1401 1897 absconditi
1431 1833 1587 1897 hominis.
1611 1834 1725 1896 Potest

183 1933 270 2020 ιρησί.
293 1933 359 2000 Καί
388 1932 517 1997 δύναται
543 1933 623 1998 είνοιι
649 1933 755 2018 ψυχης
781 1931 883 2018 στόμα
907 1930 929 2015 ἡ
976 1939 1078 2002 etiarn
1094 1954 1131 2001 os
1147 1939 1269 2001 anime
1286 1935 1444 2016 esseejus
1459 1937 1601 2002 facultas
1616 1938 1723 2018 perci-

182 2039 365 2123 διανοητικη
389 2038 487 2122 αὐτῆς
513 2037 650 2122 δύναμις,
677 2032 699 2119 ἡ
723 2033 928 2120 διανοουμένη
976 2042 1100 2124 pIendi‚
1116 2058 1192 2122 quae
1206 2041 1375 2104 transiens
1390 2039 1432 2103 ad
1447 2041 1636 2118 cogitatum
1650 2056 1725 2121 pro·

183 2143 332 2228 τρορόρει
346 2145 400 2208 τόν
415 2141 448 2206 ἐν
471 2140 593 2226 διανοίᾳ
606 2140 717 2227 λόγον·
739 2141 791 2205 ἵνα
806 2142 861 2207 οῦν
884 2142 927 2226 μὴ
975 2147 1041 2210 fert
1073 2146 1289 2226 cogitationis
1318 2161 1516 2210 sermonem.
1544 2146 1591 2208 Ne
1615 2144 1723 2222 igitur

183 2246 232 2312 ἀεὶ
246 2247 285 2312 ἐκ
299 2244 393 2331 ψιλης
408 2254 465 2330 της
480 2245 596 2330 ἑαυτης
610 2243 750 2329 νοήσεως
770 2243 929 2331 ἀπαγγίλ-
975 2267 1107 2332 semper
1129 2268 1172 2314 ex
1198 2267 1283 2330 pura
1304 2249 1412 2330 ipsius
1432 2249 1553 2311 notItia
1574 2265 1722 2329 pronun-

182 2350 235 2435 λη,
251 2348 334 2415 ἀλλὰ
349 2351 404 2413 καί
419 2349 457 2412 ἐκ
472 2347 639 2434 διδομένων
655 2349 734 2433 αὐτῇ
750 2347 863 2415 θεόθεν
877 2348 931 2414 λό-
976 2355 1048 2433 tiet,
1071 2353 1130 2417 sed
1152 2371 1193 2416 ex
1218 2354 1364 2416 oraculis
1387 2352 1551 2416 divinitus
1573 2353 1661 2416 datis
1683 2351 1724 2416 de

183 2457 324 2540 γωνιτερὶ
334 2463 553 2538 πνευματικῶν
565 2454 619 2518 καί
632 2451 799 2537 αἰσθητῶν·
812 2451 930 2538 ἀνοίγει
976 2457 1076 2521 rebus
1092 2458 1215 2538 spiritu
1231 2463 1265 2520 et
1278 2473 1382 2520 sensu
1395 2442 1573 2538 perceptis
1596 2473 1633 2520 os
1647 2473 1723 2537 ape·

183 2561 220 2623 τδ
242 2557 343 2643 στόμα
365 2557 449 2642 λόγῳ
472 2556 564 2640 Θεοῦ,
588 2558 639 2622 ίνα
664 2554 746 2641 rata
773 2556 868 2642 λόγον
895 2557 928 2624 ἐν
976 2563 1022 2624 rit
1036 2561 1138 2624 verbo
1150 2562 1221 2640 Dei,
1238 2563 1277 2623 ut
1287 2575 1475 2624 sermonem
1491 2561 1527 2623 in
1542 2561 1611 2622 oris
1631 2577 1726 2639 aper·

185 2660 298 2741 ἀνοίξει
311 2670 367 2727 τοῦ
380 2661 545 2747 στόματος,
561 2661 645 2739 ὅπως
661 2661 927 2748 εὐαγγελιζομὲνη
976 2667 1068 2730 tione
1088 2665 1238 2746 recipiat,
1255 2663 1344 2728 unde
1367 2681 1445 2727 oum
1467 2665 1593 2727 virtute
1617 2665 1725 2729 multa

185 2761 315 2851 δυνάμει
330 2763 433 2850 πολλῇ
449 2767 484 2829 τὸ
500 2763 589 2829 δοθὲν
611 2765 691 2849 αῦτη
712 2765 771 2829 ὑπό
794 2775 849 2830 τοῦ
865 2763 930 2830 Κυ-
977 2769 1127 2834 inustum
1149 2769 1310 2832 nuntium
1337 2769 1496 2848 mittens,
1519 2767 1637 2830 datum
1660 2767 1725 2846 ipsi

186 2869 253 2955 ρίου
275 2869 362 2955 ρημα
377 2867 558 2954 προσφέρῃ·
581 2868 632 2935 T&
646 2869 681 2932 δὲ
696 2867 782 2954 λέγει
804 2867 931 2954 Κύριος,
977 2893 998 2938 a
1012 2875 1156 2938 Domino
1170 2889 1358 2938 sermonem
1375 2873 1562 2952 eloquatur,
1578 2871 1627 2934 ita
1641 2887 1723 2952 μνω-

185 2973 444 3059 ἀπαγγέλλουσα·
452 2973 541 3037 οὐδὲν
552 2971 692 3057 διαφέρει
704 2970 811 3038 λαδεῖν
819 2972 932 3058 λόγους
978 2978 1108 3042 dicans:
1137 2979 1258 3040 «Haec
1284 2976 1367 3040 dicit
1388 2976 1596 3039 Dominus.»
1632 2974 1725 3038 Nihil

186 3089 241 3143 τοῦ
256 3077 387 3142 ἑλκύσαι
408 3076 652 3162 statuminetur.
669 3076 791 3141 Τοῦτόν
811 3078 874 3161 γόιρ
896 3079 932 3141 τὸ
959 3111 961 3115 -
977 3080 1090 3146 differt
1103 3081 1134 3145 si
1151 3081 1243 3145 dicas
1258 3079 1406 3160 recipere
1427 3095 1598 3144 sermones
1616 3083 1651 3143 et
1672 3083 1723 3142 at—

185 3193 310 3268 πνεῦμα
324 3190 367 3267 τῷ
378 3180 450 3267 Θεῷ
464 3179 570 3266 λόγῳ·
590 3180 637 3245 διὸ
649 3181 731 3244 καίό
744 3180 849 3265 σωτὴρ
862 3182 933 3265 περὶ
978 3184 1112 3247 trahere
1131 3184 1306 3264 spiritum:
1331 3181 1418 3246 idem
1436 3184 1560 3264 quippe
1582 3184 1723 3264 spiritus

187 3289 224 3352 οῦ
239 3286 347 3371 ἔλεγεν
362 3284 457 3370 λόγου
473 3287 527 3349 καὶ
543 3284 703 3370 ῥημάτων,
720 3285 864 3369 εἴρηκεν·
884 3285 934 3352 Ta
979 3293 1031 3352 est
1043 3305 1081 3350 ac
1092 3303 1201 3350 sermo
1213 3287 1285 3350 Dei.
1301 3285 1379 3349 Ideo
1395 3288 1547 3350 Salvator
1562 3306 1640 3351 cum
1656 3304 1723 3350 ser·

187 3389 315 3477 ρηματα
328 3391 350 3453 ἃ
364 3388 529 3474 λελάληκα
541 3389 622 3473 ὑμῖν,
637 3387 760 3473 πνεῦμα
775 3389 858 3454 ἐστιν
874 3391 931 3454 σαί
980 3409 1115 3456 monem
1137 3396 1171 3454 et
1192 3391 1296 3454 verba
1317 3391 1460 3472 ieoIsset,
1483 3391 1524 3455 de
1547 3392 1600 3456 his
1623 3391 1724 3454 dixit:

187 3493 254 3579 ζωή
278 3495 370 3560 ἐστιν.
394 3493 460 3559 Καὶ
481 3495 539 3578 την
565 3490 668 3559 αἰτίαν
691 3493 726 3556 δὲ
752 3491 934 3558 ἀποδέδωκε
983 3496 1123 3560 «Verba
1149 3513 1225 3576 quae
1247 3494 1342 3558 vobis
1364 3496 1498 3559 loeutus
1520 3513 1607 3575 snm,
1630 3496 1727 3577 spiri·

186 3609 243 3664 τοῦ
259 3595 436 3663 εἱλκυκίναι
451 3597 495 3674 εἰς
509 3599 546 3661 τό
562 3595 664 3681 στόμα
686 3599 783 3662 αῦτοῦ
799 3607 932 3683 πνεῦμα,
981 3605 1037 3664 tus
1059 3603 1141 3664 sunt
1170 3603 1205 3662 et
1234 3601 1305 3662 vita
1331 3585 1458 3664 sunt.»
1488 3601 1532 3664 Et
1553 3602 1728 3681 psalmista

188 3701 299 3768 είιτιίιν·
314 3697 386 3766 Ὅτι
401 3703 457 3780 τόις
471 3699 865 3784 όντολάςσουέιτεαόθουν,
878 3702 933 3767 αῦ-
981 3721 1118 3768 eausam
1140 3702 1280 3766 tradidit
1304 3721 1365 3766 cur
1391 3705 1427 3766 in
1453 3720 1509 3767 ore
1536 3721 1597 3768 suo
1623 3709 1726 3768 ottra-

189 3815 246 3891 της
268 3803 485 3891 ἀπιθυμησεως
506 3815 567 3870 των
589 3803 723 3870 ἐντολῶν
746 3803 937 3892 ἐπιεστιωμί-
981 3810 1088 3873 κίοιτε
1115 3808 1283 3888 spirItum,
1308 3807 1450 3872 addens:
1476 3807 1555 3888 quic
1576 3806 1728 3873 moreccia

189 3932 246 3996 νης
261 3913 316 3976 καί
331 3909 565 3996 ἐφελκουμίνης
580 3912 616 3975 τό
632 3907 772 3996 Πνεῦμα.
982 3918 1040 3980 tac
1061 3910 1287 3990 cinerosam,
1314 3927 1353 3973 eo
1368 3911 1535 3991 siquidem
1556 3910 1728 3974 mandato·

983 4034 1060 4081 rum
1084 4015 1249 4080 desiderio
1271 4018 1461 4079 accersente
1484 4019 1519 4077 et
1540 4015 1729 4079 attrahente

370 4181 373 4188 r
983 4122 1151 4204 spiritum.

233 4245 265 4289 v.
285 4226 356 4290 133.
380 4223 430 4290 Τὰ
452 4221 633 4311 διαβηματόι
659 4246 719 4311 μου
744 4224 934 4293 κατεύθυνον
1027 4243 1059 4290 ν.
1085 4225 1158 4288 133.
1185 4225 1323 4292 (ἕκαστον
1336 4241 1421 4291 oreos
1438 4224 1728 4308 dichesmudam

189 4329 323 4397 κατὰτὸ
338 4326 444 4413 λόγιόν
466 4347 534 4411 σου,
551 4330 665 4414 καὶμὴ
688 4328 936 4414 κατακυριευσόι-
982 4329 1142 4412 eloquitur
1172 4333 1273 4407 ίυιιυι,
1299 4333 1331 4392 rt
1350 4345 1414 4392 arm
1435 4328 1615 4394 dominetur
1635 4330 1726 4394 τίιεῦ·

189 4454 234 4498 τω
248 4441 337 4497 πᾶσα
351 4430 474 4517 ἀνομία
978 4451 1040 4520 per
1061 4433 1144 4499 mitt
1165 4433 1269 4496 υοιιιόυ
1289 4431 1467 4512 inventitia.

233 4535 278 4602 Τό
298 4535 404 4621 λόγιον
426 4545 482 4600 τοῦ
498 4534 580 4603 Θεοῦ
603 4535 784 4601 κατευθόνει
807 4537 848 4600 τόι
870 4537 936 4604 δια-
1005 4539 1210 4619 ,Eloquium
1233 4537 1294 4601 Dei
1317 4554 1410 4600 meos
1433 4537 1553 4616 dirigit
1580 4553 1729 4616 gressus,

189 4638 318 4725 όηματά
341 4661 410 4726 μου,
426 4639 465 4704 ἐκ
479 4637 593 4717 κακίας
615 4642 670 4705 καί
690 4637 819 4724 ἀγνοίας
841 4642 885 4720 είς
903 4642 938 4707 ἀ-
984 4641 1066 4705 dum
1079 4659 1121 4704 ex
1135 4641 1266 4703 malitia
1281 4643 1315 4704 et
1327 4641 1523 4718 ignorantia
1538 4645 1672 4703 transeo
1688 4640 1730 4702 ad

188 4745 284 4828 ρετ-ην
313 4743 367 4808 καί
388 4752 501 4829 γνῶσιν
532 4741 764 4820 διαδαίνοντος·
787 4744 937 4832 εὐθυντηρ
983 4747 1146 4809 virtutem
1160 4748 1195 4806 et
1209 4744 1395 4807 scientiam.
1418 4744 1572 4807 Direotcr
1589 4743 1679 4806 enim
1696 4745 1730 4806 et

190 4849 253 4933 γὰρ
268 4848 322 4911 καί
335 4845 465 4933 ἡγεμὼν
487 4855 548 4914 τῶν
564 4848 680 4914 τούτων
702 4848 905 4936 διαδημάτων
920 4850 938 4916 δ
983 4850 1053 4913 dux
1070 4848 1192 4911 horum
1207 4863 1388 4926 gressuum
1415 4850 1467 4910 est
1485 4849 1597 4910 rectus
1619 4862 1733 4909 sermo

191 5037 335 5096 UItImem
351 5037 503 5112 periodum
515 5038 761 5100 Montefalconius
773 5041 804 5100 In
817 5059 870 5102 sno
881 5042 939 5100 liu·
1026 5033 1439 5106 v.1aa.Vat·.12‚1aotBB
1457 5041 1488 5094 et
1504 5033 1638 5108 quaedam
1655 5031 1736 5108 apud

190 5123 273 5182 sebio
286 5125 424 5198 repperit.
986 5123 1102 5182 Gorder.
