4036 6090
802 433 845 496 na
869 433 1055 498 astruas
1089 523 1091 532 Ι
1648 435 1710 498 113

172 571 245 647 τούς
267 571 351 635 κατὰ
373 569 478 654 σάρκα
500 567 647 654 πατέρας.
679 568 718 636 Ei
744 569 779 635 δὲ
803 569 916 656 βούλει,
962 572 1087 636 θυινθυε
1103 590 1170 636 non
1186 574 1348 638 habemus
1367 575 1553 638 secundum
1569 592 1705 638 carnem

173 684 274 738 ταῦτα
303 675 331 738 οί
357 674 495 758 Χριστοῦ
522 683 594 739 νοῦν
621 675 749 760 ἔχοντες
778 682 919 758 συνήκοον
963 678 1145 755 magistros
1160 682 1274 758 patres
1290 680 1349 759 qui
1366 696 1428 742 nos
1439 679 1634 743 erudierint.
1651 681 1710 743 Sin

172 787 405 863 πνευματικῶς·
420 779 456 842 οὐ
467 780 528 863 γὰρ
544 776 660 862 ἐκρθόη
678 776 732 841 ἀπ’
743 779 844 841 αὐτόν
858 785 918 842 τῶν
963 782 1133 860 malueris,
1154 783 1216 863 qui
1238 783 1362 846 Christi
1385 784 1548 864 Spiritum
1571 783 1707 862 habent,

174 881 318 967 πατέρων
333 881 403 947 κατ’
418 880 595 968 ἐπιστήμην
610 879 849 967 διηγησαμένων
866 880 920 943 αὐ-
964 885 1034 948 haec
1049 885 1277 965 spiritualiter
1288 887 1539 950 intellexerunt.
1551 888 1712 952 Noamcat

173 995 247 1063 τοῖς.
262 985 327 1050 Καί
342 987 430 1050 αὐτοὶ
444 987 479 1050 δὲ
491 989 576 1050 οὗτοι
591 993 656 1062 τοῖς
667 985 787 1062 τέκνοις
799 984 919 1049 ἑαυτῶν
963 987 1144 1053 abacoauiita
1165 1003 1187 1052 a
1210 990 1364 1071 patribus
1389 1007 1449 1071 per
1474 990 1650 1054 scientiam
1673 1007 1711 1056 aa

173 1089 364 1174 γεννηθεῖσιν
378 1089 430 1154 ὐπ’
441 1090 542 1155 αὐτῶν
565 1089 617 1155 διὰ
631 1088 823 1166 παιδεύσεως
842 1089 918 1173 ἐρα·
964 1107 1033 1173 aaa
1046 1093 1130 1172 ipsis
1145 1095 1254 1157 relata
1268 1098 1359 1158 sunt.
1374 1095 1419 1156 Et
1433 1093 1534 1157 iidem
1550 1094 1615 1174 ipsi
1630 1092 1710 1158 filiis

176 1191 316 1277 νέρωσαν
337 1195 377 1257 τὰ
400 1192 455 1257 ἀπ’
467 1192 569 1278 ἀρχῆς
591 1191 809 1278 προόλήματα,
836 1191 931 1270 ὅπως
965 1197 1047 1276 suis,
1064 1213 1149 1278 quos
1164 1201 1368 1278 genuerunt,
1391 1214 1450 1277 per
1469 1196 1708 1275 magisterium

174 1297 229 1362 καὶ
243 1296 287 1374 είς
302 1298 359 1382 τήν
374 1296 447 1382 ἑξής
463 1299 565 1363 αὐτῶν
586 1299 698 1382 γενεὰν
713 1299 847 1383 γνωστὰ,
864 1299 919 1362 καί
966 1301 1229 1365 manifestarunt
1248 1319 1288 1364 ea
1310 1319 1387 1382 quae
1409 1301 1452 1364 ab
1475 1301 1572 1363 initio
1595 1316 1713 1381 propo·

175 1403 219 1488 μή
235 1400 436 1487 κεκρυμμένα
458 1400 611 1486 τυγχάνῃ.
635 1395 721 1465 Ὅσα
743 1401 808 1484 οὖν,
831 1403 918 1486 φησὶ,
966 1407 1033 1470 sita
1046 1411 1137 1486 sunt,
1150 1411 1189 1469 ut
1203 1406 1326 1469 futura
1341 1404 1553 1486 postmodum
1570 1405 1708 1486 posteri-

176 1506 264 1590 παρὰ
284 1514 346 1570 τῶν
368 1503 512 1589 πατέρων
534 1493 741 1590 δεδιδάγμεθοι1
767 1504 922 1569 ἀκοάσαν·
966 1511 1028 1574 tati
1045 1509 1267 1590 innotescant,
1283 1527 1394 1591 neque
1410 1509 1542 1572 occulta
1557 1509 1712 1572 evadant.

175 1631 237 1693 τες,
256 1609 360 1675 πάντα
374 1619 474 1674 ταῦτα
486 1611 537 1675 διὰ
547 1619 608 1675 των
620 1611 720 1695 ἔργων
731 1611 786 1674 καί
797 1618 856 1695 τῆς
870 1611 924 1674 αὐ
972 1617 1106 1690 Quanta
1121 1615 1240 1694 igitur,
1256 1615 1314 1694 ait,
1330 1631 1350 1676 a
1364 1613 1517 1694 patribus
1531 1614 1655 1677 nostris
1672 1631 1714 1677 ex

176 1725 230 1782 τοῦ
241 1715 380 1799 Χριστοῦ
391 1713 564 1798 παρουσίας
575 1713 769 1800 ἐγνώκαμεν,
783 1715 843 1800 οὐχ
858 1713 923 1780 ἑτέ-
967 1719 1088 1782 auditu
1101 1719 1292 1800 didicimus,
1304 1718 1420 1782 eadem
1432 1720 1545 1782 omnia
1557 1735 1616 1800 per
1623 1719 1715 1783 Chri-

176 1841 218 1905 ρηι
231 1820 266 1884 δέ
287 1827 391 1904 γενεᾷ,
408 1817 492 1882 ἀλλὰ
513 1828 577 1897 τοῖς
599 1817 719 1895 τέκνοις
742 1820 844 1885 αὐτῶν
867 1818 922 1884 πέ-
966 1823 1010 1886 sti
1022 1839 1122 1903 opera
1134 1821 1275 1903 ejusque
1285 1822 1469 1885 adventum
1480 1824 1713 1902 cognovimus,

176 1943 313 2007 accarca
333 1923 373 1987 τὰ
388 1923 475 2006 παρὰ
497 1932 552 1986 τοῦ
574 1921 722 2007 Σωτηρος
749 1922 922 2007 μεγαλούρ-
967 1943 1077 2006 neque
1101 1926 1137 1989 in
1159 1928 1266 1989 altera
1288 1927 1518 2006 generatione,
1541 1926 1599 1990 sed
1622 1928 1711 1992 inter

175 2026 314 2113 γήματα.
337 2024 390 2090 Διό
412 2027 471 2089 οὐκ
492 2025 671 2090 ἐπαύσαντο
693 2026 800 2103 αὐτοῖς
822 2026 919 2112 ἐπαγ·
969 2031 1058 2110 ipsos
1074 2029 1162 2094 filios
1174 2035 1310 2110 peracta
1321 2035 1402 2094 sunt
1413 2031 1557 2109 grandia
1568 2033 1716 2095 Salvato

176 2129 341 2216 γέλλοντες
356 2131 412 2206 τὰς
427 2127 560 2206 αίνέσεις
574 2138 629 2194 τοῦ
650 2127 779 2214 Κυρίου,
795 2131 849 2193 καί
864 2131 921 2208 τὰς
968 2135 1016 2198 ris
1033 2151 1143 2215 opera.
1161 2133 1256 2197 Unde
1271 2151 1339 2196 non
1354 2133 1557 2198 destiterunt
1567 2135 1610 2198 ab
1621 2153 1716 2199 enar-

177 2231 358 2310 δυναστείας
389 2234 495 2314 αὐτοῦ,
523 2231 664 2298 τουτέστι
690 2235 730 2297 τὰ
755 2232 921 2318 θαυμαστὰ
969 2236 1085 2300 randis
1117 2237 1274 2300 laudibus
1302 2238 1436 2300 Domini
1466 2245 1500 2302 et
1532 2239 1716 2303 virtutibus

177 2339 232 2402 καί
248 2339 365 2418 αίνετὰ,
388 2337 443 2400 καί
464 2334 557 2414 θείας
579 2336 739 2423 δυνάμεως
761 2337 922 2422 δηλωτικὰ
967 2341 1050 2422 ejus,
1063 2359 1139 2423 quae
1155 2357 1258 2421 opera
1271 2340 1438 2422 stupenda
1449 2347 1530 2405 sunt
1545 2345 1579 2404 et
1592 2343 1715 2422 plausu

176 2443 256 2527 ἔργα
270 2442 376 2506 αὐτοῦ.
967 2445 1082 2524 digna,
1097 2445 1288 2526 divinaequc
1303 2445 1405 2523 signa
1419 2447 1588 2526 potentiae.

212 2543 313 2609 ’Κατὰ
332 2545 367 2609 δέ
393 2548 430 2610 τό
450 2543 637 2630 πρόχειρον·
660 2543 812 2628 Ἀνωθεν,
832 2547 921 2631 φησί,
1010 2551 1179 2624 Quantum
1193 2548 1288 2613 adca
1302 2565 1378 2629 quae
1390 2550 1426 2612 in
1440 2553 1599 2630 promptu
1611 2553 1711 2611 sunt:

175 2650 231 2712 καί
255 2646 289 2726 ἐξ
310 2648 415 2734 ἀρχῆς
438 2649 467 2713 οἱ
489 2658 550 2713 τῶν
571 2647 745 2735 θαυμάτων
767 2648 923 2714 αὐτόπται
967 2656 1058 2734 olim,
1075 2655 1197 2735 inquit,
1213 2658 1247 2717 et
1261 2654 1304 2717 ab
1319 2654 1554 2717 initiooculati
1569 2653 1714 2716 miracu-

175 2754 247 2830 τοὺς
261 2751 425 2837 προσέχως
441 2751 573 2830 οἰκείους
595 2752 720 2836 παίδας,
743 2763 845 2819 ταῦτα
861 2752 922 2818 ἐδί-
966 2757 1077 2820 lorum
1091 2761 1194 2821 testes
1210 2758 1361 2839 proprios
1376 2756 1533 2836 deinceps
1549 2754 1636 2819 filios
1651 2755 1711 2818 illa

177 2854 285 2938 δαξαν,
301 2855 442 2920 κάκεῖνοι
456 2865 521 2932 τοῖς
541 2855 683 2940 ἐκγόνοις
701 2855 923 2943 παρέπεμψαν,
968 2860 1184 2940 edocuerunt,
1196 2865 1231 2924 et
1245 2861 1303 2932 isti
1314 2860 1357 2924 ad
1368 2864 1465 2923 natos
1476 2876 1555 2923 suos
1570 2859 1716 2923 tradide-

175 2962 212 3025 οὐ
224 2959 554 3046 κρόήαντεςθὲμαθον
565 2965 708 3049 πρδςτην
718 2961 829 3048 ἑτέραν
843 2965 923 3048 μετὰ
967 2969 1058 3044 runt,
1072 2981 1139 3028 non
1151 2965 1298 3030 celantes
1307 2981 1429 3044 eaquae
1440 2965 1623 3042 sciverunt,
1635 2981 1713 3026 cum

175 3065 289 3141 αὐτοὺς
303 3065 417 3150 γενεὰν
439 3067 493 3128 καί
509 3064 591 3149 ἑξής.
617 3065 719 3131 Τοῦτο
734 3065 769 3131 δέ
784 3066 919 3150 ἐποίουν,
967 3071 1074 3132 altera
1088 3072 1165 3150 post
1175 3070 1264 3150 ipsos
1279 3068 1559 3133 communicanda
1570 3084 1712 3146 genera·

176 3176 220 3254 τῷ
235 3166 315 3252 θείῳ
330 3166 414 3254 νόμῳ
426 3167 611 3254 πειθόμενοι,
628 3177 672 3256 τῷ
680 3169 818 3255 λέγοντι·
833 3170 923 3236 Διδὰ-
966 3175 1070 3252 tione,
1086 3177 1120 3236 et
1133 3173 1183 3236 sic
1197 3189 1305 3254 porra.
1322 3172 1360 3235 Id
1375 3188 1455 3234 vero
1470 3171 1648 3252 faciebant,
1664 3172 1713 3236 di-

175 3271 236 3352 ξεις
251 3274 334 3337 αὐτὰ
347 3276 419 3350 τούς
435 3273 519 3351 υἱούς
535 3296 592 3340 σου
614 3277 669 3340 καί
683 3278 756 3353 τοὺς
772 3285 833 3341 τῶν
849 3276 922 3342 aaa
970 3277 1059 3340 vinae
1081 3277 1351 3358 obtemperantes
1374 3276 1456 3355 legi,
1480 3293 1556 3356 quae
1578 3277 1715 3344 statuit:

175 3397 243 3440 σου.
252 3375 305 3441 Διό
320 3376 442 3461 ἐπάγει·
451 3374 519 3442 Οὐκ
533 3377 650 3462 ἐκρύδη
664 3379 728 3444 ἀπό
736 3388 798 3444 τῶν
805 3379 923 3446 τέκνων
973 3380 1144 3444 «Docebis
1161 3397 1201 3444 ea
1215 3379 1304 3443 filios
1318 3385 1405 3458 tuos,
1421 3385 1456 3443 et
1466 3379 1554 3444 filios
1569 3380 1718 3444 filiorum

175 3481 277 3547 αὐτῶν
288 3482 333 3559 είς
347 3483 459 3567 γενεὰν
472 3480 593 3566 ἑτέραν,
605 3482 854 3568 ἐπαγγέλλοντες
867 3487 923 3562 τὰς
966 3488 1103 3548 tuorum
1117 3504 1146 3546 a.
1174 3484 1268 3548 Unde
1303 3483 1435 3563 adjicit:
1466 3485 1540 3548 Noa
1560 3483 1718 3548 occaltata

175 3584 307 3663 αίνέσεις
321 3584 449 3669 Κυρίου,
465 3588 519 3649 καί
541 3588 598 3664 τὰς
613 3585 795 3666 δυναστείας
815 3591 922 3672 αὐτοῦ,
965 3588 1140 3672 aaatfilia'a
1150 3605 1258 3652 eoram
1268 3588 1305 3652 ia
1316 3589 1521 3670 parastaticae
1532 3587 1648 3666 catera,
1666 3604 1716 3650 aa·

175 3693 230 3755 καί
245 3691 285 3755 τὰ
306 3688 472 3775 θαυμάσια
495 3691 590 3756 αὐτοῦ
611 3691 788 3776 ὰὲποίησε,
810 3695 866 3757 καί
888 3694 923 3758 ἀ-
965 3693 1153 3757 acatiaates
1165 3691 1278 3756 lacae
1288 3691 1420 3756 Damiaa'
1430 3695 1461 3754 at
1469 3691 1633 3771 potamiae
1642 3690 1715 3770 ejas

174 3793 309 3878 νέστησε
325 3794 491 3879 μαρτύριον
513 3794 547 3859 ἐν
561 3793 688 3878 ’laxae
704 3799 759 3860 καί
781 3795 876 3882 νόμον
892 3800 922 3862 ἐ-
966 3800 998 3860 et
1011 3794 1179 3858 mirabilia
1200 3796 1271 3876 ejas
1284 3811 1353 3877 qaa
1365 3793 1463 3876 facit.
1483 3797 1529 3860 Et
1548 3795 1716 3860 castitate

175 3896 247 3963 θετο
263 3896 296 3960 ἐν
309 3895 450 3982 Ἰσραήλ,
467 3899 502 3962 θν
527 3897 705 3964 ἐνετείλατο
724 3909 788 3977 τοῖς
804 3901 923 3985 πατρά-
965 3900 1183 3965 testimoniam
1196 3900 1233 3962 ia
1247 3899 1352 3978 Jacob,
1378 3903 1410 3964 et
1430 3900 1531 3981 apem
1545 3899 1659 3980 poscit
1676 3900 1713 3962 ia

175 4019 224 4064 σιν
237 3999 337 4085 ήμῶν,
352 3998 501 4085 γνωρίσαι
516 4003 611 4068 αὐτόν
634 4011 698 4080 τοῖς
714 4003 789 4081 υἱοῖς
805 4005 919 4088 αὐτῶν,
965 4003 1083 4082 Israel,
1108 4019 1206 4084 patara
1221 4002 1375 4083 patribas
1396 4004 1519 4068 castris
1547 4004 1710 4084 pracepit,

176 4105 260 4182 ὅπως
276 4105 314 4168 όν
328 4110 393 4189 γνῷ
409 4105 505 4189 γενεὰ
520 4104 623 4190 ἑτέρα,
639 4107 698 4170 υίοὶ
714 4107 743 4170 οί
765 4107 919 4193 τεχθησό-
965 4113 1004 4173 at
1015 4105 1457 4190 actamfaccraatcamfiliia
1468 4109 1550 4188 sais,
1563 4107 1646 4172 aaa
1659 4125 1712 4172 aa

177 4227 274 4293 μενοι,
290 4210 344 4273 καί
363 4206 604 4292 ἀναστήσονται,
623 4212 677 4276 καί
696 4209 923 4296 ἑπαγγελούσιν
965 4213 1050 4278 accit
1069 4211 1235 4295 caeratio
1256 4211 1372 4290 altera,
1394 4211 1471 4294 filii
1498 4229 1577 4293 qaas
1602 4227 1717 4293 panac-

177 4313 259 4377 αὐτὰ
272 4320 338 4390 τοῖς
353 4311 428 4390 υἱοῖς
444 4313 555 4378 αὐτῶν.
966 4318 1046 4396 aaa,
1064 4320 1097 4381 ct
1110 4320 1291 4398 eacaapeat,
1317 4321 1348 4381 οῖ
1361 4313 1601 4380 aaaaatiaaaat
1621 4331 1659 4378 ea
1669 4315 1718 4396 fi-

968 4422 1027 4487 aas
1041 4421 1123 4488 saia.

223 4518 459 4605 Διεμαρτθρετο,
472 4525 560 4607 φησὶ,
573 4525 627 4587 καί
638 4523 732 4610 νόμον
743 4521 863 4589 διέθετο
880 4532 924 4609 τῷ
1011 4526 1166 4587 Testatus
1183 4527 1244 4602 est,
1268 4523 1391 4604 inquit,
1414 4526 1449 4586 et
1470 4522 1582 4600 legem
1606 4522 1715 4602 dispo-

178 4623 319 4709 προτέρῳ
342 4624 409 4711 λαῷ
424 4625 640 4713 ἐντειλάμενον
656 4629 761 4706 αὐτοῖς
777 4625 926 4713 γνωρίσαι
967 4628 1046 4707 suit,
1059 4629 1163 4708 priori
1174 4627 1298 4708 populo
1309 4626 1506 4707 praecipiens
1519 4631 1558 4688 ut
1570 4643 1643 4689 carn
1657 4645 1714 4690 no-

178 4729 274 4793 αὐτόν
289 4735 354 4805 τοῖς
369 4726 545 4816 ἀπογόνοις,
561 4731 602 4803 ὡς
617 4732 656 4795 ἂν
676 4731 831 4818 μηδεμίαν
843 4731 924 4814 λάθη
967 4736 1037 4795 tam
1049 4732 1191 4813 posteris
1203 4731 1313 4810 iaciat,
1326 4731 1524 4811 nullamque
1540 4731 1644 4793 lateat
1655 4747 1714 4810 ge-

178 4833 300 4919 γενεὰν.
318 4833 367 4898 Τὰ
388 4833 423 4898 δὲ
439 4833 647 4920 συμπέρασμα
670 4845 725 4900 τοῦ
747 4835 853 4923 νόμου,
870 4837 925 4900 καί
968 4837 1189 4899 ncrationem.
1205 4835 1306 4912 Legis
1318 4839 1431 4898 autem
1446 4834 1665 4896 ultimaratio
1681 4839 1716 4898 et

178 4937 196 5002 ό
212 4939 329 5014 σκοπός
350 4939 441 5015 οὗτος
455 4939 505 5022 ήν,
521 4939 573 5002 ίνα
596 4937 746 5024 μαθόντες
769 4942 810 5004 τὰ
831 4961 922 5024 γεγα
968 4955 1088 5022 scopus
1103 4943 1186 5018 erat,
1202 4942 1242 5000 ut
1255 4939 1364 5001 edocti
1379 4938 1559 5018 praeterita,
1575 4935 1710 5000 firmam

179 5042 264 5124 νότα,
282 5041 410 5129 βεθαίαν
435 5041 605 5128 κτήσαιντο
628 5044 687 5128 τήν
708 5046 751 5121 εἰς
767 5044 862 5108 αὐτόν
878 5044 927 5109 ἐλ-
970 5045 1005 5108 in
1029 5045 1139 5123 ipsum
1163 5059 1255 5123 spem
1276 5043 1499 5124 acquirerent,
1518 5045 1553 5105 et
1575 5043 1711 5107 statutis

181 5146 267 5228 πίδα,
282 5149 336 5212 καὶ
350 5157 414 5224 τοῖς
430 5146 481 5211 ὐπ’
492 5148 589 5213 αὐτοῦ
604 5145 717 5214 τεθεῖσι
731 5147 836 5234 νόμοις
852 5147 926 5213 ἀκο-
969 5149 1012 5213 ab
1034 5163 1073 5210 eo
1096 5147 1233 5225 legibus
1255 5147 1481 5214 obedientiam
1502 5151 1712 5229 praestarent,

260 5269 410 5313 sauneri
429 5269 471 5331 ru,
493 5253 520 5311 8.
