3966 6104
304 389 370 454 622
848 389 1032 454 SANCTUS
1048 389 1293 454 METHODIUS

299 529 381 612 αὐτῇ
396 525 588 593 έθέλοιὲντὸ
601 525 653 613 ἀγ.
666 527 729 612 λῆ
746 529 881 593 ἕκαστον
895 525 1046 593 τούτων...
1135 526 1243 612 [m]
1270 526 1444 593 Συνεῖναι...
1471 527 1603 592 ταυτασί
1629 527 1685 604 τὸις
1715 524 1844 610 ποιότη-

301 617 336 702 ῆ,
356 616 461 701 φησίν,
478 615 602 700 ἀνάγκη
625 616 735 682 εἰναι...
758 617 913 696 πλεῖστον,
934 618 968 682 ὸν
986 618 1049 700 γάρ
1093 636 1181 693 τας...
1197 615 1290 681 τοῦτό
1306 636 1395 702 φημι.

300 704 352 769 οπν
367 713 428 770 πον
451 706 622 789 νοννίποννν·
637 715 822 790 προλίονροῖν·
847 705 897 769 οπν
912 706 952 769 πον
974 702 1047 791 ονο·
1135 717 1295 798 Μεθὸδιος.
1319 717 1457 803 Πότερον
1472 719 1516 797 εἰς
1531 719 1566 784 τό
1589 727 1740 802 κρεῖττον,
1757 720 1779 804 ἢ
1796 719 1843 794 εἰς

300 814 381 877 νητα
397 791 513 877 δεήσει,
529 796 585 859 καί
606 795 754 880 γάρπερὶ
777 793 893 858 τούτων
916 794 1047 877 ἐροῦμεν
1092 810 1127 871 τὸ
1142 815 1270 892 χεςρρηρ

299 882 371 946 ἂνω
386 880 575 1034 λορὲζρνῑρς
597 881 798 948 ὓπόῦταῦννω
814 879 963 967 λέγερθπῑ
978 881 1047 946 προ·
1095 895 1335 1048 δοἈγλαοφῶν.
1359 893 1415 973 Εἰς
1439 897 1475 962 τὸ
1498 905 1640 981 κρεῖττον
1664 895 1767 982 λέγειν
1790 917 1845 982 μοι

300 990 363 1035 των
378 990 451 1035 τουτ
470 993 549 1034 στι...
1132 993 1191 1049 χρη,

344 1061 467 1124 Ραόαοί.
482 1062 556 1124 252.
569 1058 636 1144 Τὴν
647 1058 726 1144 ὕλην
738 1060 907 1144 είπωμεν...
920 1057 1048 1143 ἐφ’ἐαυ-
1138 1072 1278 1158 [Meam
1295 1070 1451 1156 GMw„
1467 1071 1614 1160 ἀνάγκη·
1630 1074 1667 1138 ρη
1682 1074 1744 1160 γὰρ
1760 1074 1844 1157 ςμει.

301 1157 358 1212 ποο
372 1147 406 1212 ον
421 1149 445 1233 νίν
461 1149 554 1229 οοπνι
571 1147 650 1212 ἄλλο
666 1170 700 1212 τε
722 1148 826 1226 ἄλλως
843 1149 1045 1233 ρνρορῑνονν·
1093 1183 1150 1228 ναν
1165 1161 1198 1226 αἱ
1213 1163 1377 1246 ποιότητες
1400 1162 1506 1227 ὸποῐοιι
1520 1171 1612 1227 τοῦτο
1627 1164 1711 1246 ἠσαν
1730 1171 1770 1248 τη
1786 1161 1845 1246 ιρίι-

301 1237 344 1320 θν
357 1257 434 1301 ποτε
450 1237 483 1301 ἐν
498 1235 633 1348 ἀποπρό·
649 1237 666 1301 ο
688 1236 800 1314 θεὸςη·
817 1239 981 1322 ἒροοίνῑνν·
997 1233 1048 1300 λέ·
1093 1272 1150 1316 σει.
1167 1245 1213 1316 Ἠ
1228 1253 1255 1316 εἰ
1271 1251 1327 1336 μὲν
1342 1251 1492 1336 πρότερον
1508 1251 1536 1316 οί
1551 1253 1717 1335 ποιότητες
1732 1249 1791 1314 οὐκ
1805 1250 1845 1333 ἠ-

298 1345 376 1410 w,
393 1327 449 1389 οπο
463 1324 637 1410 οἰνέων
654 1326 789 1412 οπορὸίον
803 1323 914 1411 Υονθν·
931 1328 1048 1410 νονίο·
1093 1361 1153 1405 σαν
1176 1341 1283 1422 κακαί,
1308 1339 1346 1404 ἐκ
1368 1339 1403 1404 δὲ
1425 1349 1481 1406 τοῦ
1503 1349 1661 1425 τραπηναι
1683 1340 1760 1424 πρὸς
1782 1348 1841 1402 τοῦ

301 1422 405 1497 νππονν
420 1413 572 1478 οπονοοῖν·
1094 1427 1176 1496 Θεοῦ
1199 1431 1256 1507 τὸις
1278 1427 1402 1512 πρώτας
1425 1427 1573 1506 τοιαύτας
1588 1430 1658 1512 περί
1680 1431 1739 1514 τὴν
1761 1426 1844 1510 ὐλην

342 1520 466 1584 Ροίνοί.
490 1519 565 1583 253.
586 1516 764 1604 Ἀρχεσθοιι
786 1517 904 1582 δοκεῖ...
924 1555 961 1564 -
990 1515 1050 1582 Ἐκ
1092 1516 1255 1603 γεγονέναι
1270 1516 1440 1600 ποιότητας
1462 1513 1613 1602 κακάςὴ
1636 1518 1691 1593 τὸις
1711 1517 1766 1600 μέν
1782 1537 1842 1579 κα-

298 1613 360 1671 τῶν
375 1604 531 1671 Φωτίου...
547 1607 597 1691 οἰη
620 1605 653 1685 ἐξ
668 1608 765 1672 όντων
785 1607 899 1685 αὐτοὺς
914 1615 1045 1672 ταῦτα...
1093 1607 1153 1683 κὸις
1168 1605 1337 1691 ποιότητας
1352 1605 1396 1682 εἰς
1411 1608 1447 1670 τὸ
1469 1614 1611 1690 κρεῖττον
1627 1606 1663 1669 οὐ
1679 1605 1769 1668 δοκεῖ
1789 1624 1841 1668 σοι

298 1697 358 1780 την
372 1694 471 1778 πόλιν,
488 1698 509 1781 ἡ
525 1696 566 1759 αθ
583 1695 677 1760 πάλιν
699 1699 771 1772 τοὺς
785 1699 912 1773 ναοὺς...
936 1693 1045 1782 τέχνη;
1093 1693 1207 1779 τρέψαι
1221 1698 1276 1760 τὸν
1292 1692 1389 1777 Θεόνς
1412 1696 1469 1771 τὸις
1485 1695 1519 1758 δὲ
1534 1694 1647 1771 λοιπὸις
1662 1694 1716 1757 καί
1732 1693 1840 1778 μόνας,

297 1781 320 1868 ἡ
344 1784 379 1848 δε
401 1783 499 1869 τέχνη
523 1785 583 1848 οὐκ
604 1785 638 1867 ἒξ
657 1785 748 1849 ὑποκ.
768 1787 851 1862 τινὸς
870 1785 905 1849 ἐν
919 1792 987 1861 ταῖς
999 1785 1049 1848 οὐ·
1093 1782 1588 1868 ὸσαιάὸιάροροιέτύγχανοντης
1601 1781 1843 1869 διακοσμήσεως

296 1869 379 1949 σίαις
394 1872 492 1960 τέχνη
512 1872 663 1958 γίνεται...
679 1873 727 1938 ότι
750 1872 895 1960 τεχνίτης
915 1875 998 1938 ἔστιν
1013 1875 1047 1938 έν
1093 1874 1170 1956 πρὸς
1185 1882 1240 1937 τοῦ
1255 1870 1528 1958 Θεοῦ-τετράφθαι
1542 1871 1654 1958 λέγεις.

298 1969 339 2045 πρ
354 1957 446 2046 οοοορ
459 1961 575 2047 πολνην
591 1971 697 2027 ποιῶν.
1136 1979 1259 2044 Ραίτυί.
1272 1979 1345 2041 260.
1354 1974 1553 2061 Ἀγλαοφῶν.
1563 1976 1671 2053 Οὕτως
1684 1975 1715 2040 ά.
1727 1995 1752 2039 ε.
1766 1975 1840 2061 ἔγω.
1961 2024 1962 2057 η

344 2053 469 2116 Ροονον·
493 2053 567 2116 25⁶·
591 2049 675 2136 Πρὸς
697 2051 732 2115 δὲ
757 2048 878 2129 τροπονς
900 2048 1048 2136 λὲἵοοοον
1138 2064 1278 2150 [Μεθόὸ.]
1306 2065 1390 2149 Πρὸς
1414 2063 1516 2130 τοίνυν
1542 2067 1599 2141 τὸς
1624 2073 1686 2130 τῶν
1713 2063 1844 2150 φαύλων
1961 2059 1962 2066 '

299 2147 394 2202 τοῦτο
409 2139 445 2202 εὖ
464 2140 548 2224 ἔχειν
572 2159 623 2225 μοι
649 2140 739 2203 δοκεῖ
758 2140 806 2203 ὸτι
827 2139 901 2203 οὐδὲ
923 2139 966 2224 τῷ
983 2140 1047 2202 ἀνω
1092 2154 1271 2237 ποιότητας,
1287 2153 1329 2231 ὡς
1344 2154 1440 2236 εἶπον,
1456 2152 1710 2238 mmmm
1725 2151 1838 2238 λέγεις,
1962 2194 1963 2208 .

301 2227 341 2290 ἕν
355 2225 901 2313 τῑνρςοποππρνννίέπροονννοπονω
917 2237 978 2292 πῶν
993 2247 1048 2291 πο·
1092 2241 1256 2326 πότερον...
1281 2244 1325 2320 εἰς
1355 2244 1390 2306 τὸ
1412 2252 1572 2327 κρεῖττον·
1602 2240 1705 2306 αἰτίαν
1734 2241 1843 2326 ὸρλισ-

301 2335 337 2380 πο
352 2317 387 2379 νο
410 2317 489 2380 οἶνον
509 2314 765 2402 λοῖλονονπονν···
786 2326 843 2401 πῆς
867 2317 1048 2402 οιρλίππνπο·
1092 2331 1199 2396 κάνειν
1214 2329 1300 2410 ἄξιος
1315 2331 1394 2398 εἰναι
1409 2352 1461 2416 μοι
1476 2332 1571 2412 δοκεῖ,
1584 2331 1767 2395 καταλιπὼν
1786 2329 1839 2414 μέ-

299 2405 516 2488 νννθὶἕππνν·
529 2403 1047 2491 mmmm-⁰51&3x0vv·
1093 2439 1146 2504 ρος
1161 2420 1239 2505 ὐλης
1258 2421 1337 2486 είναι
1355 2418 1510 2504 πονηρόν·
1533 2420 1568 2486 ἐν
1582 2419 1700 2504 ὸλέθριμ
1717 2421 1754 2483 οὸ
1769 2418 1844 2502 έὸη-

344 2509 469 2574 Ροίαοί.
482 2511 556 2574 257.
570 2506 630 2574 Ἐκ
644 2517 700 2573 τοῦ
713 2508 819 2574 αὐτοῦ.
830 2509 892 2575 Τὸν
904 2511 960 2595 μέν
971 2512 1049 2594 πρὸς
1094 2509 1264 2595 μιοόργησε
1287 2507 1430 2595 μέρους...
1452 2509 1494 2574 τά
1508 2519 1561 2576 νῦν
1583 2517 1644 2574 τῶν
1664 2517 1791 2572 κακῶν·
1814 2508 1843 2570 εἰ

300 2598 418 2682 ἕτερον,
442 2598 467 2661 ίυ
495 2595 576 2681 φίλε,
599 2597 694 2683 λόγον
715 2597 757 2664 ίκ.
783 2619 834 2685 μοι
856 2619 888 2662 π.
912 2599 1047 2677 δοκεῖς...
1093 2597 1154 2683 γάρ
1170 2618 1215 2675 τις
1230 2597 1370 2678 ἐξετάζει
1392 2596 1579 2683 ἐπ’ἀκριθές
1594 2599 1635 2662 τά
1657 2597 1842 2682 πράγματα,

299 2689 435 2773 ποιητὴς
449 2685 467 2750 ὸ
482 2684 562 2763 Θεὸς
573 2687 680 2751 οίιτοσί
696 2708 752 2773 μεν
765 2688 847 2752 οὖνὸ
862 2686 955 2775 λόγος
971 2691 1048 2772 πρὸς
1093 2685 1308 2772 χαλεπότερον
1331 2685 1458 2771 εὸρήσει
1472 2689 1530 2773 την
1553 2686 1632 2770 ὕλην
1652 2683 1845 2750 πεπονθυῖαν

298 2775 420 2840 ἐκεῖνον
436 2775 580 2860 εἰρῆσθαι
594 2775 711 2854 καλῶς.
727 2775 818 2861 Ἐμοί
829 2777 895 2840 δὲ...
909 2778 988 2841 εἰναι
998 2774 1048 2841 λέ-
1092 2785 1149 2856 τῆς
1171 2773 1325 2860 προτέρας
1352 2773 1525 2861 ἀκοσμίας·
1552 2777 1625 2859 πρίν
1653 2775 1715 2859 γάρ
1742 2771 1844 2858 αὐτὴν

298 2883 356 2948 γω.
372 2860 442 2928 Ἵνα
465 2873 525 2931 τῶν
547 2873 656 2930 κακῶν
676 2863 693 2928 ὸ
710 2867 766 2950 μέν
789 2863 868 2942 Θεὸς
891 2864 1047 2942 ἀναίτιος·
1093 2861 1322 2948 διακριθῆναι...
1338 2863 1417 2949 Πρίν
1431 2865 1492 2948 γὸιρ
1516 2861 1672 2948 εἰκονιοθῇ
1691 2865 1745 2927 καί
1761 2863 1844 2942 ζῶον

298 2953 338 3015 οὐ
363 2950 467 3028 δοκεῖς
489 2973 541 3037 μοι
563 2954 661 3029 οὕτως
684 2951 845 3037 εἰρηκέναι
861 3000 1047 3018 ........
1092 2951 1225 3039 γένηται
1239 2961 1278 3037 τῇ
1293 2961 1349 3018 τοῦ
1369 2951 1558 3038 δημιόυργοῦ
1580 2951 1687 3037 τέχνη,
1705 2952 1841 3038 μηδενὸς

300 3039 390 3104 εἰναι.
406 3039 446 3105 Εἰ
459 3042 521 3125 γάρ
544 3049 636 3104 τοῦτο
652 3042 749 3118 ὸντως
771 3044 848 3127 ἔχει,
864 3040 945 3118 τίνος
960 3043 1049 3106 ἔσται
1093 3039 1379 3126 ἀντιλαμὸάνεσθαι
1401 3051 1463 3106 τῶν
1477 3050 1587 3106 κακῶν
1609 3043 1697 3126 παρὸι
1711 3049 1769 3125 της
1785 3041 1845 3126 ρό-

301 3126 431 3211 ποιότης
452 3127 471 3192 ὸ
493 3127 590 3213 Θεοςς
613 3128 676 3193 εἰτε
698 3132 793 3214 γὰρ...
818 3129 876 3194 εἰτ’
898 3132 938 3193 οιὸ
953 3129 1047 3197 πάλιν
1093 3149 1173 3207 σεως
1195 3132 1296 3216 είχεν·
1319 3130 1422 3215 άρόίι
1445 3130 1480 3195 δέ
1503 3132 1580 3215 πρὸς
1602 3139 1657 3193 τοῦ
1681 3128 1764 3196 Θεοῦ
1787 3132 1842 3194 άν-

301 3214 470 3300 ποιότητας
493 3217 536 3294 εἰς
558 3216 706 3295 ταύτας...
738 3217 841 3303 λέγειν
866 3221 920 3283 τὸν
949 3217 1048 3286 Θεόν·
1094 3215 1215 3302 θρωπος
1226 3219 1365 3304 γένηται,
1382 3221 1436 3284 καί
1447 3222 1506 3305 τὴν
1521 3219 1665 3302 αἰσθησιν
1677 3228 1732 3282 τοῦ
1745 3238 1842 3302 προσ-

303 3307 361 3372 ένα
376 3308 419 3392 μὴ
435 3305 561 3392 ἐμαυτῷ
578 3327 649 3371 τινα
664 3308 830 3386 σκευάζειν
849 3306 928 3386 δόξω
942 3306 1046 3393 λόγον,
1093 3306 1286 3385 πελάζοντος
1301 3317 1403 3373 κακοῦ
1419 3305 1684 3393 προσλαμθάνει...
1702 3306 1741 3372 Εἰ
1755 3307 1791 3372 δέ
1803 3309 1844 3374 έκ

301 3394 466 3478 ὑπόκριναι
482 3415 534 3480 μοι
555 3395 772 3482 ἐρωτώμενος·
795 3394 851 3459 τίνι
867 3397 971 3480 τρόπῳ
994 3396 1049 3480 δη·
1094 3405 1149 3460 τοῦ
1166 3397 1209 3481 μὴ
1225 3395 1375 3462 δύνασθαι
1389 3401 1443 3463 τὸν
1460 3396 1541 3464 Θεὸν
1553 3395 1679 3482 ἀνέχειν
1689 3397 1730 3460 τὸι
1740 3399 1841 3479 κακὰ,

303 3485 481 3570 μιουργὸν...
510 3483 594 3568 ἦσάν
619 3504 718 3548 ποτε·
741 3483 812 3548 ἀλλ’
838 3484 949 3569 ἑτέρας
974 3485 1049 3570 παρ’
1093 3485 1128 3548 τὸ
1145 3486 1188 3570 μὴ
1205 3485 1384 3550 παύσασθαι
1395 3485 1506 3573 λέγεις·
1520 3485 1674 3551 ἀδύνατον
1688 3486 1768 3548 εἰναι
1780 3485 1843 3571 φή-

302 3572 401 3650 αὐτὸς
422 3570 578 3658 γενέσθαι,
593 3574 615 3658 ἡ
631 3573 679 3637 ὸτι
692 3574 750 3650 τὸις
773 3575 829 3658 μὲν
846 3573 953 3650 οὐσίας
975 3574 1048 3658 έρύ-
1094 3593 1158 3649 σεις
1173 3574 1226 3639 τὸν
1242 3572 1323 3640 Θεὸν
1338 3572 1505 3661 ὑπάρχειν·
1520 3575 1556 3640 τό
1570 3575 1636 3639 δὲ...
1649 3571 1841 3658 κρείττονος·

302 3659 397 3740 λαξεν
418 3659 551 3744 έκείνας,
567 3663 650 3746 ηπερ
673 3661 756 3745 ησαν
772 3663 833 3746 πρὸ
854 3662 974 3745 τούτου,
990 3665 1048 3740 τὸις
1094 3661 1121 3726 εἰ
1137 3663 1193 3746 μέν
1209 3663 1264 3726 οὖν
1278 3663 1330 3727 τὸν
1344 3660 1425 3729 Θεὸν
1441 3664 1532 3748 φύσει
1543 3661 1658 3748 ἀσθενῆ
1670 3663 1755 3746 ὸντοι,
1769 3664 1841 3728 τολ-

301 3749 337 3814 δέ
352 3749 521 3835 ποιότητας
537 3749 666 3834 ἔτρεψεν
681 3749 794 3814 αὐτῶν.
1095 3747 1204 3836 μήσεις
1220 3751 1316 3816 εἰπεῖν
1331 3753 1402 3836 περί
1416 3761 1472 3837 της
1488 3749 1642 3837 σωτηρίας
1659 3753 1757 3837 αὐτης
1776 3775 1843 3818 κιν-

346 3853 547 3941 Ἀγλαοιρῶκ
570 3852 617 3920 Οὐ
632 3876 691 3920 τι...
708 3875 777 3919 τινα
793 3855 905 3920 οὐσιῶν
922 3853 1047 3942 γεγονέ-
1094 3838 1230 3904 δννῑοῑνν
1253 3839 1364 3916 δοκοῖς·
1393 3839 1433 3906 E?
1455 3842 1490 3906 δὲ
1516 3849 1560 3926 πθ
1584 3841 1731 3907 νννοοοον
1753 3840 1843 3927 ροονρ

302 3967 363 4010 ναι.
378 3943 522 4011 Ἀτοπον
544 3953 638 4008 τοῦτο
653 3941 757 4030 λέγειν
780 3944 860 4008 εἰναι
875 3966 927 4030 μοι
942 3942 1049 4031 ραίνε-
1094 3929 1170 4012 προς
1185 3937 1240 3993 προ
1257 3927 1407 4014 ρῑέζρνοέι
1424 3928 1553 4015 ἰνῑῖζονπ
1568 3927 1666 4008 λέξεις
1686 3938 1741 3993 τοῦ
1757 3929 1843 3997 Θεοῦ

305 4053 374 4098 ται·
388 4034 508 4117 τροπὴν
523 4031 559 4097 δέ
574 4053 644 4097 τινα
657 4042 720 4098 τῶν
731 4031 907 4116 ποιοτήτων
922 4031 1048 4118 γεγονέ-
1093 4017 1134 4080 πον
1148 4019 1245 4097 πονοι
1261 4020 1316 4081 νον
1330 4028 1465 4084 νῑπῶνππ
1488 4027 1545 4102 πθς
1561 4015 1770 4101 προπνροπῑως
1788 4020 1845 4084 αὖ·

302 4142 354 4186 ναι
369 4142 459 4208 φημι,
475 4121 579 4199 καθὼς
596 4121 786 4207 δημιουργὸν
805 4122 885 4186 εἰναι
898 4125 951 4188 τὸν
967 4121 1048 4189 Θεὸν
1093 4113 1148 4169 ποο
1160 4107 1217 4190 πθν
1229 4104 1340 4191 ορρνίνι
1352 4105 1429 4192 οπερ
1442 4108 1561 4172 οποπον
1575 4103 1655 4171 οἶνον
1670 4125 1721 4190 ίνον
1735 4105 1844 4194 νονονν

300 4209 476 4294 λέγω.Καί
500 4210 636 4295 ὥσπερ...
653 4209 753 4287 οἰκίας
775 4210 947 4296 γενομένης
962 4211 991 4275 οἱ
1005 4209 1049 4275 λί-
1093 4195 1165 4278 πορν
1186 4193 1270 4261 Θοοο
1291 4195 1387 4262 οονοῖ·
1412 4196 1470 4262 Δνο
1490 4192 1519 4259 πν
1540 4197 1601 4280 ἰονρ
1624 4195 1696 4280 οολίν
1719 4195 1843 4282 μᾶλλον

301 4299 369 4364 ηρρ.
397 4306 435 4384 τῇ
462 4300 556 4385 γάρῳ
584 4297 683 4384 ρηρη.
710 4299 882 4383 ρρρπρςρηρ
905 4299 1049 4384 δρχρηρτρ
1094 4291 1195 4346 ταῦτα
1206 4283 1331 4348 ἔσονται
1342 4283 1417 4351 Θεοί
1429 4286 1515 4350 κατὸι
1529 4288 1584 4349 τὸν
1598 4283 1694 4368 λόγον
1709 4286 1762 4348 τὸν
1774 4289 1843 4369 σὸν,

300 4397 358 4474 τῆς
372 4385 528 4472 πρρρρρρρ
543 4395 604 4453 τῶν
619 4387 712 4454 χηηρη
727 4387 911 4472 mmm·
934 4391 1046 4453 oum„
1094 4379 1185 4435 νικάν
1200 4371 1365 4458 δυνάμενοι
1380 4375 1433 4438 τὸν
1448 4372 1546 4452 Θεόν;
1570 4372 1652 4440 Θεὸν
1666 4372 1768 4438 έκεῖνο
1784 4396 1844 4457 ρα-

300 4475 466 4565 γργρηρηρρ
481 4476 573 4562 λέγω,
1094 4459 1160 4544 μὲν,
1176 4460 1194 4523 θ
1208 4461 1266 4545 την
1281 4459 1429 4526 ἁπάντων
1445 4458 1587 4541 ἐξουσίαν
1603 4463 1680 4546 ἔχει.
1704 4499 1742 4508 -
1759 4461 1845 4546 Βρα-

345 4564 484 4652 [Μεθόδ.]
501 4565 590 4630 Ἐπεί
612 4563 715 4630 τοίνυν
736 4562 856 4649 τροιτην
878 4585 947 4630 τινα
961 4585 1049 4628 ποιο-
1093 4545 1156 4632 Χέο
1169 4545 1204 4611 ον
1227 4569 1282 4614 πον
1298 4551 1352 4614 νον
1374 4552 1445 4635 πορν
1467 4551 1546 4634 οἰνος
1569 4551 1668 4634 ποπθς
1689 4549 1844 4617 πυθέσθαι

298 4653 403 4740 τήτων
416 4655 494 4738 πρὸς
517 4663 573 4718 τοῦ
588 4651 671 4720 Θεοῦ
695 4652 860 4740 γεγονέναι
882 4663 954 4741 φῇς,
971 4653 1047 4718 ἀπό-
1095 4633 1256 4723 βοοννοίνπν·
1281 4637 1347 4750 Κοξ
1369 4659 1419 4724 ρον
1435 4639 1538 4724 ρορονν
1553 4637 1645 4723 λοίο·
1669 4637 1842 4723 Ποπορον···

300 4740 1049 4916 πίεν·ινιννίίιίνιιννῶ
1092 4725 1847 4917 {230222523333532323ss33ssngss

301 4853 412 5005 ότηΥτες
427 4879 555 5004 οὐσιῶνς
1093 4939 1142 4983 σιν
1157 4917 1248 4983 τοῦδε
1260 4929 1318 4984 τοῦ
1330 4919 1436 5004 λόγου.
1452 4919 1492 4986 Εἰ
1503 4921 1565 5005 γάρ
1577 4920 1698 5006 άπλῆ...
1714 4918 1845 5006 ἡῦλη...

342 5006 641 5162 χίλγλαοιρηιόοκεῖ.
1094 5006 1206 5072 οὐσιῶν
1220 5029 1256 5119 ηε
1271 5009 1325 5072 καί
1340 5009 1484 5120 κράσεων
1499 5011 1558 5094 την
1574 5009 1722 5118 σόστασιν
1738 5013 1824 5126 ἔχειν
1837 5035 1845 5050 ·

378 5095 507 5178 εθόδιος.
537 5095 665 5164 Ανωθεν
680 5093 746 5162 δὲ...
1094 5089 1178 5162 ἀλλά
1200 5095 1347 5164 συνθετον
1369 5097 1477 5166 όιπλυν
1492 5107 1582 5164 τινῶν
1605 5097 1683 5185 μίξιν
1704 5120 1844 5186 μηνυνει.
