4036 6090
312 420 371 481 loo
985 423 1193 486 ORIGENES

305 565 360 626 τόν
372 563 452 626 dm
468 559 604 646 νομίζειν
624 563 677 627 τόν
700 561 760 626 ύπό
777 570 837 626 τῶν
859 571 988 646 γραφῶν
1003 562 1057 647 δη·
1103 567 1181 627 retJ
1184 564 1287 628 udaeis
1296 563 1468 628 ostendere
1476 581 1750 646 enmesseqnem
1759 567 1843 630 Scri-

308 666 469 751 λούμενον.
486 665 528 730 Ei
540 667 575 730 δέ
592 667 681 742 ούτος
696 666 806 751 μενέει
824 663 949 751 βάθραν
962 665 1058 749 ήροαι
1100 673 1210 749 ptnrae
1226 668 1432 748 significant.
1450 671 1509 733 Sin
1525 674 1637 733 autem
1655 670 1741 733 idem
1754 673 1846 734 locus

309 769 405 846 ἁλοὺς
420 768 573 847 πολλάκις
586 770 646 832 όπδ
662 768 826 854 πολεμίων,
847 770 880 833 έν
896 767 1005 853 εἰρήνη
1023 770 1057 833 δέ
1101 773 1257 836 sublatus
1273 773 1385 852 fuerit,
1402 792 1489 854 slepe
1505 791 1525 835 a
1540 773 1768 838 fundamentis
1791 793 1846 836 ex·

307 872 433 958 λέγεται
448 874 465 938 ό
480 873 575 951 τόπος
597 882 652 938 τοῦ
676 872 769 954 Θεοῦ,
794 875 852 937 οὐκ
867 873 905 936 ἂν
929 872 1056 938 δύναιτο
1102 877 1195 939 cisus
1211 877 1253 940 ab
1265 877 1429 955 hostibus,
1446 879 1481 940 in
1497 894 1578 958 pace
1594 883 1706 940 autem
1723 878 1847 941 dicitur

309 975 435 1060 ἀληθῶς
450 975 629 1062 λογίζεσθαι
645 976 739 1054 τόπος
755 978 833 1041 είναι
845 974 938 1056 Θεοῦ,
952 975 969 1040 δ
981 977 1055 1040 πολ·
1102 995 1174 1042 esse
1190 981 1283 1043 loous
1300 981 1371 1058 Dei,
1384 982 1413 1043 is
1429 983 1522 1043 locus
1534 999 1620 1062 saepe
1633 982 1675 1044 ab
1690 981 1842 1045 hostibus

308 1081 399 1158 λύκις
415 1082 474 1145 ὑπὸ
490 1079 645 1166 πολεμίων
661 1079 773 1157 ἁλούς·
789 1081 835 1145 διὸ
851 1080 917 1144 οὐδ’
930 1081 1055 1164 εἴρηκεν
1101 1087 1254 1147 vastatus
1273 1082 1345 1163 jam
1361 1085 1422 1146 Dei
1438 1085 1531 1148 locus
1554 1083 1620 1147 dici
1636 1086 1764 1166 nequit.
1781 1087 1847 1168 Un-

308 1183 581 1269 όπροιρήτης·Έν
593 1183 708 1270 Σαλήμ
719 1183 849 1269 γέγονεν
863 1185 881 1248 ό
895 1182 990 1262 τόπος
1001 1185 1055 1248 αὐ·
1100 1186 1141 1250 de
1170 1187 1333 1268 propheta
1365 1204 1432 1251 non
1462 1187 1563 1251 dixit:
1597 1191 1842 1254 «Insulam»

306 1298 373 1371 τοῦ,
391 1287 432 1366 ύς
448 1289 487 1354 δν
503 1285 559 1374 μέν
574 1309 619 1365 τις
635 1286 814 1365 Ἰουδαϊκῶς
829 1285 929 1372 νοήση
944 1287 1053 1353 τδιἹε-
1090 1288 1208 1370 foetos
1219 1296 1268 1357 est
1278 1291 1366 1357 locos
1377 1293 1458 1372 ejas,
1475 1294 1565 1357 unde
1577 1292 1846 1374 aliquisJ'udaica

308 1392 476 1478 ροσόλυμα
490 1392 562 1458 ἀλλ’
569 1392 636 1458 ἀντὶ
644 1393 771 1476 ταύτης,
779 1395 837 1479 τήν
846 1393 984 1458 διάνοιαν
996 1403 1052 1458 τοῦ
1096 1399 1209 1458 mente
1226 1397 1435 1474 intelligeret
1455 1413 1527 1459 esse
1543 1398 1765 1460 Hierusalem.
1782 1397 1846 1460 Sed

307 1496 493 1582 πράγματος
508 1495 716 1582 παρέστησεν,
733 1496 801 1560 ἀντὶ
814 1507 870 1561 τοῦ
883 1496 997 1583 Σαλήμ
1009 1498 1050 1561 εἰ·
1096 1515 1155 1578 pro
1170 1499 1313 1562 civitate
1333 1500 1543 1563 intellectum
1568 1502 1617 1564 rei
1640 1503 1765 1580 attulit,
1785 1519 1845 1582 pro

307 1601 375 1664 τὼν
389 1601 423 1665 έν
438 1599 556 1686 εἰρήνη.
569 1600 608 1666 Εἰ
621 1603 677 1685 μέν
689 1601 869 1666 coracisii
881 1608 941 1687 γης
953 1601 1051 1686 εύρίσ-
1099 1601 1208 1666 Salem
1224 1621 1302 1666 cum
1318 1602 1404 1666 dixit
1419 1604 1456 1666 ιἰι
1470 1620 1561 1683 poce.
1578 1605 1615 1667 Si
1636 1620 1719 1683 ergo
1741 1607 1796 1668 vel
1811 1607 1846 1667 in

307 1725 413 1770 κοιντο
429 1705 572 1790 ψυχαὶέν
593 1704 741 1790 εύσταθίρ
759 1707 813 1769 καί
832 1703 985 1790 ἀταραξίᾳ
998 1707 1069 1770 καί·
1097 1711 1188 1768 terra
1212 1706 1431 1770 inveniantur
1452 1708 1574 1770 animae
1591 1725 1665 1788 quae
1689 1709 1724 1771 in
1747 1707 1846 1770 firma

306 1807 431 1894 γαλήνη
449 1809 623 1895 διάγουσαι,
640 1808 767 1886 εἰκότως
784 1809 823 1874 ἂν
845 1807 985 1896 λέχθειεν
1000 1811 1054 1874 καὶ
1097 1813 1132 1871 ei
1159 1811 1345 1891 tranquilla
1371 1812 1516 1874 statione
1542 1815 1576 1873 et
1602 1812 1637 1874 in
1664 1813 1845 1875 serenitate

307 1913 400 1977 αὐταί
417 1912 512 1990 τόπος
535 1912 628 1993 Θεοῦ,
652 1912 694 1990 ὡς
709 1913 742 1976 αί
764 1915 938 1999 χωρητικαὶ
960 1914 1051 1977 ούσαι
1098 1918 1360 1992 commorentur,
1376 1914 1616 1977 verosimiliter
1631 1915 1697 1979 dici
1717 1917 1847 1995 possint

305 2015 395 2082 θείου
408 2015 600 2102 Πνεύματος.
612 2015 651 2081 Εἰ
663 2017 698 2081 δὲ
714 2016 850 2094 σπανίως
862 2013 1052 2100 εὑρίσκοιντο
1098 2020 1131 2079 et
1146 2017 1227 2097 ipsae
1242 2019 1335 2081 locus
1351 2018 1421 2096 Dei,
1436 2022 1474 2081 ut
1490 2035 1566 2098 quae
1585 2020 1781 2082 contineant
1796 2019 1844 2081 di-

308 2121 359 2186 έπί
371 2129 431 2205 γῆς
443 2130 586 2201 τοιοῦτοι,
598 2121 631 2185 έν
643 2122 679 2185 δέ
690 2129 729 2206 τῇ
741 2120 811 2185 κατ’
823 2119 965 2204 οὐράνιον
976 2139 1054 2206 χρη-
1100 2120 1218 2182 vinum
1237 2123 1410 2201 Spiritum.
1427 2121 1565 2197 Quodsi
1581 2139 1657 2185 raro
1681 2123 1848 2203 reperian-

308 2223 472 2309 ματίζουσι
486 2234 541 2289 τοῦ
556 2224 637 2291 Θεοῦ
651 2223 756 2301 πόλεις
769 2223 801 2288 αί
812 2232 873 2288 τῶν
885 2222 982 2308 ἁγίων
997 2223 1054 2307 ψυ-
1097 2229 1154 2284 tur
1165 2224 1238 2285 loca
1249 2223 1307 2304 huj
1312 2225 1441 2288 usmodi
1455 2227 1491 2288 in
1503 2229 1602 2305 terra,
1621 2233 1702 2290 sunt
1713 2244 1792 2291 vcro
1808 2229 1842 2290 in

308 2328 374 2413 χαί,
390 2326 477 2392 ἔνθεν
493 2327 615 2413 ἀπέδρα
631 2328 724 2413 όδύνη
741 2330 795 2393 καί
814 2328 897 2412 λύπη
914 2330 969 2392 καί
984 2347 1053 2391 στε-
1099 2330 1226 2392 coelesti
1236 2331 1374 2408 regione
1387 2331 1447 2393 Dei
1456 2331 1621 2410 civitates,
1637 2333 1758 2395 animae
1771 2351 1845 2396 san·

309 2434 438 2515 ναγμδς,
462 2431 559 2515 δῆλον
583 2434 629 2496 δτι
651 2431 777 2518 είρήνης
803 2434 891 2498 ἔσται
916 2430 1011 2509 τόπος
1033 2430 1055 2515 ή
1100 2436 1241 2512 ctorum,
1258 2433 1347 2495 unde
1363 2435 1503 2496 exulant
1518 2435 1658 2498 doloret
1680 2437 1792 2500 luctus
1812 2443 1846 2499 et

308 2535 373 2599 ἄνω
388 2531 599 2622 Ἰερουσαλήμ
614 2536 655 2614 ὡς
678 2535 837 2622 ἐλευθέρα,
854 2539 961 2620 δρασις
977 2535 1054 2619 ἀλη-
1100 2537 1269 2616 planctus,¹
1288 2536 1390 2601 dubio
1408 2539 1526 2618 procul
1548 2541 1640 2618 pacis
1664 2541 1728 2603 erit
1750 2541 1843 2603 locus

307 2637 367 2716 θῶς
389 2641 470 2704 ούσα
492 2640 633 2725 εἰρήνης·
652 2640 735 2705 ἀλλὰ
757 2641 819 2726 γόιρ
834 2641 925 2704 παντὶ
947 2638 1052 2723 τρόπῳ
1099 2657 1246 2720 superna
1262 2642 1487 2721 Hierusalem,
1504 2643 1554 2704 uti
1571 2643 1687 2723 libera,
1710 2649 1750 2706 ut
1771 2661 1846 2725 quae

307 2746 362 2808 καί
383 2743 459 2831 ἡμῖν
481 2744 693 2810 ἀποδιυκτέυν
714 2747 773 2830 τήν
794 2754 855 2811 τῶν
876 2742 985 2808 παθῶν
1001 2763 1054 2805 τα·
1104 2761 1183 2806 vere
1199 2748 1251 2807 est
1265 2745 1351 2808 visio
1374 2747 1476 2827 pacis.
1500 2749 1665 2810 Caeterum
1688 2765 1847 2829 quocum·

307 2851 421 2935 ραχήν,
438 2849 477 2914 ἵν’
488 2848 615 2934 εἰρήνην
636 2851 696 2934 τήν
711 2847 929 2935 ὑπερέχουσαν
949 2845 1053 2912 πάντα
1101 2865 1167 2929 que
1192 2854 1290 2927 pacto
1318 2867 1338 2911 a
1371 2849 1467 2912 nobis
1495 2854 1566 2911 met
1594 2850 1847 2913 averruncanda

306 2963 380 3017 νοῦν
394 2954 531 3038 ἔχοντες,
554 2952 650 3030 τόπος
671 2952 828 3039 γινύιμεθα
849 2950 941 3018 Θεοῦ.
964 2948 1055 3014 ’Eud
1100 2958 1151 3016 est
1162 2954 1358 3033 passionum
1371 2954 1528 3035 procella,
1542 2959 1581 3016 ut
1592 2971 1707 3034 pacem
1723 2954 1847 3018 haben*

309 3056 388 3142 μεθα
404 3057 508 3121 δὲκαὶ
530 3056 773 3141 κατοικητήριον
792 3059 898 3137 αὐτοῦ,
922 3073 1056 3118 σκοπευ-
1101 3060 1152 3119 tes
1170 3073 1244 3137 quae
1259 3062 1440 3139 exsuperat
1462 3074 1595 3121 omnem
1615 3076 1761 3138 sensum,
1785 3061 1846 3123 Dei

308 3163 388 3224 τικοί
403 3169 460 3245 τῆς
482 3160 632 3245 ἀληθείας
654 3163 709 3227 καί
733 3161 848 3246 ἀρετης
871 3155 1055 3243 προθέμενοι
1102 3163 1196 3224 locus
1212 3160 1344 3226 fiamus.
1360 3165 1496 3226 Erimus
1512 3169 1626 3226 autem
1649 3165 1750 3226 etiam
1773 3164 1845 3244 eJ'us

308 3265 395 3330 είναι.
420 3265 500 3330 Σιὼν
515 3267 576 3352 γὰρ
600 3264 825 3350 σκοπευτήριον
842 3261 1054 3347 ἑρμηνεύεται.
1101 3265 1277 3344 habitati0,
1290 3270 1516 3348 speculatores
1529 3269 1682 3332 veritatis
1694 3273 1728 3330 et
1742 3269 1847 3330 virtu·

308 3366 364 3445 Ὣς
380 3367 466 3433 ούνό
490 3367 675 3454 ἁμαρτωλός
689 3367 812 3434 δίδωσιν
823 3366 919 3431 τόπον
934 3373 978 3449 τῷ
988 3364 1053 3427 dior
1100 3371 1144 3432 tis
1160 3371 1196 3433 in
1211 3375 1422 3435 antecessum
1442 3373 1628 3435 constituti.
1654 3373 1732 3434 Sion
1755 3373 1845 3435 enim

309 3471 402 3556 βόλμ,
425 3473 556 3550 ούτοιςό
578 3471 676 3550 καλός
697 3473 752 3536 καί
774 3470 924 3556 όόιγαόός
946 3465 1053 3532 δίδωσι
1106 3474 1563 3557 interpretantur-speculam.
1576 3477 1847 3558 Sioutergopec-

308 3575 404 3643 τόπον
419 3585 463 3662 τῷ
479 3575 549 3663 Θεῷ
565 3577 598 3641 έν
614 3584 657 3661 τῷ
679 3576 857 3662 ἡγεμονικῷ
873 3576 979 3657 αὐτοῦ,
995 3575 1051 3659 ζη-
1101 3581 1195 3639 cator
1208 3578 1267 3641 dat
1283 3579 1394 3642 locum
1411 3580 1553 3658 diabolo,
1565 3580 1614 3643 sic
1625 3581 1733 3644 bonus
1749 3583 1847 3644 viret

308 3691 411 3745 τοῦντι
421 3682 583 3767 ἐνοικῆσαι
594 3682 628 3746 έν
640 3681 715 3766 ἡμῖν
727 3683 781 3744 καὶ
792 3681 1053 3766 έμπεριπατησαι,
1099 3680 1223 3760 probus
1238 3682 1304 3760 dat,
1322 3683 1356 3744 in
1371 3701 1442 3746 suae
1455 3683 1577 3746 mentis
1593 3683 1842 3764 phrontisterio‚

308 3787 363 3850 καί
379 3787 477 3870 μονήν
487 3793 635 3869 ποιήσαι·
650 3787 705 3850 καί
716 3785 803 3870 ψυχὴ
816 3781 969 3870 γενομένη
983 3804 1057 3847 σκο·
1106 3786 1217 3848 locum
1240 3787 1309 3848 Deo
1333 3787 1497 3867 querenti
1520 3786 1672 3850 habitare
1696 3787 1731 3848 in
1750 3788 1847 3851 nobis

310 3888 479 3975 πευτήριυν
505 3892 560 3954 καί
586 3889 853 3977 χρηματιστήριον
880 3897 936 3953 τοῦ
962 3887 1059 3952 τόπου
1105 3893 1139 3951 ct
1152 3889 1369 3952 deambulare
1385 3894 1419 3951 et
1434 3890 1641 3952 mansionem
1657 3889 1783 3969 facere3
1800 3897 1848 3952 at-

309 4006 364 4060 τοῦ
380 3993 472 4079 Θεοῦ,
489 3997 577 4060 ἔσται
590 3993 833 4079 κατοικητήριον
848 4002 903 4057 τοῦ
919 3991 1012 4059 Θεοῦ.
1106 4011 1171 4074 quc
1187 3994 1300 4056 anima
1316 4011 1390 4074 quae
1406 3993 1445 4056 lit
1459 3995 1722 4076 speculatorium
1747 3999 1780 4056 et
1801 3995 1847 4056 of-

1105 4095 1206 4160 ficina
1221 4097 1285 4160 loci
1301 4096 1419 4175 divini,
1435 4098 1500 4159 erit
1515 4098 1576 4160 Dei
1592 4097 1834 4161 habitaculum.

354 4226 387 4267 ν·
405 4201 543 4270 11.”Οτι
565 4203 706 4289 ἐνθύμιον
726 4202 889 4286 ἀνθρώπου
912 4201 1057 4288 έξομολο
1148 4219 1179 4262 v.
1198 4201 1248 4262 ll.
1269 4201 1423 4275 ίὶιιοκόοοι
1438 4200 1586 4282 cogitatio
1601 4202 1740 4266 dominis
1754 4203 1848 4285 corast-

309 4306 443 4393 γήσεταί
457 4330 515 4374 σοι.
1103 4304 1301 4369 tacituram.

354 4412 457 4478 Τοῦτο
481 4415 516 4476 τὸ
539 4411 680 4498 ἐνθύμιον
703 4413 800 4476 αὐτοῦ
822 4419 876 4474 τοῦ
895 4409 1058 4495 ἀνθρώπου
1153 4411 1231 4472 Haeo
1257 4408 1419 4486 cogitatio
1445 4412 1497 4471 est
1521 4409 1586 4489 ipsi
1615 4408 1744 4472 homini
1768 4409 1851 4472 indi-

310 4517 403 4599 ἐστίν,
435 4518 478 4602 μή
505 4515 724 4602 ἐφαπτομένης
751 4514 863 4594 ἔξωθεν
895 4516 1054 4603 δυνάμεως
1104 4516 1149 4592 ta,
1165 4511 1329 4594 quamdiu
1344 4512 1432 4574 foras
1455 4528 1523 4575 non
1545 4513 1680 4576 elicitur
1694 4514 1746 4576 vis
1762 4514 1849 4576 bona

311 4621 432 4707 ἀγαθῆς
454 4623 476 4707 ή
499 4629 649 4706 πονηρᾶς,
670 4619 795 4704 λέγεται
818 4622 852 4685 δὲ
875 4623 929 4685 καί
952 4620 1056 4706 λογισ-
1103 4618 1157 4680 vel
1173 4616 1275 4694 mala3
1293 4617 1395 4679 etiam
1412 4615 1538 4681 dicitur
1553 4618 1780 4682 ratiocinium.

312 4723 377 4810 μός.

347 4949 374 4987 ν.
388 4933 430 4986 11.
444 4932 511 4987 Vct.
523 4935 549 4987 5.
