3966 6108
655 454 687 518 S.
711 453 822 520 111121‘.
845 454 889 519 IN
913 453 1151 522 Peovnnom
1621 457 1686 523 am

129 613 215 672 σιος·
231 593 260 660 ol
274 594 310 660 δὲ
324 589 530 680 πορευόμενα
551 591 685 680 ἐννόμῳ
700 589 826 679 ,Κυρίου
852 591 888 672 ni
928 598 980 659 est
994 593 1107 674 dives}
1119 594 1279 685 qul‘stero
1288 589 1468 684 'ambulant
1481 591 1518 660 in
1530 593 1686 680 lege·l)o··'

128 699 412 784 acceptaremus
435 698 498 782 ἄρα
520 696 606 782 ἦσαν
628 692 785 762 clariores·
849 695 884 776 ἐξ
930 697 1025 776 mini,
1047 697 1230 779 prophetae.
1244 697 1418 788 lstitaquc'
1433 705 1532 763 erant
1545 699 1695 764 divites:

130 798 279 887 εὐλογίας
301 799 443 886 Χριστοῦ
466 798 626 885 διδόμενος
649 800 793 883 πλοῦτος,
816 799 886 886 dm·
930 803 1067 892 Divitia
1080 819 1167 884 quas
1189 801 1380 865 benedictio
1396 800 1539 866 'Domini
1555 803 1686 884 suppe-

129 914 193 992 γῆς
204 903 310 990 πάσης
322 903 424 988 λύπης
436 898 623 989 παρέχεται,
636 906 697 988 πρὸ
707 911 765 989 τῆς
777 901 887 991 αἰσθή-
931 903 1028 986 ditat,
1053 906 1167 968 omnis
1191 904 1317 968 doloris
1336 905 1497 986 expertes
1523 905 1687 970 saliban·

134 1028 216 1087 σεως
231 1008 287 1086 τὰς
310 1009 417 1094 ψυχὰς
432 1005 615 1092 εὐφραίνων.
638 1003 771 1073 'nossa
789 1007 887 1092 πράτ·
931 1011 1003 1073 tura
1018 1009 1206 1092 quse-prius
1222 1011 1326 1072 etiam
1342 1025 1445 1094 quam
1459 1027 1565 1074 sensu
1580 1007 1697 1093 perol-⁵

130 1134 195 1180 των
210 1115 308 1197 κακὰ,
330 1115 423 1190 οὖτος
437 1111 598 1178 τὰπολλὰ
620 1109 725 1199 λέγειν
741 1109 835 1197 φησί·
851 1113 887 1176 cd
931 1113 1085 1206 piuntur,
1112 1115 1244 1206 animos
1274 1114 1453 1206 oblectant.
1488 1115 1694 1179 Delectatur

132 1217 169 1282 δὲ
185 1220 228 1305 μὴ
246 1203 441 1303 εἰσηγεῖσθαί
455 1217 496 1282 τὰ
512 1205 635 1281 δέοντα.
674 1221 679 1226 ”
932 1205 1047 1310 impiis
1061 1213 1366 1282 actionibus-'mala
1380 1199 1593 1300 perpetrans.
1610 1219 1684 1299 Hic,

291 1309 294 1314 ’
836 1343 839 1350 ⁴
889 1345 893 1356 v
932 1313 1607 1403 inquit,·ma1taloquitur,sonantem
1633 1337 1695 1387 eo·

931 1410 1100 1507 rumque
1119 1425 1546 1506 conveniuntauctorest.
1590 1439 1593 1446 ·
1634 1469 1636 1478 κ
1695 1441 1699 1518 j

366 1845 374 1862 .
430 1745 654 1876 annosos
679 1767 1002 1878 marcemus
1027 1799 1085 1879 m
1111 1737 1402 1888 sucronem
1676 1823 1699 1866 21

747 2019 748 2024 '
790 1997 1051 2109 ,Montiumssl

181 2213 266 2278 Cum
281 2213 318 2278 in
332 2215 506 2298 superiore
520 2223 614 2284 tomo
625 2217 666 2283 de
678 2197 795 2284 sancto
810 2221 892 2303 Hip-
936 2209 979 2284 ad
994 2221 1121 2285 calcem
1137 2236 1278 2286 suorum
1297 2223 1467 2282 tomorum
1489 2217 1568 2282 cita‘
1581 2233 1686 2280 manu

134 2317 251 2402 polyto
274 2319 407 2402 copiose
433 2323 581 2404 egimus,
604 2323 730 2402 Angeli
751 2323 833 2388 Maii
855 2325 891 2388 in
937 2329 1108 2405 excutere,
1125 2329 1164 2388 ut
1178 2327 1336 2388 currente
1350 2323 1464 2404 praelo,
1481 2320 1686 2386 vacuaiolia

134 2423 312 2510 Danielem
323 2423 481 2512 vestigia,
493 2427 553 2492 ubi
568 2444 678 2492 novus
693 2427 892 2494 occurrebat
937 2427 1176 2512 implerentur3
1192 2424 1355 2512 autquod
1372 2428 1461 2508 inter
1472 2427 1587 2509 plures
1598 2428 1688 2502 cote·

135 2525 331 2593 Portuensis
354 2528 543 2612 episcopus,
573 2548 665 2614 aegre
692 2533 889 2614 relegimus,
936 2548 1059 2596 narum
1074 2530 1207 2606 codices
1224 2548 1313 2618 unus
1334 2530 1501 2610 integrior
1520 2527 1619 2622 facile
1637 2528 1687 2608 al·

134 2647 197 2694 nec
212 2631 281 2695 nisi
303 2649 428 2714 paucos
443 2639 478 2698 et
493 2635 552 2698 vix
567 2640 676 2700 certos
698 2636 827 2718 ingrati
842 2638 890 2702 la·
933 2635 998 2700 teri
1011 2633 1175 2716 jejuniori
1198 2636 1312 2710 locum
1334 2634 1517 2714 cessitEa
1530 2650 1611 2698 vero
1635 2638 1695 2710 est

133 2731 225 2798 boris
244 2733 376 2800 fructus
398 2737 499 2820 nacti,
519 2739 658 2819 longius
680 2740 772 2806 viam
788 2742 886 2826 sequi
932 2739 1042 2804 sancti
1054 2738 1196 2825 Romani
1208 2738 1354 2812 doctoris
1366 2732 1565 2820 ἡρεμνότης,
1580 2735 1700 2803 utvel.

133 2841 360 2918 negleximus.
376 2843 475 2908 Nunc
495 2857 574 2907 vero
591 2863 670 2908 cum
686 2841 834 2911 Eusebio
852 2850 887 2910 et
930 2835 1054 2908 mutila
1068 2847 1109 2926 ‚et
1119 2843 1248 2918 incerta
1260 2837 1453 2920 fragmenta
1464 2840 1566 2918 cedro
1576 2839 1686 2904 linen-

131 2945 280 3023 origene
295 2950 432 3010 catenas
447 2947 488 3026 in
499 2947 681 3014 Proverbia
691 2951 844 3032 scrutati,
861 2951 886 3014 i·
933 2942 1018 3009 dact
1028 2945 1195 3010 servanda
1206 2943 1397 3022 videanturss
1410 2944 1485 3008 Erit
1496 2942 1600 3006 etiam
1613 2942 1685 3026 qni,

131 3050 245 3112 terum
257 3050 294 3113 in
306 3049 529 3134 Hippolytum
541 3051 887 3136 offendimus,paucas
932 3055 972 3114 ut
994 3055 1096 3115 antea
1118 3055 1314 3129 notare-me
1341 3049 1502 3129 memini,
1521 3048 1686 3118 ,advertet

131 3168 261 3244 rursus,
276 3153 336 3218 sed
351 3151 492 3219 fortasse
508 3158 668 3220 certiores
683 3159 808 3222 summi
831 3157 888 3222 do-
932 3172 1050 3219 vocem
1073 3155 1231 3234 magistri
1255 3171 1334 3218 vere
1357 3157 1553 3232 Romanam,
1581 3152 1685 3216 immo

132 3255 235 3318 otonis
255 3257 418 3337 reliquias
440 3257 475 3320 in
499 3260 612 3322 lucem
635 3261 810 3341 prolaturi.
834 3263 887 3324 Ex
931 3258 1113 3340 quamdam
1129 3259 1228 3323 latini
1243 3259 1409 3322 sermonis
1425 3257 1583 3338 indolem,
1596 3261 1631 3321 et
1646 3257 1698 3334 in,

133 3357 253 3422 iisdem
269 3358 440 3425 codicibus
457 3364 517 3446 qui
533 3364 620 3427 Maio
636 3365 745 3428 multa
756 3367 887 3447 praesti·
931 3363 1050 3444 primis
1066 3362 1226 3426 fiduciam
1243 3363 1278 3426 in
1295 3362 1484 3426 asserendis
1498 3362 1684 3440 allegoriis,

132 3466 258 3556 terunt,
272 3471 388 3530 nostra
402 3466 601 3547 recepimus,
618 3485 658 3530 ao
673 3485 760 3550 saepe
779 3471 814 3532 in
831 3467 888 3532 iis·
931 3481 991 3548 pro
1003 3471 1099 3528 tanta
1113 3467 1319 3547 antiquitate
1331 3465 1594 3545 memorandam,
1608 3480 1686 3528 con·

132 3564 209 3629 dem
225 3565 307 3630 locis
324 3583 364 3630 ea
375 3568 577 3648 collegimus
590 3574 623 3633 et
634 3575 798 3651 pergente
810 3588 887 3636 oon·
931 3573 1128 3650 stantesque
1141 3572 1176 3634 in
1189 3569 1288 3649 Urbe,
1301 3569 1463 3650 usquead
1476 3567 1682 3646 Gregorium

132 3671 231 3736 tinua
245 3672 349 3735 serie:
374 3674 464 3737 unde
480 3679 595 3738 nostra
618 3673 814 3740 labefactari
831 3693 887 3740 ne·
933 3674 1098 3753 Magnum
1122 3679 1157 3738 et
1179 3675 1335 3754 ulterius,
1354 3677 1599 3738 conservatam.
1622 3675 1686 3737 Ne·

132 3761 274 3857 queunt,
291 3776 374 3857 quin
391 3778 494 3840 etiam
511 3779 640 3858 optima
653 3777 744 3859 apud
759 3779 887 3844 Maium
932 3793 998 3858 que
1011 3781 1129 3840 notatu
1142 3777 1294 3859 ineptum
1310 3781 1370 3856 est,
1386 3776 1590 3857 ubicumque
1602 3777 1684 3859 Hip-

134 3883 268 3961 recepta
283 3879 493 3944 aboleantur.
515 3879 675 3957 Quaedam
698 3882 839 3947 tortasse
863 3884 889 3947 i·
933 3881 1462 3964 polytusaequorScripturarum
1474 3879 1687 3962 primussnl·

134 3984 196 4049 deo
218 3983 334 4049 omisit
348 3984 467 4065 Maius,
491 3985 582 4068 quod
604 3990 741 4052 catenas
756 3987 888 4052 solebat
931 3973 1033 4066 cavit,
1049 3985 1116 4050 huc
1131 3985 1315 4065 origenem
1329 3982 1405 4048 vela
1420 3984 1599 4048 laxavisse.

179 4430 256 4493 can.
274 4447 296 4510 1,
308 4447 340 4494 v.
355 4429 406 4494 15.
422 4426 535 4509 Ὁδοὺς
546 4427 669 4497 ἀοιδῶν
681 4431 724 4516 μὴ
738 4428 883 4514 rasione,
973 4430 1050 4493 Cer.
1066 4445 1088 4509 1,
1104 4446 1137 4492 a.
1167 4428 1217 4492 15.
1241 4429 1318 4496 Viuo
1332 4428 1561 4511 implorabam
1575 4427 1683 4512 inpre-

137 4527 218 4616 μηδὲ
232 4529 381 4616 ζηλώσῃς
402 4530 494 4610 ὁδοὺς
517 4531 717 4618 παρανόμων.
747 4531 802 4618 Μὴ
830 4553 885 4597 πο-
929 4531 1046 4614 dioric,
1082 4549 1183 4616 mque
1198 4535 1367 4624 ,minoem
1399 4535 1533 4600 semdae
1564 4535 1682 4616 impro-

136 4631 247 4719 ρευθῇς
263 4634 296 4699 ἐν
311 4633 374 4721 ὁδῷ
397 4635 464 4722 μετ’
479 4636 591 4717 αὐτῶν,
611 4634 757 4702 ἔκκλινον
779 4636 814 4701 δὲ
832 4637 886 4702 τὸν
930 4635 1050 4702 borum.
1066 4635 1116 4704 Ne
1129 4623 1272 4704 amendes
1286 4640 1324 4703 io
1337 4640 1393 4704 oia
1408 4656 1481 4705 mm
1501 4631 1570 4724 eim·
1584 4637 1682 4706 decli-

137 4736 220 4802 πόδα
236 4758 293 4802 σου
308 4738 347 4803 ἐκ
361 4748 422 4805 τῶν
435 4737 549 4825 epum
564 4739 676 4806 cotos.
931 4741 1507 4823 acpcmmtuumcccmitoemum.

182 4839 249 4919 Τὰς
260 4841 362 4924 δδοὺς,
376 4843 464 4927 φησὶ,
476 4851 537 4910 τῶν
549 4841 736 4926 ἑτεροδόξων
745 4844 788 4930 μὴ
798 4840 888 4908 ἐπέλ-
976 4847 1015 4910 ln
1026 4847 1110 4926 vias,
1123 4845 1292 4927 inquitas
1303 4847 1433 4914 accedas
1443 4848 1682 4913 baereticorum

138 4945 203 5031 θῇς,
218 4945 241 5032 ἡ
257 4953 320 5011 τῶν
338 4945 434 5033 νόμον
449 4945 716 5034 cavasanae.
734 4945 779 5012 Τδ
794 4955 887 5034 γοῦν·
903 4983 907 4990 ·
933 4950 988 5015 vel
1016 4967 1132 5014 eorum
1155 4950 1215 5032 qui
1238 4950 1351 5030 legem
1375 4952 1685 5034 transgrediuntur.

174 5168 243 5243 Cap.
257 5187 276 5240 ι,
291 5184 318 5227 v.
334 5166 375 5225 15.
390 5165 484 5225 Velio.
500 5166 568 5224 Μ
581 5165 601 5224 i'.
614 5167 658 5226 m.
