4006 6090
822 463 866 526 IN
889 461 1076 528 PSALMOS
1658 459 1718 526 321

179 601 234 666 καί
249 599 292 680 είς
308 610 418 688 χεῖρας
430 598 558 688 κυρίας·
573 611 629 668 τοῦ
642 603 677 669 δέ
688 604 724 668 τὸ
736 611 858 688 πνεῦμα
869 609 926 686 τῆς
971 605 1056 667 mini
1079 607 1113 668 et
1135 604 1170 668 in
1194 619 1316 672 manus
1339 603 1493 668 dominae.
1520 605 1616 669 Illius
1639 623 1719 670 vero

178 704 335 783 υἱοθεσίας
348 707 478 792 έχοντος
489 707 566 791 πρὸς
578 705 695 790 Κύριον
704 708 760 773 τὸν
773 705 864 789 Θεὸν,
876 707 927 770 ίνα
971 708 1032 789 qui
1046 707 1149 771 habet
1169 710 1327 790 spiritum
1344 706 1534 788 adoptionis
1556 707 1717 787 filiorum,

179 812 247 897 ἅμα
261 811 305 896 τῷ
316 810 525 898 κελευσθῆναι
538 813 582 889 εἰς
592 810 751 898 ἐνέργειαν
764 810 925 899 penaten]
971 813 1109 894 respicit
1123 813 1304 876 Dominum
1321 812 1439 890 Deum,
1456 817 1494 874 ut
1504 815 1717 894 praeseptum,

179 916 239 1000 τὴν
256 913 433 1000 πρόσταξιν,
454 916 614 1001 οίκτιρμόν
638 917 726 1002 έχειν
746 915 821 1000 παρ’
832 919 927 981 αὐτοῦ
971 916 1074 980 simul
1085 935 1124 980 ae
1131 915 1266 996 jussum
1279 919 1340 996 est,
1348 918 1441 998 operi
1454 917 1601 996 mandet,
1613 919 1718 981 susei-

178 1018 354 1105 ·ίγγοίιμενος
376 1027 420 1104 τῷ
434 1018 674 1105 προσταχθῆναι
697 1027 828 1104 ποιῆσαι
843 1021 927 1105 αὐτῷ
971 1036 1050 1101 pere
1066 1023 1160 1083 ratus
1175 1020 1217 1084 ab
1233 1037 1272 1084 eo
1287 1021 1564 1100 misericordiam,
1579 1021 1720 1102 eoquod

179 1120 345 1186 δοκοῦντα.
368 1121 434 1186 Καί
456 1122 562 1207 ὥσπερ
582 1121 618 1186 δέ
641 1121 793 1199 πολλάκις
808 1121 928 1188 οἰκέται
969 1122 1111 1203 jubetur
1124 1126 1250 1206 placita
1266 1123 1340 1204 ejus
1355 1127 1490 1208 exequi.
1508 1128 1555 1190 Ae
1573 1127 1664 1190 sieut
1685 1125 1721 1189 in

178 1227 234 1290 καί
259 1223 481 1310 θεραπαινίδες
507 1223 718 1305 ένατενίζουσι
747 1235 816 1305 ταῖς
839 1229 930 1314 χερσί
974 1229 1094 1308 epulis,
1117 1219 1241 1292 famuli
1261 1233 1295 1292 et
1317 1229 1455 1293 famulae
1478 1231 1593 1294 oeulos
1608 1229 1723 1308 figunt

180 1337 242 1395 τῶν
256 1329 416 1395 δεσποτῶν
431 1331 465 1395 ἐν
479 1338 548 1408 ταῖς
563 1329 747 1413 ἑστιάσεσιν,
765 1339 883 1416 τροφῆς
902 1351 932 1394 τι
976 1333 1011 1394 in
1027 1350 1148 1396 manus
1163 1331 1386 1414 dominorum,
1404 1337 1637 1415 exspectantes
1660 1334 1720 1398 ali-

180 1434 257 1519 παρ’
267 1432 370 1499 αὐτῶν
381 1432 489 1499 λαθεῖν
506 1434 751 1518 προσδοκῶντες,
768 1437 866 1511 οὕτως
877 1435 931 1498 καί
976 1435 1058 1518 quid
1069 1437 1239 1500 alimoniae
1250 1439 1408 1518 recipere,
1422 1439 1469 1500 ita
1481 1441 1515 1500 et
1525 1455 1586 1502 nos
1598 1456 1641 1501 ex
1652 1457 1722 1502 me-

180 1540 273 1626 ἠμεῖς
287 1541 376 1624 παρά
390 1540 452 1605 τῶν
475 1548 537 1605 σῶν
552 1547 666 1626 χειρῶν
688 1538 857 1627 ἐλπίζομεν
879 1559 931 1604 τυ·
975 1541 1076 1605 nibus
1091 1543 1161 1605 tuis
1175 1558 1350 1622 speramus
1366 1543 1436 1606 tuis
1452 1541 1519 1605 irui
1535 1542 1642 1622 bonis,
1658 1561 1721 1606 nee

182 1651 253 1730 χεῖν
267 1651 329 1708 τῶν
344 1645 432 1726 παρὰ
443 1653 500 1708 σοῦ
516 1642 652 1729 ἀγαθῶν,
665 1644 703 1708 οδ
716 1643 801 1730 ρητῶ
812 1643 847 1708 δέ
857 1642 932 1728 χρό-
975 1651 1067 1709 nerto
1091 1644 1227 1727 quidem
1248 1648 1398 1726 tempore
1421 1646 1509 1709 hana
1531 1665 1626 1728 spem
1641 1647 1722 1710 defi-

180 1768 225 1832 νφ
246 1745 366 1832 ταύτην
389 1749 447 1832 τὴν
470 1745 583 1812 ἐλπίδα
605 1745 831 1834 περιορίζομεν,
849 1747 933 1812 άλλδι
976 1750 1101 1828 nimus,
1119 1749 1179 1812 sed
1191 1754 1426 1831 exspectamus
1442 1749 1548 1814 donee
1563 1751 1659 1814 nobis
1676 1751 1722 1814 ia-

179 1847 395 1936 πρσσμένομεν
417 1853 476 1928 ἕως
498 1852 537 1918 ἂν
560 1851 741 1938 άξιιυθῶμεν
756 1861 812 1916 τοῦ
833 1853 935 1917 δκτει-
978 1871 1058 1916 veas
1073 1856 1134 1916 tua
1149 1870 1233 1931 erga
1249 1869 1308 1916 nos
1329 1853 1568 1917 misericordia.

182 1963 278 2041 ρησαι
294 1951 388 2039 ἡμᾶς.

753 2189 923 2268 Psolmns
948 2185 1151 2266 eXXffl.

228 2491 260 2536 v.
277 2473 308 2554 3,
324 2473 354 2554 4,
378 2474 408 2537 5.
428 2470 516 2556 Ἀρα
531 2469 652 2550 ζῶντας
667 2469 707 2534 δν
721 2465 872 2532 κατέπιον
894 2466 931 2553 ἡ·
1019 2488 1050 2532 v.
1064 2471 1129 2532 3-5.
1142 2471 1236 2536 Forte
1246 2470 1336 2536 oinos
1347 2471 1559 2556 deolollssenl
1569 2491 1636 2555 nos,
1652 2493 1724 2541 enne

185 2584 246 2664 μᾶς
261 2576 294 2642 ἐν
308 2585 352 2663 τῷ
374 2575 555 2662 όργίσθηναι
570 2577 624 2640 τόν
638 2573 741 2660 θυμόν
763 2575 866 2636 αὐτῶν
881 2571 932 2657 ἐφ’
974 2575 1172 2640 irasceretur
1185 2574 1290 2655 senor
1304 2593 1413 2642 eornm
1434 2578 1471 2642 in
1485 2595 1552 2644 nos.
1568 2581 1724 2645 Forsitan

182 2681 285 2767 ἡμᾶς·
300 2681 414 2766 ἄρατὸ
436 2681 519 2765 ὕδωρ
541 2680 581 2745 ἂν
595 2677 820 2744 κατεπόντισεν
834 2675 931 2762 ἡμᾶς,
975 2694 1061 2761 nono
1088 2677 1302 2745 olsorlnlsset
1330 2697 1397 2745 nos.
1431 2681 1617 2748 Pmrenlern
1646 2701 1724 2766 per·

182 2783 354 2872 χείμαρρον
368 2784 492 2869 διῆλθεν
506 2784 528 2870 ἡ
546 2785 633 2870 ψυχὴ
649 2781 754 2868 ἡμῶν·
770 2782 834 2866 ἐρα
848 2780 934 2866 διῆλ-
977 2781 1134 2848 transisit
1146 2783 1258 2848 onina
1270 2788 1392 2865 rwslro,
1403 2784 1557 2867 forsitan
1571 2793 1724 2868 pertran-

183 2886 271 2973 θενη
288 2889 376 2976 ψυχὴ
392 2889 482 2975 ημῶν
497 2890 534 2952 τὸ
556 2888 638 2972 ὕδωρ
654 2889 689 2952 τό
706 2884 932 2952 ἀνυπόστατον.
976 2887 1074 2952 sisset
1087 2887 1198 2952 onioao
1210 2893 1324 2986 nostro
1345 2906 1463 2971 ορικιπι
1477 2891 1721 2957 intolerabilem.

227 2991 272 3058 Τό
288 2990 340 3058 δέ·
362 2991 451 3076 Ἀρα
472 2992 593 3071 ζῶντας
615 2991 655 3056 ἂν
674 2988 823 3056 κατέπιον
836 2989 932 3076 ἡμᾶς,
1021 2991 1092 3054 noe
1114 2991 1272 3056 dubium:
1287 2991 1381 3074 forle
1401 2995 1491 3058 oleos
1512 2994 1724 3078 deolnllssenl

183 3097 266 3177 δόξει
288 3095 500 3182 δπερόολικῶς
524 3094 676 3180 εἰρῆσθαι,
700 3094 761 3180 οὐχ
782 3086 880 3170 οθτοις
902 3094 932 3157 ἐ·
975 3111 1042 3174 nos,
1055 3095 1225 3159 videbitur
1236 3097 1450 3180 hyperbolice
1463 3100 1592 3164 dietum
1604 3100 1721 3180 fuisse,

182 3223 260 3290 χον·
275 3202 428 3288 δηλοῦται
448 3201 510 3286 γάρ
526 3221 556 3264 τι
571 3199 610 3265 ἐκ
631 3199 754 3281 τούτου,
770 3198 812 3276 ὡς
831 3199 885 3262 καί
900 3199 932 3261 δ
976 3217 1054 3263 eum
1067 3201 1114 3263 ita
1128 3217 1181 3264 res
1194 3219 1230 3265 se
1243 3218 1309 3265 non
1326 3201 1465 3268 habeat:
1482 3223 1541 3286 per
1556 3205 1619 3268 hoe
1634 3208 1725 3270 enim

184 3306 248 3391 δωρ
270 3303 495 3370 κατεπόντισεν
517 3302 612 3390 ἡμᾶς,
635 3306 658 3390 ὴ
681 3305 736 3369 καὶ
760 3299 932 3388 χείμαρρον
974 3302 1200 3384 significatur,
1224 3322 1263 3367 aa
1288 3306 1317 3369 si
1341 3308 1444 3370 etiam
1466 3325 1556 3389 aqua
1578 3325 1638 3373 nos
1667 3309 1724 3372 ab·

183 3409 345 3497 διῆλθενὴ
364 3411 451 3496 ψυχὴ
474 3407 573 3495 ἡμῶν,
590 3411 627 3473 σθ
650 3408 731 3491 θδιυρ
746 3410 782 3471 τό
799 3404 932 3470 άνυπόσ-
975 3406 1169 3488 sorbuisset,
1192 3409 1248 3472 vel
1274 3413 1460 3474 torrentem
1485 3412 1738 3493 pertransisset,

183 3533 289 3578 τατον.
306 3511 414 3590 Ἰωνᾶς
436 3522 512 3598 γοῦν
528 3513 591 3591 ζῶν
613 3511 785 3596 κατεπόθη,
805 3511 860 3575 καί
874 3531 932 3574 κα·
975 3511 1090 3572 anima
1104 3515 1229 3591 nostra,
1241 3512 1339 3593 enjus
1352 3515 1443 3578 unda
1453 3515 1499 3578 sit
1514 3515 1723 3596 insuperabi-

183 3617 289 3684 τέπιεν
304 3619 397 3682 αὐτόν
413 3617 430 3682 δ
447 3617 587 3694 θάνατος
607 3615 750 3702 ἰσχύσας.
768 3612 931 3699 Τροπικῶς
975 3614 1028 3677 lis.
1050 3615 1154 3678 Jonas
1177 3617 1295 3696 utique
1317 3618 1417 3680 vivus
1441 3619 1619 3700 absorptus
1648 3619 1724 3698 fuit,

184 3724 336 3789 δὲταῦτα
358 3724 494 3808 εἴρηκεν,
517 3721 625 3808 ἐπειδὴ
641 3723 703 3808 γὰρ
726 3721 829 3786 εἶπεν·
844 3717 932 3803 Ἀρα
975 3735 1121 3798 eumque
1144 3719 1319 3783 devoravit
1345 3722 1532 3802 praevalens
1556 3723 1726 3786 interitus.

184 3828 306 3907 ζῶντας
321 3828 361 3893 ἂν
375 3824 525 3893 κατέπιον
539 3824 634 3913 ἡμᾶς,
652 3823 789 3891 δείκνυσι
803 3826 862 3911 τὴν
876 3831 932 3888 τοῦ
976 3824 1054 3886 Haee
1076 3827 1191 3886 autem
1214 3822 1362 3902 figurate
1385 3825 1488 3889 dixit:
1512 3842 1591 3888 nam
1612 3827 1725 3890 aiens:

184 3929 324 4015 πλήθους
341 3929 528 4015 ὑπερθολην,
544 3929 717 4016 χειμάρρου
732 3929 823 4015 δίκην
838 3949 932 4013 προσ·
966 3924 1060 4007 sorle
1081 3926 1170 3990 oinos
1191 3925 1404 4009 duplatissenl
1423 3945 1491 4008 nos,
1508 3931 1656 3994 ostendit
1679 3930 1727 3992 in-

185 4033 337 4112 6αλόντος
355 4037 409 4099 καί
428 4034 629 4120 συγκαλύψαι
651 4035 778 4100 ἅπαντα
800 4032 934 4117 προσδο-
976 4036 1114 4108 gentem
1144 4032 1409 4112 multitudinem,
1434 4033 1541 4101 instar
1567 4035 1727 4099 torrentis

184 4139 364 4226 κησαντος·
386 4136 541 4224 ἁρμοδίως
563 4138 598 4203 δέ
620 4149 676 4204 τοῦ
698 4137 869 4224 χειμάρρου
884 4134 933 4202 τέ-
977 4136 1205 4216 ingruentem,
1223 4153 1299 4217 quae
1321 4139 1436 4200 omnia
1458 4140 1671 4220 cooperuisse
1694 4157 1728 4202 ο-

185 4244 269 4311 θεικε
284 4246 342 4329 τὴν
365 4242 489 4308 εἰκόνα·
512 4242 655 4327 καθάπερ
677 4245 739 4329 γδιρ
762 4245 779 4309 ό
802 4241 932 4330 χείμαρ-
976 4241 1093 4320 ptnvit.
1110 4242 1195 4322 Apta
1217 4245 1333 4304 autem
1356 4243 1515 4307 torrentis
1532 4242 1727 4306 similitudi-

185 4349 240 4435 ρος
262 4348 300 4411 ἐκ
325 4345 451 4412 πολλῶν
474 4344 694 4432 ἀθροιζόμενος
716 4348 835 4432 ὀχετῶν
858 4367 933 4432 σρο-
977 4362 1056 4407 nem
1072 4345 1200 4425 posuit:
1225 4346 1315 4410 sieut
1330 4347 1422 4410 enim
1437 4352 1569 4410 torrens
1584 4365 1626 4410 ex
1642 4349 1729 4411 mul·

186 4453 332 4539 δρότερος
357 4449 487 4538 γίνεται,
515 4454 614 4530 οὕτως
637 4451 666 4517 οἱ
693 4461 867 4536 τηνικαῦτα
893 4461 932 4537 τῇ
977 4450 1022 4512 tis
1037 4449 1195 4512 laticibus
1219 4450 1380 4514 eollectus
1403 4450 1621 4514 vehementer
1644 4452 1724 4530 ruit,

185 4557 400 4646 Ἰερουσαλὴμ
414 4555 655 4644 προσόαλόντες,
679 4558 718 4622 ἐκ
732 4557 857 4622 πολλῶν
879 4557 934 4622 καὶ
979 4555 1026 4617 ita
1052 4555 1112 4636 qni
1149 4559 1231 4617 tune
1266 4555 1427 4636 temporis
1458 4555 1728 4638 Hierosolymam

186 4662 344 4748 διαφόρων
366 4662 461 4728 ἐθνῶν
484 4660 763 4746 συνηθροίσθησαν,
780 4659 864 4725 ἀλλά
879 4681 935 4724 κα-
979 4658 1197 4740 impetebant,
1210 4674 1252 4720 ex
1262 4658 1420 4739 plurimis
1435 4675 1475 4720 aa
1490 4657 1632 4721 diversis
1646 4675 1736 4736 gen-f

185 4766 362 4851 τελόθησαν
384 4761 481 4851 ψήφῳ
497 4759 618 4850 δικαίᾳ·
633 4775 725 4829 τοῦτο
747 4765 809 4849 γάρ
825 4763 842 4828 δ
861 4783 936 4847 προ-
979 4764 1072 4827 tibus
1106 4761 1331 4840 cogebantur.
1366 4763 1607 4825 Verumtamen
1634 4761 1729 4842 justa

187 4870 293 4958 φήτης
306 4870 457 4938 διδάσκει.
984 4868 1045 4932 Dei
1064 4867 1233 4930 sententia
1255 4865 1409 4947 dissipati
1430 4870 1520 4929 sunt.
1544 4867 1614 4930 Ηοο
1636 4867 1727 4930 enim

983 4971 1145 5053 propheta
1160 4967 1266 5032 donet.

221 5181 271 5238 Pe.
284 5196 392 5240 αιτιοι.
410 5199 439 5238 v.
456 5181 512 5238 3-5.
525 5182 592 5239 Vnt.
610 5181 637 5252 4,
650 5182 675 5237 θ.
688 5179 779 5236 Plura
796 5178 938 5254 prestitit
957 5174 1124 5236 Gorderius.
1137 5175 1158 5234 J
1159 5191 1205 5232 on.
1219 5189 1252 5245 ιι,
1265 5173 1291 5230 4.
1304 5172 1340 5230 in
1352 5173 1410 5232 fine
1423 5173 1460 5231 ei.
1473 5173 1649 5240 Theodoret.

272 5287 422 5331 arannem
441 5287 485 5350 ru,
505 5275 554 5332 ii.
