3966 6108
840 465 1047 530 ausanius
1665 451 1728 533 soa

169 599 453 689 προηγορευμίνιον
484 599 593 686 μνείαν
622 600 844 687 ποιησάμενος,
871 603 921 686 ἔρ·
967 609 1041 668 stus
1060 605 1258 668 memoriam
1283 608 1443 687 recolens,
1459 610 1618 689 operibus
1641 629 1724 692 prae·

168 729 238 792 γοις
252 703 394 791 ἐπλήρου
409 706 450 772 a&
472 704 707 790 προρρηθέντα·
730 705 760 770 οἱ
782 707 922 792 μὲνγὰρ
968 711 1128 772 nuntiata
1150 710 1342 790 complevit.
1359 711 1413 774 Illi
1438 713 1583 776 enimin
1606 714 1722 778 divino

170 811 332 898 Πνειίματι
350 808 429 893 θείῳ
448 807 631 894 προίλεγον,
654 808 860 890 θεσπίζυντες
882 812 923 876 τὰ
968 815 1098 896 Spiritu
1109 813 1347 896 praedicebant,
1356 815 1582 880 vaticinantes
1596 835 1636 880 ea
1648 835 1723 898 quae

168 915 328 1002 μίλλοντα
336 912 465 980 ἔσεσθαι
475 913 528 979 ὑπ’
541 915 649 995 αὐτοῦ,
661 923 855 999 προορῶντες
867 915 923 980 αθ·
966 918 1009 981 ab
1025 918 1098 998 ipso
1113 918 1230 981 futura
1242 921 1348 998 erant,
1367 918 1540 983 mirabilia
1559 919 1632 1001 ejus
1648 939 1722 1002 pro-

168 1030 224 1086 τοῶ
238 1021 279 1087 τθι
294 1018 462 1104 θαυμάσια.
478 1016 605 1084 Αὐτίκα
619 1027 696 1104 γοῦν
711 1038 807 1103 φησιν
821 1017 920 1084 Ἡσα-
966 1023 1158 1102 spioientes.
1184 1021 1306 1084 Statim
1334 1021 1444 1100 igitur
1463 1023 1578 1103 inquit
1603 1025 1722 1089 isaias:

169 1126 238 1202 ίας·
254 1121 320 1190 Καί
335 1124 426 1186 ἔσται
440 1129 559 1207 σημεῖα
572 1123 627 1186 καί
641 1119 759 1206 τέρατα
774 1122 807 1187 ἐν
822 1129 865 1206 τῷ
880 1121 923 1184 ol·
969 1147 986 1184 ιι
1011 1127 1055 1188 Et
1076 1131 1178 1190 erunt
1199 1126 1303 1202 signa
1325 1129 1360 1188 et
1382 1129 1539 1206 portenta
1565 1127 1601 1191 in
1618 1129 1724 1192 domo

171 1249 220 1314 κιρ
234 1225 376 1311 Ἰσραήλ
399 1223 465 1292 Καὶ
484 1225 599 1291 πάλιν·
623 1225 704 1292 Τότε
719 1224 923 1312 ἀνοιχθήσον-
967 1229 1081 1292 Israel.
1103 1231 1181 1292 »Et
1203 1229 1345 1292 iterum:
1372 1231 1501 1292 «Tune
1528 1232 1727 1311 aperientur

170 1353 224 1396 ται
237 1329 394 1416 ὀφθαλμοί
408 1329 543 1415 τυφλῶν,
556 1332 610 1394 καί
622 1329 688 1394 ιὀτα
699 1339 815 1415 κυφῶν
827 1329 921 1394 ἀκού·
966 1332 1057 1394 oonli
1086 1348 1265 1410 ooeoorum,
1282 1335 1317 1394 et
1338 1348 1439 1395 aures
1465 1333 1647 1397 surdorum
1664 1353 1724 1398 au·

167 1455 286 1516 οονται,
302 1435 357 1498 καί
371 1433 443 1499 τότε
455 1432 576 1498 ἀλεῖται
588 1430 630 1511 ὡς
642 1432 761 1518 ἔλαφος
776 1433 921 1518 ὁχιολδς,
967 1434 1070 1513 dient,
1079 1439 1113 1497 et
1123 1441 1206 1498 tuno
1218 1435 1318 1497 saliet
1328 1433 1471 1498 claudus
1484 1437 1575 1500 siout
1589 1453 1722 1518 cervus,

167 1541 224 1604 καὶ
238 1537 337 1623 τρίινη
360 1539 450 1604 ἔσται
471 1537 603 1623 γλῶσσα
623 1537 834 1625 μογγιλάλιον.
857 1537 923 1604 Καί
967 1543 1001 1602 et
1026 1537 1153 1602 diserta
1179 1538 1244 1600 erit
1268 1538 1391 1616 lingna
1420 1538 1644 1604 balborum.»
1678 1543 1722 1606 Et

168 1647 231 1710 δοα
244 1653 376 1710 τοιαῦτα
398 1643 433 1710 lv
448 1652 516 1721 ταῖς
539 1641 744 1728 προφητείαις
760 1645 816 1730 μὲν
839 1643 922 1727 εἴρη-
967 1658 1191 1722 quaecumque
1207 1657 1306 1721 porro
1329 1643 1457 1706 similia
1476 1643 1513 1706 iu
1536 1646 1726 1726 prophetiis

168 1769 231 1814 ται.
249 1747 369 1814 Μνείαν
391 1747 427 1812 δὲ
450 1746 568 1812 τούτων
590 1747 727 1831 Χριστὸς
749 1745 922 1831 ἐποιήσατο
966 1747 1159 1811 dictasunt.
1172 1749 1301 1810 Horum
1314 1751 1429 1810 autem
1438 1748 1649 1812 mirabilium
1658 1733 1725 1814 me·

171 1860 234 1918 τῶν
248 1850 446 1937 θαυμασίων,
467 1852 570 1935 ἔργοις
592 1849 743 1916 ἐπιτελῶν
758 1849 799 1914 τὰ
819 1869 923 1932 προει-
967 1839 1109 1914 moriam
1126 1850 1280 1914 Christus
1296 1849 1385 1930 feeit,
1409 1852 1569 1933 operibus
1585 1871 1626 1916 ea
1649 1869 1726 1934 quae

170 1955 303 2042 ρημίνα,
316 1955 391 2020 ὡσεὶ
405 1955 527 2042 ἔλεγεν·
542 1952 740 2038 Εὐχαριστία
753 1955 808 2018 καί
824 1973 923 2038 μεγα-
966 1955 1129 2037 praediota
1157 1954 1304 2034 fuerant,
1327 1954 1526 2036 adimplens.
1551 1960 1598 2020 Αο
1620 1960 1650 2022 si
1677 1959 1727 2022 di-

175 2058 349 2144 λοπρέπεια
358 2060 395 2124 τὸ
406 2061 499 2144 ἔργον
511 2061 723 2124 attentatae
734 2058 763 2122 δ’
772 2059 857 2143 οίμαι
868 2059 924 2123 τὸν
967 2059 1088 2122 nisset:
1115 2059 1311 2122 Gratiarum
1334 2059 1422 2121 aotio
1445 2077 1485 2122 ao
1500 2061 1725 2139 magnificen-

178 2163 315 2249 Χριστὸν
326 2165 415 2246 είναι,
426 2165 462 2242 ὃς
472 2165 528 2228 καί
538 2160 721 2247 δικαιοσύνη
733 2161 817 2230 Θεοῦ
828 2163 923 2249 ἐστιν,
966 2162 1016 2225 tia
1030 2178 1115 2244 opus
1138 2159 1222 2241 ejus.
1240 2161 1335 2237 Quod
1358 2177 1438 2225 vero
1457 2179 1542 2244 opus
1566 2165 1725 2230 existimo

171 2267 214 2347 ὡς
233 2277 294 2334 τῶν
309 2270 410 2354 ἔργον
425 2266 649 2354 ἐξομολόγησις
662 2268 717 2331 καί
729 2265 924 2354 μεγαλοπρὲ-
967 2266 1081 2347 ipsum
1098 2283 1171 2329 esse
1192 2266 1375 2344 Christum,
1391 2267 1451 2347 qui
1469 2268 1572 2330 etiam
1587 2269 1649 2333 Dei
1668 2270 1724 2351 ju-

171 2393 256 2439 πεια
428 2397 432 2402 ·
965 2373 1061 2436 stitia
1082 2375 1143 2450 est,
1175 2375 1292 2452 utpote
1322 2387 1463 2461 operum
1489 2372 1656 2438 ooniessio
1686 2381 1721 2438 et

971 2475 1240 2556 magnificentia.
1672 2488 1675 2504 ι

217 2604 251 2649 ν,
274 2585 341 2648 5-8.
358 2582 489 2669 Τροφήν
511 2582 611 2648 ἔδωκε
633 2590 699 2660 τοῖς
718 2579 922 2668 φοδουμίνοις
1011 2598 1042 2642 ν.
1058 2581 1124 2643 5·8.
1142 2581 1260 2644 Eleum
1273 2577 1361 2642 dedu
1383 2579 1571 2647 tamencum
1593 2599 1638 2663 se,
1659 2599 1727 2647 me-

170 2687 276 2768 αὐτδν,
295 2685 509 2774 μνησθήσεται
524 2687 568 2765 είς
583 2689 640 2777 τὸν
649 2686 748 2752 αἰῶνα
764 2683 922 2771 διαθήκης
965 2701 1037 2747 ναῶν·
1050 2683 1162 2748 σνίίία
1175 2681 1328 2749 samiam
1342 2685 1526 2748 arianensi
1539 2687 1627 2750 eui...
1646 2687 1722 2768 Ope·

169 2794 302 2860 αίιτοῶ...
324 2793 431 2878 Ἔργα
452 2801 566 2879 χειρῶν
590 2792 688 2856 αὐτοῦ
710 2789 846 2876 ἀλήθεια
867 2793 923 2855 καὶ
965 2787 1726 2872 αααοααααοραοοανίουοίρ·κιίι“α“αα,ρίῶείιίι

168 2896 278 2983 κρίσις,
293 2899 401 2963 πισταί
421 2905 523 2962 πᾶσαι
544 2896 577 2962 αἱ
600 2896 726 2963 ἐντολαὶ
748 2897 856 2980 αὑτοῦ,
872 2895 923 2960 io·
965 2892 1074 2958 omnio
1091 2891 1245 2956 αιοκιίιιία
1259 2889 1341 2971 ejus,
1368 2891 1557 2963 οοκιῖαικοία
1579 2895 1616 2958 ia
1630 2910 1726 2960 οαοιι-

169 3001 358 3089 τηριγμέναι
379 3002 424 3079 είς
446 3003 500 3067 τὸν
523 3001 624 3066 αἰῶνα
644 3009 701 3066 τοῦ
723 3001 845 3082 αἰῶνος,
869 3021 923 3064 πε-
967 2996 1037 3062 lant
1050 2994 1327 3078 aestimabilia
1341 2994 1519 3062 samaraei
1534 2998 1694 3080 equitate.

169 3105 338 3193 ποιημίναι
353 3107 388 3172 ἐν
403 3104 538 3191 ἀληθεία
552 3107 607 3170 καί
622 3103 778 3190 εὐθθτητι.

215 3210 281 3276 Καὶ
302 3219 403 3276 ταῦτα
425 3218 482 3294 τῆς
504 3217 617 3294 καινής
639 3207 795 3294 διαθήκης
821 3210 923 3274 οίκεῖα
1010 3209 1124 3271 Etiam
1150 3206 1222 3270 haeo
1252 3208 1331 3271 novi
1355 3207 1562 3272 Testamenti
1586 3206 1727 3288 propria

171 3314 332 3402 τυγχάνει,
356 3312 537 3400 ἁρμόζοντα
559 3321 598 3398 τῇ
622 3313 782 3398 εἰσαγωγῇ
805 3313 860 3377 καί
883 3321 922 3397 τη
966 3316 1057 3390 sunt,
1083 3315 1154 3374 tam
1178 3311 1327 3374 ineundo
1354 3327 1458 3392 quam
1492 3311 1726 3374 confirmando

172 3417 368 3506 στοιχεμίισει
389 3426 447 3503 της
470 3417 681 3504 εδαγγελικης
705 3412 921 3491 διδασκαλίας.
966 3417 1138 3494 evangelii
1161 3416 1360 3494 magisterio
1381 3421 1621 3480 eonsentanea.
1645 3419 1727 3491 Qua

171 3521 433 3607 'livonicorum
457 3521 561 3606 ἀλλ’ἢ
577 3521 614 3585 τὸ
627 3529 746 3606 γνῶναι
759 3517 845 3604 ήμῶς
866 3520 922 3583 καί
966 3535 1066 3601 porro
1092 3518 1173 3598 haeo,
1198 3520 1265 3582 nisi
1289 3523 1327 3582 ut
1349 3536 1410 3583 nos
1427 3520 1598 3584 discamus
1621 3523 1724 3599 atque

169 3626 279 3714 μαθεῖν
294 3627 342 3692 δτι
355 3628 397 3692 τίι
410 3635 523 3711 καινῆς
545 3625 701 3711 διαθήκης
716 3626 797 3712 ἔργα
811 3626 871 3688 ουκ
884 3623 921 3707 ή-
966 3628 1155 3703 teneamus,
1182 3625 1261 3688 novi
1288 3625 1484 3688 testamenti
1514 3642 1626 3706 opera,
1656 3641 1724 3688 non

170 3753 230 3797 σαν
245 3732 279 3797 ἐν
293 3732 402 3810 τύποις
417 3735 471 3796 καί
487 3738 590 3808 σκιαῖς
604 3732 660 3795 καί
675 3728 852 3815 συμδόλοις,
869 3729 922 3793 οία
967 3747 1040 3793 esse
1048 3731 1083 3793 in
1093 3730 1184 3813 typis
1194 3733 1228 3792 et
1237 3728 1366 3792 umbris
1374 3747 1413 3792 ao
1424 3729 1598 3812 symbolis,
1607 3729 1724 3810 qualia

169 3838 210 3902 τὰ
227 3839 315 3921 παρὰ
338 3835 468 3921 Μωυσῇ,
492 3834 563 3899 ἀλλ’
575 3833 710 3919 ἀλήθεια
724 3834 765 3918 ήν
788 3835 829 3898 τίι
843 3834 923 3918 ἔργα
960 3833 1048 3898 ¹sunt
1062 3836 1220 3912 mosaica,
1236 3833 1295 3895 sed
1311 3833 1489 3897 veritatem
1503 3850 1576 3897 esse
1597 3833 1723 3897 Christi
1759 3827 1765 3839 “

169 3942 276 4024 αὐτοῦ,
289 3941 337 4006 διὸ
348 3940 511 4006 λέλεκται·
527 3935 567 4004 Ἦ
577 3938 670 4026 χάρις
686 3940 741 4004 καί
752 3936 772 4022 ή
785 3935 921 4022 ἀλήθεια
966 3939 1091 4020 operat
1108 3937 1202 4002 Unde
1218 3937 1348 4001 dietum
1364 3940 1429 4000 est:
1456 3938 1605 4001 «Gratia
1622 3941 1657 4000 et
1668 3953 1725 3999 ve-

167 4047 220 4111 διθι
234 4046 344 4131 Ἰησοῦ
358 4045 498 4131 Χριστοῦ
522 4046 658 4134 ἐγένετο.
669 4043 760 4131 ιΠρὸς
782 4043 817 4107 δὲ
832 4052 871 4128 τῇ
888 4041 923 4106 ἀ-
966 4043 1050 4105 ritas
1059 4059 1118 4123 per
1125 4059 1203 4105 eum
1211 4040 1301 4104 faeta
1311 4045 1423 4104 sunt.»
1437 4044 1485 4105 Ao
1497 4047 1619 4122 praeter
1635 4042 1722 4104 veri·

166 4149 289 4238 ληθείφ,
306 4151 361 4214 καὶ
378 4149 479 4235 κρίσις
493 4151 534 4235 ήν
556 4152 597 4215 τὰ
611 4151 691 4235 ἔργα
705 4157 761 4214 τοῦ
777 4155 921 4232 σωτῆρος
967 4149 1083 4225 tatem,
1099 4145 1202 4207 etiam
1224 4143 1394 4224 judicium
1418 4149 1516 4208 erant
1538 4145 1723 4209 salvatoris

168 4253 333 4340 ήμῶν·διὸ
344 4255 466 4340 εἴρηται
478 4257 511 4321 ἐν
522 4251 640 4341 Ἠσαίᾳ
651 4257 723 4340 περὶ
735 4254 842 4319 αὐτοῦ·
853 4250 920 4316 Καί
967 4253 1074 4315 nostri
1086 4267 1198 4331 opera.
1208 4249 1303 4315 Unde
1313 4252 1349 4313 in
1359 4253 1446 4314 isaia
1454 4250 1494 4314 de
1506 4251 1578 4331 ipso
1590 4249 1719 4314 dietum

167 4360 257 4424 ἔσται
274 4358 458 4444 δικαιοσύνη
475 4358 652 4447 ἑζιοσμίνος
667 4361 726 4444 τήν
742 4359 851 4444 ὀσφὺν,
868 4357 923 4420 καί
968 4360 1035 4421 est:
1055 4359 1126 4420 «Et
1137 4358 1202 4441 erit
1212 4355 1350 4436 justitia
1361 4357 1493 4420 einotus
1507 4356 1597 4419 oiroa
1611 4372 1721 4433 renes,

167 4461 301 4549 ἀληθεία
317 4463 505 4550 εἰλημμένος
523 4467 581 4544 τὰς
597 4461 745 4549 πλευράς.
762 4461 827 4528 Καὶ
842 4462 923 4527 ἐπει-
967 4459 1389 4525 etveritateoiroumdatus
1399 4458 1720 4522 inlateribussuis.»
1779 4547 1783 4556 .

169 4564 271 4652 δήπερ
286 4566 390 4648 οῡκὲξ
402 4569 503 4654 ἔργων
518 4567 615 4654 νόμου
627 4568 656 4632 oi
668 4577 723 4632 τοῦ
735 4564 923 4652 εὐαγγελίου
967 4567 1012 4629 Et
1022 4563 1158 4646 quando
1181 4563 1319 4644 quidem
1339 4580 1406 4627 non
1430 4563 1591 4640 exlegis
1614 4562 1722 4643 operi·

204 4857 232 4895 v.
245 4839 301 4895 [κθ.
320 4839 367 4894 Ex
380 4839 443 4896 eorl
456 4837 519 4894 eod.
532 4837 584 4894 nbi
597 4837 695 4894 omnia
707 4836 771 4893 sine
784 4835 924 4894 interval-
968 4843 1028 4885 non
1040 4824 1270 4895 sueosnoebitur,
1282 4843 1373 4899 quum
1392 4825 1490 4882 omnia
1502 4825 1627 4900 disjecta
1639 4831 1670 4882 et
1684 4825 1726 4882 la·

171 4925 200 4981 lo
221 4925 395 4998 junguntur,
412 4929 522 4998 praeter
545 4923 672 4996 logicam
693 4921 862 4996 argumenti
879 4939 924 4978 se·
967 4919 1070 4976 ,serata
1088 4911 1209 4983 videbit,
1231 4930 1309 4970 nuno
1327 4913 1382 4970 sub
1403 4913 1541 4988 Didymo,
1564 4931 1642 4970 nuno
1660 4912 1740 4970 aine'

170 5013 253 5082 riom,
266 5015 408 5085 perpetuo
425 5011 477 5067 filo
495 5027 514 5068 a
531 5008 635 5084 primis
652 5009 753 5068 verbis
770 5009 808 5065 ad
820 5007 926 5065 ultima
968 5001 1059 5058 ullius
1072 4997 1198 5066 nomine,
1211 4998 1275 5055 sine
1287 4999 1348 5056 ullo
1361 5017 1465 5074 sparsa
1477 4997 1664 5057 dimrimine?
1677 4998 1722 5054 Of.

168 5097 333 5154 deduolanu
347 5095 420 5165 Quis
434 5112 505 5168 ergo
517 5096 660 5153 adversm
678 5094 859 5164 Corrierium¹
873 5097 926 5176 apt
969 5089 990 5146 J
991 5106 1056 5144 oan.
1075 5103 1118 5158 111,
1138 5085 1216 5157 1;Is.
1230 5085 1392 5160 xr‚5,qnse
1408 5087 1474 5142 loos
1491 5103 1575 5144 saara
1586 5093 1639 5144 aut
1651 5086 1721 5143 Cor·

170 5184 235 5264 ejus
252 5181 467 5240 malesei-iatum
486 5188 516 5239 at
533 5181 768 5240 recentissimum
786 5179 923 5248 codicem,
969 5175 1068 5232 (larius
1082 5173 1202 5244 omittit,
1215 5179 1267 5228 aut
1279 5173 1353 5230 uitat
1365 5191 1527 5248 perperam.
