4008 6094
295 422 338 486 26
691 409 693 412 ’
958 420 1168 488 ORIGENES

295 561 347 626 1νοι
371 562 415 647 μὴ
439 559 631 645 ἐπιχαρῶσιν
654 557 683 624 οἱ
705 558 813 646 ἐχθροί
836 580 905 646 μου,
926 559 958 624 ct
975 559 1039 646 ἠδη
1085 560 1238 625 ricerdis.
1262 563 1386 625 Verum
1410 579 1452 624 nc
1475 560 1751 643 supergaudeant
1766 563 1828 628 ini-

248 647 253 668 ⁸
295 667 352 731 καὶ
366 663 517 750 πρότερον
528 664 562 729 ἐν
573 671 617 750 τῷ
633 663 726 751 μόνον
737 663 928 749 σαλευθῆναι
941 661 1041 740 πόδας
1085 665 1165 729 mici
1187 665 1264 744 mei,
1287 665 1347 745 qui
1362 664 1491 746 pridem
1506 671 1541 730 et
1562 669 1666 748 prius,
1682 667 1763 731 dum
1779 685 1829 732 so·

296 789 366 854 μου,
389 765 439 833 ἐπ’
462 768 518 855 ἐμὲ
542 765 928 854 μεγαλορρημονήοαντες.
948 765 1041 854 Μέγα
1083 768 1255 832 lummodc
1270 767 1370 850 pedes
1385 769 1452 832 mei
1472 769 1704 850 movebantur,
1726 787 1829 851 super

295 874 357 959 γόιρ
387 871 504 938 ἔδωκεν
533 874 637 950 αὐτοῖς
663 871 734 937 κατ’
760 873 837 958 ἐμοῦ
865 879 989 958 φρονεῖν
1017 870 1039 956 ἡ
1084 889 1138 935 me
1166 888 1293 950 magna
1319 871 1554 952 loquebantur.
1584 876 1708 937 Ansam
1738 875 1829 938 enirn

295 974 445 1062 ἁμαρτία,
462 976 646 1043 οαλεόοασό
660 998 719 1063 μου
742 978 814 1052 τοὺς
828 975 937 1053 πόδας.
955 973 1041 1060 Ἐγὼ
1084 974 1271 1040 insultandi
1293 976 1378 1040 mihi
1393 978 1545 1056 graviter
1559 976 1652 1041 dedit
1668 977 1738 1041 illis
1755 994 1830 1058 pec

297 1081 334 1146 δὲ
355 1083 408 1147 ἐπὶ
429 1083 466 1146 οὲ
487 1080 676 1166 κατέφυγον.
699 1080 803 1146 Μόνον
826 1081 860 1146 δὲ
883 1081 920 1146 οὐ
942 1078 1041 1166 λόγον·
1086 1083 1199 1142 catum
1215 1079 1306 1160 quod
1320 1098 1412 1146 meos
1427 1081 1610 1145 commovit
1623 1081 1734 1162 pedes.
1756 1081 1832 1160 Ego

296 1183 375 1252 Ἐὰν
390 1183 487 1269 πέσω,
511 1183 582 1250 ἀλλ’
604 1186 660 1251 ἐὰν
682 1183 874 1250 costuma
897 1183 927 1249 οἱ
948 1183 1042 1263 πόδες
1087 1199 1167 1246 vero
1189 1183 1232 1246 ad
1253 1188 1288 1248 te
1310 1183 1460 1263 confugi.
1483 1186 1630 1250 Tantum
1649 1202 1717 1250 non
1739 1185 1830 1249 dico:

295 1311 365 1376 μου,
383 1289 722 1376 μεγαλορρημονοῦσιν,
745 1291 801 1354 καὶ
815 1287 969 1373 λέγουσιν,
993 1288 1042 1354 ότι
1086 1287 1121 1350 si
1135 1287 1324 1370 ceciderim,
1339 1289 1398 1353 sed
1412 1289 1441 1352 si
1452 1289 1553 1370 pedes
1568 1292 1833 1368 commoventur,

294 1395 372 1480 δρᾷς
387 1395 441 1460 τόν
456 1393 560 1480 δεῖνος
580 1395 637 1459 καὶ
652 1395 745 1471 αὐτὸς
765 1392 837 1458 τόδε
859 1389 1041 1478 πεποίηκεν,
1085 1407 1213 1470 magna
1223 1394 1422 1475 loquuntur,
1434 1399 1469 1458 81
1479 1395 1586 1458 aiunt:
1593 1394 1695 1458 Vides
1707 1394 1832 1458 istum?

296 1502 352 1564 καὶ
367 1497 468 1585 λέγων
483 1498 568 1582 τόδε,
584 1499 626 1564 τὰ
639 1495 766 1564 ἐναντία
779 1497 855 1562 τάδε
868 1494 976 1562 ἐποίει.
1000 1532 1041 1546 -
1086 1497 1131 1560 Ε1
1152 1499 1223 1578 ipse
1245 1498 1347 1562 hocce
1362 1498 1452 1578 fecit,
1468 1501 1503 1562 81
1525 1499 1587 1580 qui
1604 1499 1639 1562 in
1662 1515 1719 1561 ore
1735 1497 1835 1562 habe·

200 1600 203 1610 ’
296 1601 393 1688 Λέγει
407 1603 463 1668 οὖν
477 1604 593 1679 οὕτως·
607 1605 663 1667 καὶ
676 1603 712 1668 ἐν
726 1610 770 1688 τῷ
785 1601 976 1686 σαλευθῆναι
986 1599 1042 1666 πό-
1086 1600 1145 1664 bat
1165 1601 1243 1682 8118,
1266 1602 1334 1665 8118
1356 1605 1449 1665 18881
1462 1619 1573 1684 opere.
1593 1635 1632 1647 —
1650 1603 1706 1666 Sic
1727 1602 1837 1681 igitur

296 1707 353 1786 δας
369 1729 439 1793 μου,
455 1705 504 1774 ἐπ’
526 1708 583 1794 ἐμὲ
605 1705 965 1793 ἐμεγαλοόρημόνησαν·
986 1703 1042 1770 ἅλ-
1086 1706 1150 1768 ait:
1173 1705 1222 1767 Ec
1245 1705 1317 1786 ipso
1339 1710 1498 1786 tempore,
1516 1722 1628 1786 quum
1652 1705 1754 1787 pedes
1768 1706 1836 1768 mei

296 1810 359 1891 λιος
374 1813 409 1878 δὲ
424 1814 505 1900 μετὰ
517 1819 610 1877 τοῦτο
624 1809 773 1896 κρείττων
784 1809 837 1894 ὢν,
853 1811 927 1876 όοον
941 1810 992 1876 ἐπὶ
1003 1818 1042 1894 τῇ
1087 1806 1395 1888 commovebantur,
1410 1826 1513 1890 super
1529 1825 1583 1872 me
1605 1825 1733 1888 magna
1754 1808 1836 1873 effu·

295 1919 581 2003 προσωποποιΐρτῇ
594 1918 670 2000 πρὸς
678 1917 797 1982 ἐκεῖνον
806 1911 1042 2000 συγκρινομένη,
1086 1913 1225 1991 1188881,
1248 1912 1347 1974 aliter
1363 1929 1443 1976 vcro
1458 1916 1533 1993 post
1554 1911 1632 1976 haec
1651 1914 1771 1978 melior
1792 1911 1837 1976 ef·

294 2019 408 2106 φησίν·
422 2019 521 2107 'Epeo
535 2021 572 2085 δὲ
585 2022 673 2105 παρὰ
696 2022 806 2105 μικρὸν
820 2017 1039 2102 ἐσαλεύθησαν
1087 2015 1195 2080 fectus
1218 2015 1396 2098 (quantum
1419 2017 1470 2080 uti
1497 2017 1577 2080 licet
1602 2018 1834 2099 prosopopoeia

295 2124 326 2188 οἱ
340 2123 443 2202 πόδες.
459 2123 582 2191 Οὐκοῦν
598 2125 682 2188 οότοι
706 2124 762 2208 μὲν
776 2121 993 2206 ἐσαλεύθησαν
1012 2119 1042 2186 οἱ
1087 2138 1163 2202 quac
1185 2120 1228 2182 ad
1250 2136 1328 2184 eum
1351 2118 1535 2203 confertur)
1558 2121 1622 2184 ait:
1641 2122 1736 2184 «Mei
1760 2122 1834 2202 qui·

295 2226 399 2311 πόδες,
416 2229 500 2292 οότοι
511 2227 546 2292 δὲ
562 2229 671 2313 μικρὸν
686 2223 920 2310 ἑοοιλεόθησαν·
936 2224 1041 2310 μακά·
1088 2225 1165 2288 dem
1180 2226 1282 2305 paulo
1297 2226 1411 2289 minus
1427 2226 1584 2288 commoti
1596 2229 1677 2288 sunt
1690 2224 1833 2307 pedes.»

296 2351 362 2415 ριον
374 2331 409 2396 dt
420 2330 504 2416 ἡμᾶς
515 2329 660 2415 γενέσθαι
672 2333 715 2418 μὴ
728 2329 955 2416 σαλευομένους
966 2332 1040 2407 τοὺς
1088 2329 1193 2392 Iidem
1216 2329 1327 2406 igitur
1341 2327 1440 2409 pedes
1461 2328 1607 2393 cannati
1626 2333 1713 2407 8881,
1732 2329 1834 2393 iidem

296 2431 404 2517 πόδας,
421 2434 491 2499 ἀλλ’
506 2433 680 2520 ἑστηκότας
707 2434 758 2504 ἐπὶ
772 2437 830 2520 τὴν
852 2433 969 2520 πέτραν
990 2436 1044 2500 τόν
1086 2450 1167 2497 vero
1184 2434 1315 2515 «paulo
1330 2434 1445 2496 minus
1458 2431 1603 2497 effusi.»
1621 2434 1763 2497 Beatum
1777 2451 1836 2497 au·

296 2536 444 2621 Χριστόν.
1088 2542 1157 2601 tem
1172 2537 1269 2600 nobis
1284 2535 1353 2616 fiet,
1368 2553 1547 2617 nunquam
1563 2537 1766 2600 commoveri
1781 2553 1836 2617 pe·

1087 2641 1146 2706 des
1172 2645 1315 2720 nostros,
1341 2638 1399 2704 aed
1428 2640 1532 2703 statui
1567 2655 1670 2721 super
1694 2643 1836 2721 petram,

1090 2746 1272 2810 Christum.

342 2867 375 2914 v.
394 2851 444 2914 18.
460 2844 532 2916 Ὀτι
542 2849 606 2936 ἐγὼ
621 2849 666 2927 εἰς
678 2849 832 2936 μάστιγος
844 2849 1045 2936 ἕτοιμοςιιαὶ
1084 2889 1093 2906 ·
1131 2867 1163 2912 ν.
1189 2851 1239 2914 18.
1262 2849 1485 2931 Qucaicmepc
1504 2845 1840 2932 inflapellnpcratuc

298 2953 320 3040 ἡ
337 2952 485 3040 ἀλγηδὼν
501 2976 560 3042 μου
575 2953 705 3022 ἐνώπιόν
721 2976 780 3041 μου
796 2953 973 3034 διαπαντός
1086 2971 1170 3034 acm,
1196 2958 1228 3020 et
1240 2953 1330 3018 dolor
1343 2969 1432 3018 οιοοι
1445 2952 1483 3016 ic
1496 2955 1665 3034 οοιιτροοιο
1678 2967 1745 3015 mcc
1758 2967 1838 3018 acra·

342 3161 473 3247 Πρδςδέ
487 3162 544 3240 τὰς
566 3161 600 3242 ἐξ
622 3160 796 3247 αἰσθήσεως
819 3161 973 3248 μάστιγος
994 3161 1044 3228 εὖ·
1132 3162 1248 3238 Quoad
1276 3161 1415 3240 flagella
1437 3177 1512 3242 quae
1535 3156 1838 3238 888888811181881,

298 3269 416 3352 τρεπὴς
430 3263 511 3332 81ναί
521 3266 738 3354 macana
747 3268 809 3353 γὰρ
821 3266 871 3352 ἐρ’
884 3267 930 3344 οῖς
943 3267 1045 3353 ἦμαρ·
1089 3266 1173 3330 dicit
1194 3283 1229 3330 se
1252 3269 1445 3347 promptum
1474 3280 1563 3343 csse3
1586 3261 1720 3326 dolebat
1738 3264 1836 3327 ⁴enirn

298 3370 585 3458 repuerascam.
1089 3370 1236 3448 flagellis
1258 3369 1360 3450 plecti
1384 3368 1426 3432 ob
1448 3370 1586 3449 peccata
1607 3382 1680 3428 sna.

345 3497 377 3540 v.
397 3478 447 3558 19,
464 3479 515 3542 20.
531 3471 604 3542 Ὅτι
618 3477 677 3561 τὴν
692 3470 824 3559 ἀνομίαν
837 3495 896 3560 μου
912 3472 1045 3559 ἀναγγε·
1133 3489 1165 3535 ν.
1190 3475 1241 3552 19,
1264 3472 1317 3534 20.
1337 3470 1491 3548 ροοοοοοι
1505 3469 1710 3550 iniquitatem
1731 3483 1834 3534 οτοοοο

297 3579 354 3664 λῶ,
370 3581 425 3644 καὶ
441 3577 619 3666 μεριμνήσει)
634 3579 712 3665 ὑπὲρ
727 3587 785 3663 τῆς
799 3577 955 3664 ἁμαρτίας
975 3599 1045 3663 μου.
1090 3575 1295 3656 canonicato,
1321 3579 1353 3640 81
1373 3574 1512 3657 capitato
1527 3590 1591 3654 pro
1605 3579 1734 3653 peccato
1760 3589 1835 3636 οιεο.

298 3680 339 3748 Οἱ
354 3682 390 3747 δὲ
408 3679 517 3768 ἐχθροί
536 3704 595 3768 μου
617 3682 704 3766 ζῶσι,
724 3681 779 3746 καὶ
798 3681 1048 3768 οειιροιταίοινται
1093 3716 1131 3728 -
1148 3680 1282 3746 Inimici
1303 3682 1409 3743 οοίοοι
1435 3679 1499 3742 met
1519 3677 1642 3756 818881,
1672 3680 1705 3741 et
1725 3675 1838 3759 constr-

299 3788 378 3871 ὑπὲρ
393 3787 460 3874 ἐμὲ,
474 3788 530 3852 καὶ
540 3785 781 3872 ἐπληθύνθηοαν
792 3786 822 3852 οἱ
837 3785 996 3873 μισοῦντές
1008 3806 1047 3872 με
1091 3783 1173 3848 croti
1193 3786 1271 3847 8οοί
1283 3799 1381 3863 super
1394 3799 1454 3860 οιο,
1472 3785 1505 3847 81
1517 3781 1732 3862 multcplicuti
1748 3784 1835 3859 ιοοί,

298 3889 425 3967 ἀδίκως.
1092 3889 1151 3972 ρον·
1172 3887 1375 3952 8181881188
1395 3886 1518 3966 inique.

343 3993 492 4059 Διδάσκει
510 3991 591 4080 βάθη
608 3992 772 4078 ἀνθρώπου
787 4002 907 4058 πιστοῦ.
922 3989 1048 4058 Πολλά·
1136 3995 1239 4057 Docet
1256 4008 1317 4054 nos
1332 3989 1504 4071 proiunda
1519 4005 1594 4070 qnae
1610 3989 1645 4052 in
1660 3989 1734 4051 viro
1748 3987 1840 4052 fideli

297 4119 347 4175 κις
362 4100 425 4183 γὰρ
440 4096 542 4183 ἡμεῖς,
557 4097 587 4161 οἱ
602 4099 648 4161 ἔτι
659 4097 850 4184 ἁμαρτωλοὶ,
863 4098 919 4162 ἐὰν
932 4096 1048 4182 ἴδωμεν
1091 4101 1181 4160 sunt.
1194 4097 1429 4177 Saepenumero
1445 4093 1538 4155 eninr
1555 4107 1626 4170 nos,
1637 4093 1717 4155 11881
1727 4091 1838 4154 adhuc

305 4202 419 4290 ἐχθρὸν
440 4202 530 4289 ἡμῶν
553 4201 657 4280 ζῶντα
677 4205 733 4267 καὶ
754 4201 953 4286 εὐθηνοῦντα,
975 4223 1048 4267 σκυ-
1092 4207 1294 4285 peccatores,
1323 4199 1353 4262 si
1380 4199 1552 4262 cernimus
1579 4197 1755 4260 inimicum
1781 4213 1838 4259 no-

344 4412 583 4479 Rurrnusinc.
600 4413 651 4491 19,
669 4411 1048 4492 commentaremur
1091 4409 1263 4491 spondent,
1291 4406 1422 4470 etiarnsi
1449 4403 1577 4470 inimici
1602 4403 1666 4468 mei
1688 4408 1749 4468 818.
1773 4421 1838 4483 ego

303 4520 365 4566 nos
398 4507 598 4583 peccatores,
629 4501 658 4564 si
688 4500 863 4563 videamus
893 4501 1049 4564 inimicos
1092 4505 1206 4561 tamen
1220 4495 1359 4578 capitato
1367 4511 1431 4576 pro
1440 4499 1569 4574 peccato
1582 4509 1659 4557 οοτο.
1674 4493 1838 4558 1118811111·

301 4595 432 4654 8881888
447 4592 611 4668 viventes,
626 4588 777 4652 88818888
793 4587 946 4670 (Rufinus
962 4591 1049 4668 legit
1086 4585 1208 4669 pliccti
1235 4591 1296 4650 818.
1320 4582 1529 4663 Impossibile
1552 4586 1603 4645 881
1625 4583 1661 4645 18
1683 4582 1747 4645 hac
1768 4583 1840 4645 vita

300 4677 439 4754 εόθαδεῑς
454 4677 546 4753 ὄντας
558 4694 618 4759 pro
630 4673 859 4759 εὐθηνοῠντας),
871 4679 1047 4741 888181818-
1092 4677 1239 4757 positum
1254 4672 1330 4736 odio
1346 4689 1412 4734 non
1429 4670 1556 4733 haberi.
1572 4670 1725 4735 Christus
1736 4671 1837 4734 Jesus

301 4785 388 4848 mur,
405 4774 438 4830 81
453 4768 608 4849 querelas
623 4765 785 4830 adversus
802 4765 952 4829 divinam
975 4783 1050 4847 pro-
1093 4765 1169 4829 odio
1195 4761 1332 4826 habitus
1355 4763 1469 4823 881...
1493 4759 1577 4840 Opto
1600 4764 1640 4822 81
1661 4776 1740 4822 curn
1762 4759 1839 4822 odio

301 4856 485 4920 videntiam
501 4855 684 4920 fundimus.
702 4855 766 4931 Qui
785 4859 899 4919 autem
923 4855 1048 4918 salvari
1093 4853 1229 4931 habear,
1252 4851 1338 4914 sciat
1359 4849 1565 4912 conscientia
1587 4866 1663 4912 mea
1680 4849 1839 4928 quoniam

302 4945 387 5023 vult,
402 4945 445 5008 ad
460 4945 532 5008 haec
547 4945 661 5010 omnia
675 4961 808 5026 semper
827 4946 890 5009 hoc
913 4943 978 5007 sibi
1002 4960 1050 5006 re·
1094 4941 1220 5023 injuste
1235 4939 1350 5003 odium
1367 4938 1485 5018 patior.
1503 4938 1565 5000 BB.
1582 4938 1655 5016 688,
1673 4937 1746 5000 689.

337 5155 365 5194 v.
380 5137 422 5194 rs.
435 5137 502 5197 88.
517 5135 558 5191 15.
1130 5151 1157 5190 v.
1173 5133 1215 5202 19,
1227 5131 1270 5188 no.
1283 5111 1406 5187 8888.
