<?xml version="1.0" encoding="UTF-8"?>
<!DOCTYPE html PUBLIC "-//W3C//DTD XHTML 1.0 Transitional//EN"
    "http://www.w3.org/TR/xhtml1/DTD/xhtml1-transitional.dtd">
<html xmlns="http://www.w3.org/1999/xhtml" xml:lang="en" lang="en">
 <head>
  <title>
</title>
<meta http-equiv="Content-Type" content="text/html;charset=utf-8" />
  <meta name='ocr-system' content='tesseract 3.04.00' />
  <meta name='ocr-capabilities' content='ocr_page ocr_carea ocr_par ocr_line ocrx_word'/>
</head>
<body>
  <div class='ocr_page' id='page_1' title='image "./analectasacrasp00pitrgoog_0342.png"; bbox 0 0 4006 6090; ppageno 0'>
   <div class='ocr_carea' id='block_1_1' title="bbox 778 428 1730 544">
    <p class='ocr_par' dir='ltr' id='par_1_1' title="bbox 778 428 1730 544">
     <span class='ocr_line' id='line_1_1' title="bbox 778 428 1730 544; baseline 0.012 -37"><span class='ocrx_word' id='word_1_1' title='bbox 778 428 780 434; x_wconf 83' lang='lat'>&#39;</span> <span class='ocrx_word' id='word_1_2' title='bbox 853 445 1107 544; x_wconf 71' lang='lat' dir='ltr'>massanos</span> <span class='ocrx_word' id='word_1_3' title='bbox 1670 453 1730 518; x_wconf 80' lang='lat'>331</span> 
     </span>
    </p>
   </div>
   <div class='ocr_carea' id='block_1_2' title="bbox 94 581 1817 4632">
    <p class='ocr_par' dir='ltr' id='par_1_2' title="bbox 186 581 1731 772">
     <span class='ocr_line' id='line_1_2' title="bbox 232 581 1731 674; baseline 0.007 -27"><span class='ocrx_word' id='word_1_4' title='bbox 232 601 264 647; x_wconf 87' lang='grc' dir='ltr'>ν.</span> <span class='ocrx_word' id='word_1_5' title='bbox 280 586 312 648; x_wconf 88' lang='lat'>9.</span> <span class='ocrx_word' id='word_1_6' title='bbox 328 581 367 648; x_wconf 87' lang='grc' dir='ltr'>Οἱ</span> <span class='ocrx_word' id='word_1_7' title='bbox 388 582 481 666; x_wconf 79' lang='grc' dir='ltr'>ἱερεῖς</span> <span class='ocrx_word' id='word_1_8' title='bbox 496 603 553 648; x_wconf 88' lang='grc' dir='ltr'>σου</span> <span class='ocrx_word' id='word_1_9' title='bbox 575 581 756 648; x_wconf 78' lang='grc' dir='ltr'>ἐνδύσονται</span> <span class='ocrx_word' id='word_1_10' title='bbox 779 581 935 648; x_wconf 83' lang='grc' dir='ltr'>δικαιοσύ</span> <span class='ocrx_word' id='word_1_11' title='bbox 1025 605 1056 649; x_wconf 89' lang='grc' dir='ltr'>ν.</span> <span class='ocrx_word' id='word_1_12' title='bbox 1084 590 1114 650; x_wconf 89' lang='grc'>9.</span> <span class='ocrx_word' id='word_1_13' title='bbox 1141 585 1328 652; x_wconf 75' lang='lat' dir='ltr'><em>Sacerdotes</em></span> <span class='ocrx_word' id='word_1_14' title='bbox 1352 589 1404 653; x_wconf 81' lang='lat' dir='ltr'><em>tca‘</em></span> <span class='ocrx_word' id='word_1_15' title='bbox 1428 589 1605 657; x_wconf 80' lang='lat' dir='ltr'><em>iadaoatar</em></span> <span class='ocrx_word' id='word_1_16' title='bbox 1622 592 1731 674; x_wconf 81' lang='lat' dir='ltr'>jasti-</span> 
     </span>
     <span class='ocr_line' id='line_1_3' title="bbox 186 685 1730 772; baseline 0.006 -20"><span class='ocrx_word' id='word_1_17' title='bbox 186 707 253 772; x_wconf 84' lang='grc' dir='ltr'>νην,</span> <span class='ocrx_word' id='word_1_18' title='bbox 269 689 324 751; x_wconf 91' lang='grc' dir='ltr'>καί</span> <span class='ocrx_word' id='word_1_19' title='bbox 340 686 369 751; x_wconf 94' lang='grc' dir='ltr'>οἱ</span> <span class='ocrx_word' id='word_1_20' title='bbox 384 686 463 752; x_wconf 88' lang='grc' dir='ltr'>όσιοί</span> <span class='ocrx_word' id='word_1_21' title='bbox 478 708 536 752; x_wconf 94' lang='grc' dir='ltr'>σου</span> <span class='ocrx_word' id='word_1_22' title='bbox 551 685 810 772; x_wconf 81' lang='grc' dir='ltr'>όγοιλλιόσοντοιι.</span> <span class='ocrx_word' id='word_1_23' title='bbox 981 689 1070 768; x_wconf 83' lang='lat' dir='ltr'><em>tiara,</em></span> <span class='ocrx_word' id='word_1_24' title='bbox 1089 694 1121 755; x_wconf 88' lang='lat' dir='ltr'>et</span> <span class='ocrx_word' id='word_1_25' title='bbox 1133 691 1240 756; x_wconf 83' lang='lat' dir='ltr'>scorti</span> <span class='ocrx_word' id='word_1_26' title='bbox 1253 693 1305 756; x_wconf 79' lang='lat' dir='ltr'>tat</span> <span class='ocrx_word' id='word_1_27' title='bbox 1319 693 1516 761; x_wconf 83' lang='lat' dir='ltr'><em>eeattctc&#39;oae</em></span> <span class='ocrx_word' id='word_1_28' title='bbox 1530 698 1730 765; x_wconf 79' lang='lat' dir='ltr'><em>ecocttabaat.</em></span> 
     </span>
    </p>

    <p class='ocr_par' dir='ltr' id='par_1_3' title="bbox 94 789 1768 2644">
     <span class='ocr_line' id='line_1_4' title="bbox 229 789 1733 878; baseline 0.007 -22"><span class='ocrx_word' id='word_1_29' title='bbox 229 789 345 856; x_wconf 81' lang='grc' dir='ltr'>Οὐκέτι</span> <span class='ocrx_word' id='word_1_30' title='bbox 370 793 449 875; x_wconf 83' lang='grc' dir='ltr'>ρηοί</span> <span class='ocrx_word' id='word_1_31' title='bbox 486 793 571 856; x_wconf 80' lang='grc' dir='ltr'>κατὰ</span> <span class='ocrx_word' id='word_1_32' title='bbox 596 792 651 856; x_wconf 88' lang='grc' dir='ltr'>τόν</span> <span class='ocrx_word' id='word_1_33' title='bbox 688 789 783 876; x_wconf 88' lang='grc' dir='ltr'>νόμον</span> <span class='ocrx_word' id='word_1_34' title='bbox 809 790 963 871; x_wconf 68' lang='grc' dir='ltr'>στολὰς·</span> <span class='ocrx_word' id='word_1_35' title='bbox 1024 794 1162 858; x_wconf 87' lang='lat' dir='ltr'><strong>Minime</strong></span> <span class='ocrx_word' id='word_1_36' title='bbox 1193 796 1345 877; x_wconf 87' lang='lat' dir='ltr'>loquitur</span> <span class='ocrx_word' id='word_1_37' title='bbox 1374 797 1415 862; x_wconf 89' lang='lat' dir='ltr'>de</span> <span class='ocrx_word' id='word_1_38' title='bbox 1440 800 1610 878; x_wconf 79' lang='lat' dir='ltr'>legalibus</span> <span class='ocrx_word' id='word_1_39' title='bbox 1633 804 1733 868; x_wconf 89' lang='lat' dir='ltr'>indu·</span> 
     </span>
     <span class='ocr_line' id='line_1_5' title="bbox 186 893 1768 982; baseline 0.008 -24"><span class='ocrx_word' id='word_1_40' title='bbox 186 893 257 959; x_wconf 83' lang='grc' dir='ltr'>ἀλλ’</span> <span class='ocrx_word' id='word_1_41' title='bbox 268 896 368 980; x_wconf 78' lang='grc' dir='ltr'>αὐτην</span> <span class='ocrx_word' id='word_1_42' title='bbox 382 896 441 980; x_wconf 79' lang='grc' dir='ltr'>την</span> <span class='ocrx_word' id='word_1_43' title='bbox 460 895 678 980; x_wconf 88' lang='grc' dir='ltr'>δικαιοσύνην·</span> <span class='ocrx_word' id='word_1_44' title='bbox 701 895 884 979; x_wconf 78' lang='grc' dir='ltr'>δικαιοσύνη</span> <span class='ocrx_word' id='word_1_45' title='bbox 901 895 937 960; x_wconf 84' lang='grc' dir='ltr'>δὲ</span> <span class='ocrx_word' id='word_1_46' title='bbox 980 898 1115 976; x_wconf 84' lang='lat' dir='ltr'>mentis,</span> <span class='ocrx_word' id='word_1_47' title='bbox 1131 898 1190 962; x_wconf 90' lang='lat' dir='ltr'>sed</span> <span class='ocrx_word' id='word_1_48' title='bbox 1206 898 1247 963; x_wconf 88' lang='lat' dir='ltr'>de</span> <span class='ocrx_word' id='word_1_49' title='bbox 1264 901 1337 980; x_wconf 88' lang='lat' dir='ltr'>ipsa</span> <span class='ocrx_word' id='word_1_50' title='bbox 1348 899 1501 980; x_wconf 80' lang='lat' dir='ltr'>justitia:</span> <span class='ocrx_word' id='word_1_51' title='bbox 1522 903 1660 982; x_wconf 78' lang='lat' dir='ltr'>Justitia</span> <span class='ocrx_word' id='word_1_52' title='bbox 1674 925 1735 970; x_wconf 87' lang='lat' dir='ltr'>au·</span> <span class='ocrx_word' id='word_1_53' title='bbox 1767 897 1768 900; x_wconf 48' lang='lat'>&#39;</span> 
     </span>
     <span class='ocr_line' id='line_1_6' title="bbox 184 995 1731 1092; baseline 0.008 -30"><span class='ocrx_word' id='word_1_54' title='bbox 184 998 362 1083; x_wconf 88' lang='grc' dir='ltr'>όΧριοτός.</span> <span class='ocrx_word' id='word_1_55' title='bbox 375 995 498 1083; x_wconf 85' lang='grc' dir='ltr'>Ὥσπερ</span> <span class='ocrx_word' id='word_1_56' title='bbox 510 999 652 1066; x_wconf 71' lang='grc' dir='ltr'>ἐνδύεταί</span> <span class='ocrx_word' id='word_1_57' title='bbox 666 1021 711 1077; x_wconf 89' lang='grc' dir='ltr'>τις</span> <span class='ocrx_word' id='word_1_58' title='bbox 722 1000 933 1092; x_wconf 82' lang='grc' dir='ltr'>δικαιοσύνην,</span> <span class='ocrx_word' id='word_1_59' title='bbox 980 1003 1049 1063; x_wconf 79' lang='lat' dir='ltr'>tem</span> <span class='ocrx_word' id='word_1_60' title='bbox 1076 1001 1230 1067; x_wconf 85' lang='lat' dir='ltr'>Christus</span> <span class='ocrx_word' id='word_1_61' title='bbox 1254 1009 1315 1066; x_wconf 87' lang='lat' dir='ltr'>est.</span> <span class='ocrx_word' id='word_1_62' title='bbox 1342 1006 1630 1080; x_wconf 79' lang='lat' dir='ltr'>Quemadmodum</span> <span class='ocrx_word' id='word_1_63' title='bbox 1655 1012 1731 1090; x_wconf 88' lang='lat' dir='ltr'>quis</span> 
     </span>
     <span class='ocr_line' id='line_1_7' title="bbox 184 1099 1732 1191; baseline 0.006 -24"><span class='ocrx_word' id='word_1_64' title='bbox 184 1105 265 1167; x_wconf 88' lang='grc' dir='ltr'>ούτω</span> <span class='ocrx_word' id='word_1_65' title='bbox 280 1105 336 1167; x_wconf 86' lang='grc' dir='ltr'>καί</span> <span class='ocrx_word' id='word_1_66' title='bbox 358 1102 564 1189; x_wconf 77' lang='grc' dir='ltr'>σωφροσύνην</span> <span class='ocrx_word' id='word_1_67' title='bbox 586 1105 641 1168; x_wconf 88' lang='grc' dir='ltr'>καί</span> <span class='ocrx_word' id='word_1_68' title='bbox 661 1099 807 1189; x_wconf 77' lang='grc' dir='ltr'>ἀνδρείαν</span> <span class='ocrx_word' id='word_1_69' title='bbox 829 1106 885 1168; x_wconf 88' lang='grc' dir='ltr'>καί</span> <span class='ocrx_word' id='word_1_70' title='bbox 900 1105 935 1168; x_wconf 90' lang='grc' dir='ltr'>ἀ-</span> <span class='ocrx_word' id='word_1_71' title='bbox 979 1103 1092 1168; x_wconf 89' lang='lat' dir='ltr'>induit</span> <span class='ocrx_word' id='word_1_72' title='bbox 1115 1103 1297 1186; x_wconf 84' lang='lat' dir='ltr'>justitiam,</span> <span class='ocrx_word' id='word_1_73' title='bbox 1317 1107 1370 1170; x_wconf 50' lang='lat' dir='ltr'>¹ita</span> <span class='ocrx_word' id='word_1_74' title='bbox 1393 1113 1426 1172; x_wconf 80' lang='lat' dir='ltr'>et</span> <span class='ocrx_word' id='word_1_75' title='bbox 1459 1109 1675 1191; x_wconf 78' lang='lat' dir='ltr'>prudentiam</span> <span class='ocrx_word' id='word_1_76' title='bbox 1698 1117 1732 1176; x_wconf 80' lang='lat' dir='ltr'>ei</span> 
     </span>
     <span class='ocr_line' id='line_1_8' title="bbox 183 1208 1733 1295; baseline 0.003 -20"><span class='ocrx_word' id='word_1_77' title='bbox 183 1208 292 1294; x_wconf 87' lang='grc' dir='ltr'>γόιπην</span> <span class='ocrx_word' id='word_1_78' title='bbox 307 1211 362 1274; x_wconf 86' lang='grc' dir='ltr'>καί</span> <span class='ocrx_word' id='word_1_79' title='bbox 386 1208 601 1295; x_wconf 78' lang='grc' dir='ltr'>μακροθυμίαν</span> <span class='ocrx_word' id='word_1_80' title='bbox 621 1211 676 1273; x_wconf 83' lang='grc' dir='ltr'>καὶ</span> <span class='ocrx_word' id='word_1_81' title='bbox 697 1211 755 1288; x_wconf 84' lang='grc' dir='ltr'>τὰς</span> <span class='ocrx_word' id='word_1_82' title='bbox 770 1210 883 1287; x_wconf 78' lang='grc' dir='ltr'>λοιιιόις</span> <span class='ocrx_word' id='word_1_83' title='bbox 899 1209 935 1274; x_wconf 87' lang='grc' dir='ltr'>ὀι-</span> <span class='ocrx_word' id='word_1_84' title='bbox 978 1208 1213 1273; x_wconf 84' lang='lat' dir='ltr'>fortitudinem</span> <span class='ocrx_word' id='word_1_85' title='bbox 1237 1216 1271 1274; x_wconf 79' lang='lat' dir='ltr'>et</span> <span class='ocrx_word' id='word_1_86' title='bbox 1292 1211 1494 1276; x_wconf 81' lang='lat' dir='ltr'>charitatem</span> <span class='ocrx_word' id='word_1_87' title='bbox 1517 1218 1550 1277; x_wconf 88' lang='lat' dir='ltr'>et</span> <span class='ocrx_word' id='word_1_88' title='bbox 1575 1216 1733 1294; x_wconf 82' lang='lat' dir='ltr'>longani-</span> 
     </span>
     <span class='ocr_line' id='line_1_9' title="bbox 184 1311 1732 1399; baseline 0.005 -22"><span class='ocrx_word' id='word_1_89' title='bbox 184 1311 287 1395; x_wconf 87' lang='grc' dir='ltr'>ρετόις.</span> <span class='ocrx_word' id='word_1_90' title='bbox 311 1311 376 1376; x_wconf 84' lang='grc' dir='ltr'>Καὶ</span> <span class='ocrx_word' id='word_1_91' title='bbox 399 1311 492 1378; x_wconf 90' lang='grc' dir='ltr'>τοῦτό</span> <span class='ocrx_word' id='word_1_92' title='bbox 515 1314 582 1378; x_wconf 79' lang='grc' dir='ltr'>ἐστι</span> <span class='ocrx_word' id='word_1_93' title='bbox 604 1314 639 1376; x_wconf 90' lang='grc' dir='ltr'>τὸ</span> <span class='ocrx_word' id='word_1_94' title='bbox 662 1314 697 1379; x_wconf 80' lang='grc' dir='ltr'>ἐν</span> <span class='ocrx_word' id='word_1_95' title='bbox 718 1323 783 1391; x_wconf 84' lang='grc' dir='ltr'>τοῖς</span> <span class='ocrx_word' id='word_1_96' title='bbox 803 1315 933 1399; x_wconf 82' lang='grc' dir='ltr'>εὐαγγε-</span> <span class='ocrx_word' id='word_1_97' title='bbox 977 1314 1131 1394; x_wconf 66' lang='lat' dir='ltr'>miculam</span> <span class='ocrx_word' id='word_1_98' title='bbox 1146 1321 1180 1378; x_wconf 81' lang='lat' dir='ltr'>et</span> <span class='ocrx_word' id='word_1_99' title='bbox 1193 1315 1343 1396; x_wconf 84' lang='lat' dir='ltr'>reliques</span> <span class='ocrx_word' id='word_1_100' title='bbox 1360 1318 1517 1382; x_wconf 83' lang='lat' dir='ltr'>virtutes.</span> <span class='ocrx_word' id='word_1_101' title='bbox 1535 1321 1579 1382; x_wconf 80' lang='lat' dir='ltr'>El</span> <span class='ocrx_word' id='word_1_102' title='bbox 1594 1319 1665 1384; x_wconf 83' lang='lat' dir='ltr'>haeo</span> <span class='ocrx_word' id='word_1_103' title='bbox 1681 1327 1732 1385; x_wconf 83' lang='lat' dir='ltr'>est</span> 
     </span>
     <span class='ocr_line' id='line_1_10' title="bbox 182 1412 1733 1504; baseline 0.006 -26"><span class='ocrx_word' id='word_1_104' title='bbox 182 1412 259 1491; x_wconf 91' lang='grc' dir='ltr'>λίοις</span> <span class='ocrx_word' id='word_1_105' title='bbox 284 1415 404 1500; x_wconf 80' lang='grc' dir='ltr'>ἔνδυμα</span> <span class='ocrx_word' id='word_1_106' title='bbox 424 1416 539 1501; x_wconf 85' lang='grc' dir='ltr'>γάμου,</span> <span class='ocrx_word' id='word_1_107' title='bbox 566 1415 723 1501; x_wconf 72' lang='grc' dir='ltr'>ἱερατικὸν</span> <span class='ocrx_word' id='word_1_108' title='bbox 747 1419 867 1504; x_wconf 81' lang='grc' dir='ltr'>ἔνδυμα</span> <span class='ocrx_word' id='word_1_109' title='bbox 889 1418 933 1483; x_wconf 83' lang='grc' dir='ltr'>δι·</span> <span class='ocrx_word' id='word_1_110' title='bbox 976 1417 1082 1482; x_wconf 86' lang='lat' dir='ltr'>vestis</span> <span class='ocrx_word' id='word_1_111' title='bbox 1104 1420 1270 1500; x_wconf 82' lang='lat' dir='ltr'>nuptialis</span> <span class='ocrx_word' id='word_1_112' title='bbox 1292 1421 1328 1484; x_wconf 92' lang='lat' dir='ltr'>in</span> <span class='ocrx_word' id='word_1_113' title='bbox 1356 1424 1557 1502; x_wconf 82' lang='lat' dir='ltr'>evangeliis,</span> <span class='ocrx_word' id='word_1_114' title='bbox 1581 1425 1733 1488; x_wconf 87' lang='lat' dir='ltr'>sacerdo-</span> 
     </span>
     <span class='ocr_line' id='line_1_11' title="bbox 181 1517 1737 1609; baseline 0.006 -27"><span class='ocrx_word' id='word_1_115' title='bbox 181 1517 346 1602; x_wconf 88' lang='grc' dir='ltr'>καιοσύνη,</span> <span class='ocrx_word' id='word_1_116' title='bbox 364 1519 440 1603; x_wconf 87' lang='grc' dir='ltr'>όπερ</span> <span class='ocrx_word' id='word_1_117' title='bbox 464 1518 566 1604; x_wconf 77' lang='grc' dir='ltr'>ἑαυτῷ</span> <span class='ocrx_word' id='word_1_118' title='bbox 585 1541 631 1598; x_wconf 88' lang='grc' dir='ltr'>τις</span> <span class='ocrx_word' id='word_1_119' title='bbox 654 1520 806 1604; x_wconf 81' lang='grc' dir='ltr'>ἐνδύεται,</span> <span class='ocrx_word' id='word_1_120' title='bbox 829 1521 882 1586; x_wconf 90' lang='grc' dir='ltr'>διόι</span> <span class='ocrx_word' id='word_1_121' title='bbox 895 1522 931 1585; x_wconf 88' lang='grc' dir='ltr'>τό</span> <span class='ocrx_word' id='word_1_122' title='bbox 976 1521 1057 1583; x_wconf 83' lang='lat' dir='ltr'>talis</span> <span class='ocrx_word' id='word_1_123' title='bbox 1077 1524 1184 1586; x_wconf 83' lang='lat' dir='ltr'>vestis</span> <span class='ocrx_word' id='word_1_124' title='bbox 1207 1528 1258 1586; x_wconf 80' lang='lat' dir='ltr'>est</span> <span class='ocrx_word' id='word_1_125' title='bbox 1277 1522 1423 1604; x_wconf 80' lang='lat' dir='ltr'>justitia,</span> <span class='ocrx_word' id='word_1_126' title='bbox 1448 1543 1554 1607; x_wconf 87' lang='lat' dir='ltr'>quam</span> <span class='ocrx_word' id='word_1_127' title='bbox 1578 1530 1656 1609; x_wconf 90' lang='lat' dir='ltr'>quis</span> <span class='ocrx_word' id='word_1_128' title='bbox 1685 1530 1737 1592; x_wconf 92' lang='lat' dir='ltr'>in·</span> 
     </span>
     <span class='ocr_line' id='line_1_12' title="bbox 94 1619 1734 1713; baseline 0.005 -26"><span class='ocrx_word' id='word_1_129' title='bbox 94 1701 97 1705; x_wconf 33' lang='grc'>,</span> <span class='ocrx_word' id='word_1_130' title='bbox 182 1622 262 1687; x_wconf 89' lang='grc' dir='ltr'>είναι</span> <span class='ocrx_word' id='word_1_131' title='bbox 277 1619 407 1706; x_wconf 87' lang='grc' dir='ltr'>δίκαιος,</span> <span class='ocrx_word' id='word_1_132' title='bbox 430 1623 482 1688; x_wconf 89' lang='grc' dir='ltr'>ἱνα</span> <span class='ocrx_word' id='word_1_133' title='bbox 497 1625 577 1708; x_wconf 82' lang='grc' dir='ltr'>μετὰ</span> <span class='ocrx_word' id='word_1_134' title='bbox 591 1633 684 1689; x_wconf 90' lang='grc' dir='ltr'>τοῦτο</span> <span class='ocrx_word' id='word_1_135' title='bbox 700 1625 827 1703; x_wconf 87' lang='grc' dir='ltr'>αύτόςδ</span> <span class='ocrx_word' id='word_1_136' title='bbox 851 1623 932 1702; x_wconf 84' lang='grc' dir='ltr'><strong>Θεὸς</strong></span> <span class='ocrx_word' id='word_1_137' title='bbox 978 1623 1063 1704; x_wconf 81' lang='lat' dir='ltr'>duit,</span> <span class='ocrx_word' id='word_1_138' title='bbox 1079 1626 1115 1688; x_wconf 91' lang='lat' dir='ltr'>in</span> <span class='ocrx_word' id='word_1_139' title='bbox 1132 1642 1171 1690; x_wconf 93' lang='lat' dir='ltr'>eo</span> <span class='ocrx_word' id='word_1_140' title='bbox 1191 1627 1282 1708; x_wconf 88' lang='lat' dir='ltr'>quod</span> <span class='ocrx_word' id='word_1_141' title='bbox 1301 1627 1417 1706; x_wconf 85' lang='lat' dir='ltr'>justus</span> <span class='ocrx_word' id='word_1_142' title='bbox 1440 1635 1501 1710; x_wconf 84' lang='lat' dir='ltr'>est,</span> <span class='ocrx_word' id='word_1_143' title='bbox 1526 1635 1564 1694; x_wconf 83' lang='lat' dir='ltr'>ut</span> <span class='ocrx_word' id='word_1_144' title='bbox 1589 1638 1734 1713; x_wconf 85' lang='lat' dir='ltr'>postmo-</span> 
     </span>
     <span class='ocr_line' id='line_1_13' title="bbox 180 1725 1733 1818; baseline 0.006 -27"><span class='ocrx_word' id='word_1_145' title='bbox 180 1725 296 1810; x_wconf 83' lang='grc' dir='ltr'>ἐνδύση</span> <span class='ocrx_word' id='word_1_146' title='bbox 312 1727 407 1792; x_wconf 88' lang='grc' dir='ltr'>αύτόν</span> <span class='ocrx_word' id='word_1_147' title='bbox 419 1727 586 1812; x_wconf 85' lang='grc' dir='ltr'>σωτηρίας,</span> <span class='ocrx_word' id='word_1_148' title='bbox 599 1727 641 1806; x_wconf 83' lang='grc' dir='ltr'>ὡς</span> <span class='ocrx_word' id='word_1_149' title='bbox 651 1727 866 1814; x_wconf 73' lang='grc' dir='ltr'>ἐπηγγείλατο</span> <span class='ocrx_word' id='word_1_150' title='bbox 881 1727 932 1793; x_wconf 85' lang='grc' dir='ltr'>λὲ-</span> <span class='ocrx_word' id='word_1_151' title='bbox 978 1727 1059 1792; x_wconf 89' lang='lat' dir='ltr'>dum</span> <span class='ocrx_word' id='word_1_152' title='bbox 1075 1729 1166 1794; x_wconf 88' lang='lat' dir='ltr'>Deus</span> <span class='ocrx_word' id='word_1_153' title='bbox 1182 1731 1303 1794; x_wconf 85' lang='lat' dir='ltr'>induat</span> <span class='ocrx_word' id='word_1_154' title='bbox 1324 1751 1403 1796; x_wconf 88' lang='lat' dir='ltr'>eum</span> <span class='ocrx_word' id='word_1_155' title='bbox 1420 1735 1541 1814; x_wconf 81' lang='lat' dir='ltr'>salute,</span> <span class='ocrx_word' id='word_1_156' title='bbox 1559 1737 1650 1800; x_wconf 84' lang='lat' dir='ltr'>sicut</span> <span class='ocrx_word' id='word_1_157' title='bbox 1663 1738 1733 1818; x_wconf 95' lang='lat' dir='ltr'>pol-</span> 
     </span>
     <span class='ocr_line' id='line_1_14' title="bbox 179 1830 1733 1922; baseline 0.006 -28"><span class='ocrx_word' id='word_1_158' title='bbox 179 1851 262 1915; x_wconf 95' lang='grc' dir='ltr'>γων·</span> <span class='ocrx_word' id='word_1_159' title='bbox 278 1830 360 1908; x_wconf 85' lang='grc' dir='ltr'>Τοὺς</span> <span class='ocrx_word' id='word_1_160' title='bbox 383 1830 475 1916; x_wconf 80' lang='grc' dir='ltr'>ἱερεῖς</span> <span class='ocrx_word' id='word_1_161' title='bbox 498 1833 600 1897; x_wconf 85' lang='grc' dir='ltr'>αότῦν</span> <span class='ocrx_word' id='word_1_162' title='bbox 622 1831 741 1897; x_wconf 81' lang='grc' dir='ltr'>ἐνδύσω</span> <span class='ocrx_word' id='word_1_163' title='bbox 761 1831 930 1922; x_wconf 84' lang='grc' dir='ltr'>σωτηρίαν.</span> <span class='ocrx_word' id='word_1_164' title='bbox 976 1830 1099 1894; x_wconf 83' lang='lat' dir='ltr'>licetur</span> <span class='ocrx_word' id='word_1_165' title='bbox 1121 1832 1210 1896; x_wconf 85' lang='lat' dir='ltr'>infra</span> <span class='ocrx_word' id='word_1_166' title='bbox 1226 1834 1358 1898; x_wconf 84' lang='lat' dir='ltr'>diceus:</span> <span class='ocrx_word' id='word_1_167' title='bbox 1384 1837 1574 1904; x_wconf 77' lang='lat' dir='ltr'>Sacerdotes</span> <span class='ocrx_word' id='word_1_168' title='bbox 1595 1841 1667 1920; x_wconf 78' lang='lat' dir='ltr'>ejas</span> <span class='ocrx_word' id='word_1_169' title='bbox 1682 1841 1733 1904; x_wconf 88' lang='grc' dir='ltr'>ιἰι-</span> 
     </span>
     <span class='ocr_line' id='line_1_15' title="bbox 181 1930 1729 2028; baseline 0.005 -28"><span class='ocrx_word' id='word_1_170' title='bbox 181 1935 263 2012; x_wconf 89' lang='grc' dir='ltr'>Τοὺς</span> <span class='ocrx_word' id='word_1_171' title='bbox 286 1933 392 2020; x_wconf 81' lang='grc' dir='ltr'>μέντοι</span> <span class='ocrx_word' id='word_1_172' title='bbox 413 1935 548 2022; x_wconf 82' lang='grc' dir='ltr'>ἐχθροὺς</span> <span class='ocrx_word' id='word_1_173' title='bbox 568 1947 625 2001; x_wconf 89' lang='grc' dir='ltr'>τοῦ</span> <span class='ocrx_word' id='word_1_174' title='bbox 640 1935 735 2028; x_wconf 77' lang='grc' dir='ltr'>Θεοῦ,</span> <span class='ocrx_word' id='word_1_175' title='bbox 758 1939 864 2021; x_wconf 77' lang='grc' dir='ltr'>φησίν,</span> <span class='ocrx_word' id='word_1_176' title='bbox 880 1937 928 2002; x_wconf 81' lang='grc' dir='ltr'>ἐν·</span> <span class='ocrx_word' id='word_1_177' title='bbox 974 1930 1071 1998; x_wconf 78' lang='lat' dir='ltr'>dream</span> <span class='ocrx_word' id='word_1_178' title='bbox 1096 1938 1212 2019; x_wconf 72' lang='lat' dir='ltr'><em>catate,</em></span> <span class='ocrx_word' id='word_1_179' title='bbox 1241 1938 1322 2002; x_wconf 90' lang='lat' dir='ltr'>dum</span> <span class='ocrx_word' id='word_1_180' title='bbox 1352 1941 1490 2005; x_wconf 79' lang='lat' dir='ltr'>interim</span> <span class='ocrx_word' id='word_1_181' title='bbox 1514 1943 1626 2008; x_wconf 84' lang='lat' dir='ltr'>hostes</span> <span class='ocrx_word' id='word_1_182' title='bbox 1658 1944 1729 2024; x_wconf 88' lang='lat' dir='ltr'>Dei,</span> 
     </span>
     <span class='ocr_line' id='line_1_16' title="bbox 179 2025 1725 2128; baseline 0.006 -26"><span class='ocrx_word' id='word_1_183' title='bbox 179 2037 266 2105; x_wconf 88' lang='grc' dir='ltr'>δύσει</span> <span class='ocrx_word' id='word_1_184' title='bbox 280 2039 444 2125; x_wconf 84' lang='grc' dir='ltr'>αἰσχύνην.</span> <span class='ocrx_word' id='word_1_185' title='bbox 457 2037 624 2124; x_wconf 83' lang='grc' dir='ltr'>Ἀνωτὲρω</span> <span class='ocrx_word' id='word_1_186' title='bbox 636 2039 703 2126; x_wconf 81' lang='grc' dir='ltr'>μέν·</span> <span class='ocrx_word' id='word_1_187' title='bbox 715 2038 755 2105; x_wconf 89' lang='grc' dir='ltr'>Οἱ</span> <span class='ocrx_word' id='word_1_188' title='bbox 769 2025 861 2124; x_wconf 81' lang='grc' dir='ltr'>ἱερεῖς</span> <span class='ocrx_word' id='word_1_189' title='bbox 873 2061 930 2106; x_wconf 92' lang='grc' dir='ltr'>σου</span> <span class='ocrx_word' id='word_1_190' title='bbox 974 2039 1033 2118; x_wconf 83' lang='lat' dir='ltr'>ait,</span> <span class='ocrx_word' id='word_1_191' title='bbox 1053 2039 1165 2106; x_wconf 72' lang='lat' dir='ltr'><em>araca</em></span> <span class='ocrx_word' id='word_1_192' title='bbox 1190 2042 1377 2124; x_wconf 75' lang='grc' dir='ltr'>ε’ραοκιόοία.</span> <span class='ocrx_word' id='word_1_193' title='bbox 1403 2047 1564 2127; x_wconf 82' lang='lat' dir='ltr'>Superius</span> <span class='ocrx_word' id='word_1_194' title='bbox 1587 2047 1725 2128; x_wconf 84' lang='lat' dir='ltr'>quidem</span> 
     </span>
     <span class='ocr_line' id='line_1_17' title="bbox 177 2141 1728 2233; baseline 0.007 -26"><span class='ocrx_word' id='word_1_195' title='bbox 177 2142 359 2209; x_wconf 83' lang='grc' dir='ltr'>ἐνδύσονται</span> <span class='ocrx_word' id='word_1_196' title='bbox 372 2143 582 2230; x_wconf 83' lang='grc' dir='ltr'>δικαιοσύνην,</span> <span class='ocrx_word' id='word_1_197' title='bbox 598 2143 735 2231; x_wconf 75' lang='grc' dir='ltr'>λέγεται.</span> <span class='ocrx_word' id='word_1_198' title='bbox 748 2143 825 2210; x_wconf 84' lang='grc' dir='ltr'>Μετ’</span> <span class='ocrx_word' id='word_1_199' title='bbox 838 2141 931 2232; x_wconf 90' lang='grc' dir='ltr'>ὀλίγα</span> <span class='ocrx_word' id='word_1_200' title='bbox 975 2142 1115 2207; x_wconf 84' lang='lat' dir='ltr'>dicitur:</span> <span class='ocrx_word' id='word_1_201' title='bbox 1132 2146 1318 2214; x_wconf 71' lang='lat' dir='ltr'><em>Sacerdotes</em></span> <span class='ocrx_word' id='word_1_202' title='bbox 1334 2150 1385 2212; x_wconf 87' lang='lat' dir='ltr'><em>tac&#39;</em></span> <span class='ocrx_word' id='word_1_203' title='bbox 1399 2149 1535 2216; x_wconf 78' lang='grc' dir='ltr'>εἰιόαειιί</span> <span class='ocrx_word' id='word_1_204' title='bbox 1546 2152 1728 2233; x_wconf 81' lang='lat' dir='ltr'>justitiam.</span> 
     </span>
     <span class='ocr_line' id='line_1_18' title="bbox 177 2245 1732 2335; baseline 0.006 -22"><span class='ocrx_word' id='word_1_205' title='bbox 177 2245 224 2313; x_wconf 78' lang='grc' dir='ltr'>δέ·</span> <span class='ocrx_word' id='word_1_206' title='bbox 238 2247 304 2314; x_wconf 87' lang='grc' dir='ltr'>Καί</span> <span class='ocrx_word' id='word_1_207' title='bbox 317 2251 391 2327; x_wconf 86' lang='grc' dir='ltr'>τοὺς</span> <span class='ocrx_word' id='word_1_208' title='bbox 406 2247 499 2334; x_wconf 78' lang='grc' dir='ltr'>ἱερεῖς</span> <span class='ocrx_word' id='word_1_209' title='bbox 511 2249 609 2334; x_wconf 75' lang='grc' dir='ltr'>αὐτῆς</span> <span class='ocrx_word' id='word_1_210' title='bbox 624 2249 746 2316; x_wconf 80' lang='grc' dir='ltr'>ἒνδύσει</span> <span class='ocrx_word' id='word_1_211' title='bbox 758 2250 929 2335; x_wconf 86' lang='grc' dir='ltr'>σωτηρίας·</span> <span class='ocrx_word' id='word_1_212' title='bbox 975 2248 1082 2312; x_wconf 83' lang='grc' dir='ltr'>Ροωλο</span> <span class='ocrx_word' id='word_1_213' title='bbox 1097 2254 1173 2331; x_wconf 75' lang='lat' dir='ltr'>post</span> <span class='ocrx_word' id='word_1_214' title='bbox 1188 2267 1282 2315; x_wconf 87' lang='lat' dir='ltr'>vero:</span> <span class='ocrx_word' id='word_1_215' title='bbox 1306 2253 1493 2322; x_wconf 73' lang='lat' dir='ltr'><em>Sacerdotes</em></span> <span class='ocrx_word' id='word_1_216' title='bbox 1507 2256 1623 2322; x_wconf 81' lang='lat' dir='ltr'><em>trdaet</em></span> <span class='ocrx_word' id='word_1_217' title='bbox 1643 2259 1732 2322; x_wconf 82' lang='lat' dir='ltr'>sota-</span> 
     </span>
     <span class='ocr_line' id='line_1_19' title="bbox 177 2352 1733 2441; baseline 0.003 -22"><span class='ocrx_word' id='word_1_218' title='bbox 177 2353 255 2420; x_wconf 90' lang='grc' dir='ltr'>όταν</span> <span class='ocrx_word' id='word_1_219' title='bbox 282 2355 345 2439; x_wconf 91' lang='grc' dir='ltr'>γόιρ</span> <span class='ocrx_word' id='word_1_220' title='bbox 367 2355 406 2420; x_wconf 73' lang='grc' dir='ltr'>ἐκ</span> <span class='ocrx_word' id='word_1_221' title='bbox 427 2363 483 2420; x_wconf 88' lang='grc' dir='ltr'>τοῦ</span> <span class='ocrx_word' id='word_1_222' title='bbox 513 2352 652 2441; x_wconf 74' lang='grc' dir='ltr'>ἐφ’ἡμῐν</span> <span class='ocrx_word' id='word_1_223' title='bbox 674 2355 863 2423; x_wconf 76' lang='grc' dir='ltr'>ενδύσωνιαι</span> <span class='ocrx_word' id='word_1_224' title='bbox 886 2356 930 2422; x_wconf 71' lang='lat' dir='ltr'>tr·</span> <span class='ocrx_word' id='word_1_225' title='bbox 975 2353 1063 2432; x_wconf 88' lang='lat' dir='ltr'><em>tari;</em></span> <span class='ocrx_word' id='word_1_226' title='bbox 1085 2355 1221 2435; x_wconf 89' lang='lat' dir='ltr'>quaudo</span> <span class='ocrx_word' id='word_1_227' title='bbox 1240 2357 1333 2420; x_wconf 89' lang='lat' dir='ltr'>enim</span> <span class='ocrx_word' id='word_1_228' title='bbox 1357 2363 1478 2438; x_wconf 84' lang='lat' dir='ltr'>sponte</span> <span class='ocrx_word' id='word_1_229' title='bbox 1500 2378 1563 2424; x_wconf 85' lang='lat' dir='ltr'>sun</span> <span class='ocrx_word' id='word_1_230' title='bbox 1588 2361 1733 2426; x_wconf 88' lang='lat' dir='ltr'>induent</span> 
     </span>
     <span class='ocr_line' id='line_1_20' title="bbox 179 2453 1714 2547; baseline 0.005 -27"><span class='ocrx_word' id='word_1_231' title='bbox 179 2457 363 2544; x_wconf 83' lang='grc' dir='ltr'>καιοσύνην,</span> <span class='ocrx_word' id='word_1_232' title='bbox 376 2457 448 2526; x_wconf 84' lang='grc' dir='ltr'>τότε</span> <span class='ocrx_word' id='word_1_233' title='bbox 462 2458 526 2524; x_wconf 70' lang='lat' dir='ltr'>&amp;ad</span> <span class='ocrx_word' id='word_1_234' title='bbox 537 2458 621 2526; x_wconf 84' lang='grc' dir='ltr'>Θεοῦ</span> <span class='ocrx_word' id='word_1_235' title='bbox 633 2459 815 2538; x_wconf 77' lang='grc' dir='ltr'>ὀνδύοονςαι</span> <span class='ocrx_word' id='word_1_236' title='bbox 829 2481 931 2547; x_wconf 87' lang='grc' dir='ltr'>οωτη-</span> <span class='ocrx_word' id='word_1_237' title='bbox 970 2453 1153 2539; x_wconf 82' lang='lat' dir='ltr'>justitiam,</span> <span class='ocrx_word' id='word_1_238' title='bbox 1169 2462 1254 2522; x_wconf 84' lang='lat' dir='ltr'>tuuc</span> <span class='ocrx_word' id='word_1_239' title='bbox 1267 2477 1289 2522; x_wconf 81' lang='grc' dir='ltr'>ο</span> <span class='ocrx_word' id='word_1_240' title='bbox 1303 2461 1374 2524; x_wconf 89' lang='lat' dir='ltr'>Deo</span> <span class='ocrx_word' id='word_1_241' title='bbox 1391 2462 1503 2525; x_wconf 83' lang='lat' dir='ltr'>salute</span> <span class='ocrx_word' id='word_1_242' title='bbox 1518 2462 1714 2528; x_wconf 83' lang='lat' dir='ltr'>induentur.</span> 
     </span>
     <span class='ocr_line' id='line_1_21' title="bbox 181 2558 260 2644; baseline 0.038 -20"><span class='ocrx_word' id='word_1_243' title='bbox 181 2558 260 2644; x_wconf 87' lang='grc' dir='ltr'>ρίας.</span> 
     </span>
    </p>

    <p class='ocr_par' dir='ltr' id='par_1_4' title="bbox 178 2664 1760 3046">
     <span class='ocr_line' id='line_1_22' title="bbox 221 2664 1760 2754; baseline 0.003 -22"><span class='ocrx_word' id='word_1_244' title='bbox 221 2665 300 2732; x_wconf 84' lang='grc' dir='ltr'>Μετ’</span> <span class='ocrx_word' id='word_1_245' title='bbox 310 2664 405 2753; x_wconf 91' lang='grc' dir='ltr'>ὀλίγα</span> <span class='ocrx_word' id='word_1_246' title='bbox 419 2666 464 2733; x_wconf 78' lang='grc' dir='ltr'>δέ.</span> <span class='ocrx_word' id='word_1_247' title='bbox 480 2667 547 2734; x_wconf 82' lang='grc' dir='ltr'>Καὶ</span> <span class='ocrx_word' id='word_1_248' title='bbox 560 2667 590 2732; x_wconf 94' lang='grc' dir='ltr'>οἱ</span> <span class='ocrx_word' id='word_1_249' title='bbox 606 2667 688 2734; x_wconf 86' lang='grc' dir='ltr'>δοιοί</span> <span class='ocrx_word' id='word_1_250' title='bbox 701 2689 759 2735; x_wconf 92' lang='grc' dir='ltr'>σου</span> <span class='ocrx_word' id='word_1_251' title='bbox 775 2666 929 2754; x_wconf 78' lang='grc' dir='ltr'>ἀγαλλιύ-</span> <span class='ocrx_word' id='word_1_252' title='bbox 1017 2666 1062 2730; x_wconf 80' lang='lat' dir='ltr'>ut</span> <span class='ocrx_word' id='word_1_253' title='bbox 1075 2669 1283 2748; x_wconf 77' lang='lat' dir='ltr'>postpauca:</span> <span class='ocrx_word' id='word_1_254' title='bbox 1298 2668 1460 2735; x_wconf 75' lang='lat' dir='ltr'>acroma·</span> <span class='ocrx_word' id='word_1_255' title='bbox 1470 2670 1522 2735; x_wconf 81' lang='lat' dir='ltr'>toi</span> <span class='ocrx_word' id='word_1_256' title='bbox 1532 2669 1728 2736; x_wconf 78' lang='lat' dir='ltr'><em>ecocttatiorrc</em></span> <span class='ocrx_word' id='word_1_257' title='bbox 1757 2716 1760 2722; x_wconf 84' lang='lat'>·</span> 
     </span>
     <span class='ocr_line' id='line_1_23' title="bbox 181 2769 1730 2860; baseline 0.001 -24"><span class='ocrx_word' id='word_1_258' title='bbox 181 2789 228 2836; x_wconf 86' lang='grc' dir='ltr'>σει</span> <span class='ocrx_word' id='word_1_259' title='bbox 244 2770 501 2857; x_wconf 79' lang='grc' dir='ltr'>ὀγαλλιόισονται.</span> <span class='ocrx_word' id='word_1_260' title='bbox 526 2772 575 2859; x_wconf 75' lang='grc' dir='ltr'>Τῇ</span> <span class='ocrx_word' id='word_1_261' title='bbox 589 2775 652 2860; x_wconf 91' lang='grc' dir='ltr'>γόιρ</span> <span class='ocrx_word' id='word_1_262' title='bbox 666 2773 706 2838; x_wconf 83' lang='grc' dir='ltr'>ἐκ</span> <span class='ocrx_word' id='word_1_263' title='bbox 723 2783 780 2839; x_wconf 91' lang='grc' dir='ltr'>τοῦ</span> <span class='ocrx_word' id='word_1_264' title='bbox 794 2771 931 2859; x_wconf 69' lang='grc' dir='ltr'>ιη’ἡμῑν</span> <span class='ocrx_word' id='word_1_265' title='bbox 973 2769 1180 2851; x_wconf 59' lang='lat' dir='ltr'>redaccen-</span> <span class='ocrx_word' id='word_1_266' title='bbox 1200 2789 1280 2836; x_wconf 89' lang='lat' dir='ltr'>uam</span> <span class='ocrx_word' id='word_1_267' title='bbox 1296 2773 1356 2836; x_wconf 92' lang='lat' dir='ltr'>illa</span> <span class='ocrx_word' id='word_1_268' title='bbox 1378 2773 1508 2853; x_wconf 79' lang='lat' dir='ltr'>latitia,</span> <span class='ocrx_word' id='word_1_269' title='bbox 1533 2791 1610 2855; x_wconf 77' lang='lat' dir='ltr'>quae</span> <span class='ocrx_word' id='word_1_270' title='bbox 1625 2792 1730 2855; x_wconf 88' lang='lat' dir='ltr'>penes</span> 
     </span>
     <span class='ocr_line' id='line_1_24' title="bbox 178 2873 1682 2964; baseline 0.003 -26"><span class='ocrx_word' id='word_1_271' title='bbox 178 2873 365 2960; x_wconf 76' lang='grc' dir='ltr'>ἀγαλλιάσει</span> <span class='ocrx_word' id='word_1_272' title='bbox 379 2879 434 2944; x_wconf 81' lang='grc' dir='ltr'>καί</span> <span class='ocrx_word' id='word_1_273' title='bbox 450 2877 479 2942; x_wconf 91' lang='grc' dir='ltr'>οἱ</span> <span class='ocrx_word' id='word_1_274' title='bbox 501 2879 580 2943; x_wconf 89' lang='grc' dir='ltr'>όσιοι</span> <span class='ocrx_word' id='word_1_275' title='bbox 595 2887 651 2944; x_wconf 91' lang='grc' dir='ltr'>τοῦ</span> <span class='ocrx_word' id='word_1_276' title='bbox 667 2876 751 2945; x_wconf 82' lang='grc' dir='ltr'>Θεοῦ</span> <span class='ocrx_word' id='word_1_277' title='bbox 776 2877 930 2964; x_wconf 79' lang='grc' dir='ltr'>ἀγαλλιά-</span> <span class='ocrx_word' id='word_1_278' title='bbox 975 2891 1037 2939; x_wconf 84' lang='lat' dir='ltr'>nos</span> <span class='ocrx_word' id='word_1_279' title='bbox 1053 2879 1114 2958; x_wconf 77' lang='lat' dir='ltr'>est,</span> <span class='ocrx_word' id='word_1_280' title='bbox 1131 2876 1235 2939; x_wconf 81' lang='lat' dir='ltr'>etiam</span> <span class='ocrx_word' id='word_1_281' title='bbox 1251 2878 1360 2940; x_wconf 79' lang='lat' dir='ltr'>sancti</span> <span class='ocrx_word' id='word_1_282' title='bbox 1376 2877 1438 2942; x_wconf 85' lang='lat' dir='ltr'>Dei</span> <span class='ocrx_word' id='word_1_283' title='bbox 1453 2877 1682 2942; x_wconf 79' lang='lat' dir='ltr'>laetabuntur.</span> 
     </span>
     <span class='ocr_line' id='line_1_25' title="bbox 182 2999 299 3046; baseline 0.009 -2"><span class='ocrx_word' id='word_1_284' title='bbox 182 2999 299 3046; x_wconf 89' lang='grc' dir='ltr'>σονται.</span> 
     </span>
    </p>

    <p class='ocr_par' dir='ltr' id='par_1_5' title="bbox 177 3083 1729 3461">
     <span class='ocr_line' id='line_1_26' title="bbox 221 3083 1729 3171; baseline 0.003 -21"><span class='ocrx_word' id='word_1_285' title='bbox 221 3083 463 3171; x_wconf 85' lang='grc' dir='ltr'>ν.11.Ὠμοσε</span> <span class='ocrx_word' id='word_1_286' title='bbox 486 3085 602 3168; x_wconf 90' lang='grc' dir='ltr'>Κύριος</span> <span class='ocrx_word' id='word_1_287' title='bbox 624 3094 668 3171; x_wconf 82' lang='grc' dir='ltr'>τῷ</span> <span class='ocrx_word' id='word_1_288' title='bbox 684 3084 781 3152; x_wconf 83' lang='grc' dir='ltr'>Δαυίδ</span> <span class='ocrx_word' id='word_1_289' title='bbox 804 3084 930 3171; x_wconf 77' lang='grc' dir='ltr'>ὀληθει-</span> <span class='ocrx_word' id='word_1_290' title='bbox 1019 3101 1051 3146; x_wconf 88' lang='grc' dir='ltr'>ν.</span> <span class='ocrx_word' id='word_1_291' title='bbox 1073 3085 1124 3148; x_wconf 93' lang='grc'>11.</span> <span class='ocrx_word' id='word_1_292' title='bbox 1143 3087 1278 3151; x_wconf 85' lang='lat' dir='ltr'>Jarooit</span> <span class='ocrx_word' id='word_1_293' title='bbox 1296 3086 1458 3151; x_wconf 77' lang='lat' dir='ltr'>Dominae</span> <span class='ocrx_word' id='word_1_294' title='bbox 1479 3087 1589 3152; x_wconf 78' lang='lat' dir='ltr'><em>acrae</em></span> <span class='ocrx_word' id='word_1_295' title='bbox 1608 3089 1729 3154; x_wconf 67' lang='lat' dir='ltr'><em>cerata</em></span> 
     </span>
     <span class='ocr_line' id='line_1_27' title="bbox 177 3188 1729 3275; baseline 0.005 -24"><span class='ocrx_word' id='word_1_296' title='bbox 177 3208 227 3270; x_wconf 87' lang='grc' dir='ltr'>αν,</span> <span class='ocrx_word' id='word_1_297' title='bbox 242 3189 298 3252; x_wconf 84' lang='grc' dir='ltr'>καὶ</span> <span class='ocrx_word' id='word_1_298' title='bbox 313 3188 350 3252; x_wconf 84' lang='grc' dir='ltr'>οὐ</span> <span class='ocrx_word' id='word_1_299' title='bbox 373 3191 417 3275; x_wconf 80' lang='grc' dir='ltr'>μη</span> <span class='ocrx_word' id='word_1_300' title='bbox 434 3189 583 3274; x_wconf 80' lang='grc' dir='ltr'>ἀθετήσει</span> <span class='ocrx_word' id='word_1_301' title='bbox 605 3188 722 3275; x_wconf 76' lang='grc' dir='ltr'>αὐτην·</span> <span class='ocrx_word' id='word_1_302' title='bbox 750 3190 788 3254; x_wconf 82' lang='grc' dir='ltr'>ἐκ</span> <span class='ocrx_word' id='word_1_303' title='bbox 804 3200 930 3273; x_wconf 82' lang='grc' dir='ltr'>καρποῦ</span> <span class='ocrx_word' id='word_1_304' title='bbox 974 3192 1048 3268; x_wconf 81' lang='lat' dir='ltr'><em>tera,</em></span> <span class='ocrx_word' id='word_1_305' title='bbox 1066 3192 1173 3254; x_wconf 86' lang='lat' dir='ltr'><em>etaoa</em></span> <span class='ocrx_word' id='word_1_306' title='bbox 1185 3191 1416 3273; x_wconf 76' lang='lat' dir='ltr'><em>scototradc&#39;tar</em></span> <span class='ocrx_word' id='word_1_307' title='bbox 1430 3208 1522 3255; x_wconf 86' lang='lat' dir='ltr'>eam:</span> <span class='ocrx_word' id='word_1_308' title='bbox 1544 3194 1592 3256; x_wconf 87' lang='lat' dir='ltr'>Dc</span> <span class='ocrx_word' id='word_1_309' title='bbox 1603 3193 1729 3274; x_wconf 67' lang='lat' dir='ltr'>senecta</span> 
     </span>
     <span class='ocr_line' id='line_1_28' title="bbox 177 3291 1692 3381; baseline 0.002 -24"><span class='ocrx_word' id='word_1_310' title='bbox 177 3301 235 3378; x_wconf 85' lang='grc' dir='ltr'>της</span> <span class='ocrx_word' id='word_1_311' title='bbox 257 3291 379 3371; x_wconf 80' lang='grc' dir='ltr'>κοιλίας</span> <span class='ocrx_word' id='word_1_312' title='bbox 401 3314 459 3359; x_wconf 93' lang='grc' dir='ltr'>σου</span> <span class='ocrx_word' id='word_1_313' title='bbox 481 3293 626 3381; x_wconf 70' lang='grc' dir='ltr'>δύσομαι</span> <span class='ocrx_word' id='word_1_314' title='bbox 655 3295 707 3362; x_wconf 82' lang='grc' dir='ltr'>ἐπὶ</span> <span class='ocrx_word' id='word_1_315' title='bbox 732 3305 791 3360; x_wconf 88' lang='grc' dir='ltr'>τοῦ</span> <span class='ocrx_word' id='word_1_316' title='bbox 811 3293 928 3380; x_wconf 74' lang='grc' dir='ltr'>όρόνου</span> <span class='ocrx_word' id='word_1_317' title='bbox 975 3293 1100 3358; x_wconf 72' lang='lat' dir='ltr'><em>cratete</em></span> <span class='ocrx_word' id='word_1_318' title='bbox 1115 3295 1167 3358; x_wconf 80' lang='lat' dir='ltr'>tat</span> <span class='ocrx_word' id='word_1_319' title='bbox 1175 3311 1297 3376; x_wconf 81' lang='lat' dir='ltr'>porcam</span> <span class='ocrx_word' id='word_1_320' title='bbox 1311 3313 1409 3376; x_wconf 83' lang='lat' dir='ltr'>saper</span> <span class='ocrx_word' id='word_1_321' title='bbox 1423 3296 1574 3362; x_wconf 81' lang='lat' dir='ltr'>ttrmoam</span> <span class='ocrx_word' id='word_1_322' title='bbox 1590 3301 1692 3362; x_wconf 80' lang='lat' dir='ltr'><em>taam.</em></span> 
     </span>
     <span class='ocr_line' id='line_1_29' title="bbox 178 3417 246 3461; baseline 0.029 -2"><span class='ocrx_word' id='word_1_323' title='bbox 178 3417 246 3461; x_wconf 92' lang='grc' dir='ltr'>σου.</span> 
     </span>
    </p>

    <p class='ocr_par' dir='ltr' id='par_1_6' title="bbox 146 3498 1817 4527">
     <span class='ocr_line' id='line_1_30' title="bbox 220 3498 1728 3588; baseline 0.003 -21"><span class='ocrx_word' id='word_1_324' title='bbox 220 3498 315 3586; x_wconf 77' lang='grc' dir='ltr'>Λέγει</span> <span class='ocrx_word' id='word_1_325' title='bbox 331 3501 367 3566; x_wconf 82' lang='grc' dir='ltr'>δὲ</span> <span class='ocrx_word' id='word_1_326' title='bbox 377 3501 647 3588; x_wconf 82' lang='grc' dir='ltr'>καὶόὨριγὲνης·</span> <span class='ocrx_word' id='word_1_327' title='bbox 662 3502 707 3567; x_wconf 88' lang='grc' dir='ltr'>Τὸ</span> <span class='ocrx_word' id='word_1_328' title='bbox 723 3500 858 3586; x_wconf 81' lang='grc' dir='ltr'>ἀψευδὲς</span> <span class='ocrx_word' id='word_1_329' title='bbox 870 3509 929 3586; x_wconf 85' lang='grc' dir='ltr'>της</span> <span class='ocrx_word' id='word_1_330' title='bbox 1017 3500 1073 3563; x_wconf 83' lang='lat' dir='ltr'>Ait</span> <span class='ocrx_word' id='word_1_331' title='bbox 1096 3517 1231 3582; x_wconf 89' lang='lat' dir='ltr'>quoque</span> <span class='ocrx_word' id='word_1_332' title='bbox 1261 3503 1446 3580; x_wconf 81' lang='lat' dir='ltr'>Origenes:</span> <span class='ocrx_word' id='word_1_333' title='bbox 1469 3505 1555 3568; x_wconf 84' lang='lat' dir='ltr'>Falli</span> <span class='ocrx_word' id='word_1_334' title='bbox 1579 3509 1728 3570; x_wconf 87' lang='lat' dir='ltr'>nesciam</span> 
     </span>
     <span class='ocr_line' id='line_1_31' title="bbox 176 3605 1726 3692; baseline 0.004 -22"><span class='ocrx_word' id='word_1_335' title='bbox 176 3605 400 3690; x_wconf 82' lang='grc' dir='ltr'>ἐπαγγελλίας,</span> <span class='ocrx_word' id='word_1_336' title='bbox 431 3607 526 3691; x_wconf 90' lang='grc' dir='ltr'>όρκον</span> <span class='ocrx_word' id='word_1_337' title='bbox 553 3605 725 3692; x_wconf 83' lang='grc' dir='ltr'>ὠνόμασεν.</span> <span class='ocrx_word' id='word_1_338' title='bbox 748 3605 930 3690; x_wconf 80' lang='grc' dir='ltr'>Ἄνθρωποι</span> <span class='ocrx_word' id='word_1_339' title='bbox 972 3605 1229 3685; x_wconf 82' lang='lat' dir='ltr'>promissionem</span> <span class='ocrx_word' id='word_1_340' title='bbox 1258 3605 1496 3684; x_wconf 80' lang='lat' dir='ltr'>juramentum</span> <span class='ocrx_word' id='word_1_341' title='bbox 1527 3611 1726 3678; x_wconf 65' lang='lat' dir='ltr'>nominavit</span> 
     </span>
     <span class='ocr_line' id='line_1_32' title="bbox 178 3709 1728 3797; baseline 0.003 -22"><span class='ocrx_word' id='word_1_342' title='bbox 178 3710 234 3795; x_wconf 78' lang='grc' dir='ltr'>μὲν</span> <span class='ocrx_word' id='word_1_343' title='bbox 248 3712 310 3794; x_wconf 82' lang='grc' dir='ltr'>γὰρ</span> <span class='ocrx_word' id='word_1_344' title='bbox 325 3713 411 3776; x_wconf 87' lang='grc' dir='ltr'>κατόι</span> <span class='ocrx_word' id='word_1_345' title='bbox 424 3721 480 3776; x_wconf 87' lang='grc' dir='ltr'>τοῦ</span> <span class='ocrx_word' id='word_1_346' title='bbox 497 3709 637 3797; x_wconf 79' lang='grc' dir='ltr'>μείζονος</span> <span class='ocrx_word' id='word_1_347' title='bbox 660 3709 845 3796; x_wconf 89' lang='grc' dir='ltr'>ὀμνύουσιν·</span> <span class='ocrx_word' id='word_1_348' title='bbox 861 3710 878 3775; x_wconf 92' lang='grc' dir='ltr'>ό</span> <span class='ocrx_word' id='word_1_349' title='bbox 892 3709 928 3775; x_wconf 83' lang='grc' dir='ltr'>δὲ</span> <span class='ocrx_word' id='word_1_350' title='bbox 972 3709 1134 3772; x_wconf 88' lang='lat' dir='ltr'>Homines</span> <span class='ocrx_word' id='word_1_351' title='bbox 1163 3710 1302 3790; x_wconf 88' lang='lat' dir='ltr'>quidem</span> <span class='ocrx_word' id='word_1_352' title='bbox 1326 3729 1387 3793; x_wconf 87' lang='lat' dir='ltr'>per</span> <span class='ocrx_word' id='word_1_353' title='bbox 1412 3712 1575 3792; x_wconf 86' lang='lat' dir='ltr'>majorem</span> <span class='ocrx_word' id='word_1_354' title='bbox 1597 3715 1652 3778; x_wconf 88' lang='lat' dir='ltr'>sui</span> <span class='ocrx_word' id='word_1_355' title='bbox 1672 3712 1728 3795; x_wconf 88' lang='lat' dir='ltr'>ju-</span> 
     </span>
     <span class='ocr_line' id='line_1_33' title="bbox 177 3811 1817 3902; baseline 0.001 -21"><span class='ocrx_word' id='word_1_356' title='bbox 177 3813 258 3891; x_wconf 87' lang='grc' dir='ltr'>Θεός</span> <span class='ocrx_word' id='word_1_357' title='bbox 272 3815 344 3879; x_wconf 91' lang='grc' dir='ltr'>κατ’</span> <span class='ocrx_word' id='word_1_358' title='bbox 355 3815 480 3892; x_wconf 83' lang='grc' dir='ltr'>οὐδενός</span> <span class='ocrx_word' id='word_1_359' title='bbox 495 3817 563 3902; x_wconf 83' lang='grc' dir='ltr'>ἔχει</span> <span class='ocrx_word' id='word_1_360' title='bbox 577 3813 700 3900; x_wconf 81' lang='grc' dir='ltr'>ὀμόσαι</span> <span class='ocrx_word' id='word_1_361' title='bbox 719 3853 760 3863; x_wconf 95' lang='grc'>-</span> <span class='ocrx_word' id='word_1_362' title='bbox 775 3812 836 3878; x_wconf 88' lang='grc' dir='ltr'>Ἐκ</span> <span class='ocrx_word' id='word_1_363' title='bbox 851 3834 928 3898; x_wconf 75' lang='grc' dir='ltr'>καμ</span> <span class='ocrx_word' id='word_1_364' title='bbox 971 3815 1062 3873; x_wconf 79' lang='lat' dir='ltr'>rant:</span> <span class='ocrx_word' id='word_1_365' title='bbox 1079 3811 1169 3875; x_wconf 90' lang='lat' dir='ltr'>Deus</span> <span class='ocrx_word' id='word_1_366' title='bbox 1181 3817 1295 3876; x_wconf 86' lang='lat' dir='ltr'>autem</span> <span class='ocrx_word' id='word_1_367' title='bbox 1308 3816 1480 3879; x_wconf 88' lang='lat' dir='ltr'>neminem</span> <span class='ocrx_word' id='word_1_368' title='bbox 1492 3816 1595 3880; x_wconf 83' lang='lat' dir='ltr'>habet</span> <span class='ocrx_word' id='word_1_369' title='bbox 1606 3819 1642 3880; x_wconf 93' lang='lat' dir='ltr'>in</span> <span class='ocrx_word' id='word_1_370' title='bbox 1655 3835 1723 3899; x_wconf 93' lang='lat' dir='ltr'>quo</span> <span class='ocrx_word' id='word_1_371' title='bbox 1815 3843 1817 3850; x_wconf 64' lang='grc'><em>’</em></span> 
     </span>
     <span class='ocr_line' id='line_1_34' title="bbox 176 3913 1726 4006; baseline 0.003 -23"><span class='ocrx_word' id='word_1_372' title='bbox 176 3927 238 3984; x_wconf 86' lang='grc' dir='ltr'>ποῦ</span> <span class='ocrx_word' id='word_1_373' title='bbox 253 3928 309 4004; x_wconf 79' lang='grc' dir='ltr'>της</span> <span class='ocrx_word' id='word_1_374' title='bbox 330 3919 453 3998; x_wconf 81' lang='grc' dir='ltr'>κοιλίας</span> <span class='ocrx_word' id='word_1_375' title='bbox 468 3941 524 3985; x_wconf 91' lang='grc' dir='ltr'>σου</span> <span class='ocrx_word' id='word_1_376' title='bbox 546 3919 691 4006; x_wconf 65' lang='grc' dir='ltr'>θήσομαι</span> <span class='ocrx_word' id='word_1_377' title='bbox 706 3919 757 3984; x_wconf 79' lang='grc' dir='ltr'>ἐπὶ</span> <span class='ocrx_word' id='word_1_378' title='bbox 779 3927 835 3984; x_wconf 91' lang='grc' dir='ltr'>τοῦ</span> <span class='ocrx_word' id='word_1_379' title='bbox 849 3916 925 4003; x_wconf 71' lang='lat' dir='ltr'>opo</span> <span class='ocrx_word' id='word_1_380' title='bbox 965 3913 1069 3993; x_wconf 80' lang='lat' dir='ltr'>juret.</span> <span class='ocrx_word' id='word_1_381' title='bbox 1088 3950 1126 3960; x_wconf 94' lang='lat'>-</span> <span class='ocrx_word' id='word_1_382' title='bbox 1141 3916 1320 3998; x_wconf 84' lang='lat' dir='ltr'><em>Defracta</em></span> <span class='ocrx_word' id='word_1_383' title='bbox 1334 3919 1460 3982; x_wconf 84' lang='lat' dir='ltr'>oeatrc‘s</span> <span class='ocrx_word' id='word_1_384' title='bbox 1477 3922 1527 3986; x_wconf 81' lang='lat' dir='ltr'><em>tac‘</em></span> <span class='ocrx_word' id='word_1_385' title='bbox 1534 3938 1656 4003; x_wconf 73' lang='lat' dir='ltr'><em>portora</em></span> <span class='ocrx_word' id='word_1_386' title='bbox 1670 3941 1726 3988; x_wconf 84' lang='lat' dir='ltr'>oa-</span> 
     </span>
     <span class='ocr_line' id='line_1_35' title="bbox 146 4017 1726 4109; baseline 0.002 -22"><span class='ocrx_word' id='word_1_387' title='bbox 146 4029 147 4034; x_wconf 76' lang='grc'>’</span> <span class='ocrx_word' id='word_1_388' title='bbox 176 4043 231 4087; x_wconf 94' lang='grc' dir='ltr'>νου</span> <span class='ocrx_word' id='word_1_389' title='bbox 247 4044 313 4087; x_wconf 92' lang='grc' dir='ltr'>σου.</span> <span class='ocrx_word' id='word_1_390' title='bbox 330 4022 395 4088; x_wconf 78' lang='grc' dir='ltr'>Καὶ</span> <span class='ocrx_word' id='word_1_391' title='bbox 410 4022 504 4090; x_wconf 88' lang='grc' dir='ltr'>δύσει</span> <span class='ocrx_word' id='word_1_392' title='bbox 526 4025 620 4109; x_wconf 83' lang='grc' dir='ltr'>αύτῷ,</span> <span class='ocrx_word' id='word_1_393' title='bbox 638 4025 715 4109; x_wconf 80' lang='grc' dir='ltr'>φησὶ</span> <span class='ocrx_word' id='word_1_394' title='bbox 730 4022 870 4109; x_wconf 77' lang='grc' dir='ltr'>Γοιόριηλ</span> <span class='ocrx_word' id='word_1_395' title='bbox 884 4033 924 4109; x_wconf 79' lang='grc' dir='ltr'>τῇ</span> <span class='ocrx_word' id='word_1_396' title='bbox 961 4035 1026 4100; x_wconf 79' lang='lat' dir='ltr'>per</span> <span class='ocrx_word' id='word_1_397' title='bbox 1039 4017 1143 4084; x_wconf 84' lang='lat' dir='ltr'>sedem</span> <span class='ocrx_word' id='word_1_398' title='bbox 1158 4021 1257 4084; x_wconf 85' lang='lat' dir='ltr'><em>taam.</em></span> <span class='ocrx_word' id='word_1_399' title='bbox 1277 4023 1351 4084; x_wconf 80' lang='lat' dir='ltr'>«Et</span> <span class='ocrx_word' id='word_1_400' title='bbox 1366 4021 1460 4086; x_wconf 83' lang='lat' dir='ltr'>dabit</span> <span class='ocrx_word' id='word_1_401' title='bbox 1484 4024 1536 4087; x_wconf 92' lang='lat' dir='ltr'>illi</span> <span class='ocrx_word' id='word_1_402' title='bbox 1557 4027 1660 4106; x_wconf 86' lang='lat' dir='ltr'>Deus,</span> <span class='ocrx_word' id='word_1_403' title='bbox 1676 4028 1726 4090; x_wconf 82' lang='lat' dir='ltr'>aii</span> 
     </span>
     <span class='ocr_line' id='line_1_36' title="bbox 175 4123 1722 4213; baseline -0.001 -21"><span class='ocrx_word' id='word_1_404' title='bbox 175 4125 327 4213; x_wconf 60' lang='grc' dir='ltr'>Μαρίμό</span> <span class='ocrx_word' id='word_1_405' title='bbox 350 4127 429 4206; x_wconf 88' lang='grc' dir='ltr'>Θεός</span> <span class='ocrx_word' id='word_1_406' title='bbox 452 4130 505 4193; x_wconf 88' lang='grc' dir='ltr'>τόν</span> <span class='ocrx_word' id='word_1_407' title='bbox 528 4127 643 4213; x_wconf 76' lang='grc' dir='ltr'>θρόνον</span> <span class='ocrx_word' id='word_1_408' title='bbox 665 4128 761 4194; x_wconf 83' lang='grc' dir='ltr'>Δαυίδ</span> <span class='ocrx_word' id='word_1_409' title='bbox 787 4138 844 4193; x_wconf 89' lang='grc' dir='ltr'>τοῦ</span> <span class='ocrx_word' id='word_1_410' title='bbox 865 4149 925 4192; x_wconf 85' lang='grc' dir='ltr'>ιτα-</span> <span class='ocrx_word' id='word_1_411' title='bbox 969 4123 1106 4187; x_wconf 88' lang='lat' dir='ltr'>Gabriel</span> <span class='ocrx_word' id='word_1_412' title='bbox 1123 4125 1248 4206; x_wconf 77' lang='lat' dir='ltr'>Maria,</span> <span class='ocrx_word' id='word_1_413' title='bbox 1264 4127 1378 4190; x_wconf 89' lang='lat' dir='ltr'>sedem</span> <span class='ocrx_word' id='word_1_414' title='bbox 1392 4129 1565 4209; x_wconf 82' lang='lat' dir='ltr'>patrissui</span> <span class='ocrx_word' id='word_1_415' title='bbox 1581 4131 1722 4194; x_wconf 85' lang='lat' dir='ltr'>David.»</span> 
     </span>
     <span class='ocr_line' id='line_1_37' title="bbox 175 4228 1725 4318; baseline 0.003 -24"><span class='ocrx_word' id='word_1_416' title='bbox 175 4233 248 4315; x_wconf 86' lang='grc' dir='ltr'>τρός</span> <span class='ocrx_word' id='word_1_417' title='bbox 263 4234 368 4298; x_wconf 82' lang='grc' dir='ltr'>αὐτοῦ.</span> <span class='ocrx_word' id='word_1_418' title='bbox 384 4231 503 4317; x_wconf 87' lang='grc' dir='ltr'>Θρόνος</span> <span class='ocrx_word' id='word_1_419' title='bbox 517 4231 572 4318; x_wconf 84' lang='grc' dir='ltr'>μέν</span> <span class='ocrx_word' id='word_1_420' title='bbox 587 4233 653 4298; x_wconf 79' lang='grc' dir='ltr'>ἐστι</span> <span class='ocrx_word' id='word_1_421' title='bbox 667 4243 724 4297; x_wconf 86' lang='grc' dir='ltr'>τοῦ</span> <span class='ocrx_word' id='word_1_422' title='bbox 739 4231 857 4316; x_wconf 76' lang='grc' dir='ltr'>Θεοῦη</span> <span class='ocrx_word' id='word_1_423' title='bbox 870 4231 925 4316; x_wconf 83' lang='grc' dir='ltr'>ρύ-</span> <span class='ocrx_word' id='word_1_424' title='bbox 969 4228 1125 4294; x_wconf 79' lang='lat' dir='ltr'>Thronus</span> <span class='ocrx_word' id='word_1_425' title='bbox 1136 4231 1197 4294; x_wconf 86' lang='lat' dir='ltr'>Dei</span> <span class='ocrx_word' id='word_1_426' title='bbox 1211 4234 1262 4294; x_wconf 83' lang='lat' dir='ltr'>est</span> <span class='ocrx_word' id='word_1_427' title='bbox 1273 4236 1397 4294; x_wconf 85' lang='lat' dir='ltr'>natura</span> <span class='ocrx_word' id='word_1_428' title='bbox 1407 4233 1614 4313; x_wconf 85' lang='lat' dir='ltr'>spiritualis3</span> <span class='ocrx_word' id='word_1_429' title='bbox 1629 4235 1725 4298; x_wconf 83' lang='lat' dir='ltr'>Chri·</span> 
     </span>
     <span class='ocr_line' id='line_1_38' title="bbox 176 4334 1725 4423; baseline 0.002 -24"><span class='ocrx_word' id='word_1_430' title='bbox 176 4357 222 4413; x_wconf 92' lang='grc' dir='ltr'>σις</span> <span class='ocrx_word' id='word_1_431' title='bbox 236 4334 258 4421; x_wconf 80' lang='grc' dir='ltr'><strong>ἡ</strong></span> <span class='ocrx_word' id='word_1_432' title='bbox 274 4335 406 4422; x_wconf 78' lang='grc' dir='ltr'>λογικη·</span> <span class='ocrx_word' id='word_1_433' title='bbox 422 4337 536 4422; x_wconf 76' lang='grc' dir='ltr'>ὀρόνος</span> <span class='ocrx_word' id='word_1_434' title='bbox 552 4339 587 4402; x_wconf 82' lang='grc' dir='ltr'>δὲ</span> <span class='ocrx_word' id='word_1_435' title='bbox 609 4336 749 4422; x_wconf 88' lang='grc' dir='ltr'>Χριστοῦ</span> <span class='ocrx_word' id='word_1_436' title='bbox 765 4337 787 4422; x_wconf 79' lang='grc' dir='ltr'><strong>ἡ</strong></span> <span class='ocrx_word' id='word_1_437' title='bbox 803 4335 924 4423; x_wconf 71' lang='grc' dir='ltr'>θεωρία</span> <span class='ocrx_word' id='word_1_438' title='bbox 968 4334 1013 4396; x_wconf 86' lang='lat' dir='ltr'>sti</span> <span class='ocrx_word' id='word_1_439' title='bbox 1030 4337 1145 4396; x_wconf 85' lang='lat' dir='ltr'>autem</span> <span class='ocrx_word' id='word_1_440' title='bbox 1169 4334 1313 4419; x_wconf 84' lang='lat' dir='ltr'>thronus</span> <span class='ocrx_word' id='word_1_441' title='bbox 1334 4340 1385 4399; x_wconf 84' lang='lat' dir='ltr'>esi</span> <span class='ocrx_word' id='word_1_442' title='bbox 1407 4339 1647 4418; x_wconf 78' lang='lat' dir='ltr'>contemplatio</span> <span class='ocrx_word' id='word_1_443' title='bbox 1663 4357 1725 4402; x_wconf 78' lang='lat' dir='ltr'>sa·</span> 
     </span>
     <span class='ocr_line' id='line_1_39' title="bbox 174 4438 1600 4527; baseline 0 -23"><span class='ocrx_word' id='word_1_444' title='bbox 174 4449 236 4505; x_wconf 88' lang='grc' dir='ltr'>τῦν</span> <span class='ocrx_word' id='word_1_445' title='bbox 251 4441 426 4527; x_wconf 86' lang='grc' dir='ltr'>γεγονότων</span> <span class='ocrx_word' id='word_1_446' title='bbox 440 4443 496 4506; x_wconf 83' lang='grc' dir='ltr'>καί</span> <span class='ocrx_word' id='word_1_447' title='bbox 510 4439 729 4527; x_wconf 85' lang='grc' dir='ltr'>γενησομένων</span> <span class='ocrx_word' id='word_1_448' title='bbox 746 4439 876 4506; x_wconf 89' lang='grc' dir='ltr'>ιιίύνων.</span> <span class='ocrx_word' id='word_1_449' title='bbox 971 4438 1128 4502; x_wconf 88' lang='lat' dir='ltr'>culorum</span> <span class='ocrx_word' id='word_1_450' title='bbox 1145 4457 1220 4521; x_wconf 87' lang='lat' dir='ltr'>quae</span> <span class='ocrx_word' id='word_1_451' title='bbox 1236 4439 1331 4503; x_wconf 85' lang='lat' dir='ltr'>fuere</span> <span class='ocrx_word' id='word_1_452' title='bbox 1348 4445 1382 4503; x_wconf 86' lang='lat' dir='ltr'>et</span> <span class='ocrx_word' id='word_1_453' title='bbox 1397 4457 1473 4521; x_wconf 85' lang='lat' dir='ltr'>quae</span> <span class='ocrx_word' id='word_1_454' title='bbox 1490 4447 1600 4505; x_wconf 84' lang='lat' dir='ltr'>eruut.</span> 
     </span>
    </p>

    <p class='ocr_par' dir='ltr' id='par_1_7' title="bbox 218 4543 1723 4632">
     <span class='ocr_line' id='line_1_40' title="bbox 218 4543 1723 4632; baseline -0.001 -23"><span class='ocrx_word' id='word_1_455' title='bbox 218 4565 249 4609; x_wconf 89' lang='lat' dir='ltr'>v.</span> <span class='ocrx_word' id='word_1_456' title='bbox 270 4548 319 4611; x_wconf 85' lang='lat'>15.</span> <span class='ocrx_word' id='word_1_457' title='bbox 336 4544 404 4632; x_wconf 79' lang='grc' dir='ltr'>Τὴν</span> <span class='ocrx_word' id='word_1_458' title='bbox 426 4545 533 4630; x_wconf 67' lang='grc' dir='ltr'>θήραν</span> <span class='ocrx_word' id='word_1_459' title='bbox 553 4547 652 4630; x_wconf 77' lang='grc' dir='ltr'>αὐτῆς</span> <span class='ocrx_word' id='word_1_460' title='bbox 675 4544 814 4630; x_wconf 84' lang='grc' dir='ltr'>εύλογῦν</span> <span class='ocrx_word' id='word_1_461' title='bbox 837 4544 926 4610; x_wconf 88' lang='grc' dir='ltr'>εόλο-</span> <span class='ocrx_word' id='word_1_462' title='bbox 1013 4561 1045 4605; x_wconf 90' lang='grc' dir='ltr'>ν.</span> <span class='ocrx_word' id='word_1_463' title='bbox 1072 4543 1121 4621; x_wconf 74' lang='grc'>15.</span> <span class='ocrx_word' id='word_1_464' title='bbox 1154 4544 1355 4608; x_wconf 82' lang='lat' dir='ltr'><em>Veaattoaem</em></span> <span class='ocrx_word' id='word_1_465' title='bbox 1376 4545 1448 4625; x_wconf 75' lang='lat' dir='ltr'>ejas</span> <span class='ocrx_word' id='word_1_466' title='bbox 1469 4544 1652 4610; x_wconf 79' lang='lat' dir='ltr'>benediceres</span> <span class='ocrx_word' id='word_1_467' title='bbox 1674 4544 1723 4608; x_wconf 80' lang='lat' dir='ltr'>be-</span> 
     </span>
    </p>
   </div>
   <div class='ocr_carea' id='block_1_3' title="bbox 47 4617 1721 4737">
    <p class='ocr_par' dir='ltr' id='par_1_8' title="bbox 47 4617 1721 4737">
     <span class='ocr_line' id='line_1_41' title="bbox 47 4617 1721 4737; baseline -0.001 -23"><span class='ocrx_word' id='word_1_468' title='bbox 47 4617 51 4624; x_wconf 25' lang='lat'><em>·</em></span> <span class='ocrx_word' id='word_1_469' title='bbox 172 4647 273 4733; x_wconf 76' lang='grc' dir='ltr'>γήσω,</span> <span class='ocrx_word' id='word_1_470' title='bbox 289 4651 361 4728; x_wconf 86' lang='grc' dir='ltr'>τοὺς</span> <span class='ocrx_word' id='word_1_471' title='bbox 376 4653 523 4737; x_wconf 83' lang='grc' dir='ltr'>πτωχοὺς</span> <span class='ocrx_word' id='word_1_472' title='bbox 535 4651 635 4735; x_wconf 79' lang='grc' dir='ltr'>αύτης</span> <span class='ocrx_word' id='word_1_473' title='bbox 650 4649 798 4736; x_wconf 81' lang='grc' dir='ltr'>χορτάσω</span> <span class='ocrx_word' id='word_1_474' title='bbox 810 4651 923 4735; x_wconf 80' lang='grc' dir='ltr'>ἄρτων.</span> <span class='ocrx_word' id='word_1_475' title='bbox 967 4644 1121 4725; x_wconf 64' lang='lat' dir='ltr'>ardicam</span> <span class='ocrx_word' id='word_1_476' title='bbox 1138 4661 1300 4726; x_wconf 78' lang='lat' dir='ltr'>pauperes</span> <span class='ocrx_word' id='word_1_477' title='bbox 1315 4647 1386 4726; x_wconf 78' lang='lat' dir='ltr'>ejas</span> <span class='ocrx_word' id='word_1_478' title='bbox 1400 4649 1551 4713; x_wconf 72' lang='lat' dir='ltr'>saturabo</span> <span class='ocrx_word' id='word_1_479' title='bbox 1566 4649 1721 4730; x_wconf 71' lang='lat' dir='ltr'>pacoro.</span> 
     </span>
    </p>
   </div>
   <div class='ocr_carea' id='block_1_4' title="bbox 172 4752 1726 4944">
    <p class='ocr_par' dir='ltr' id='par_1_9' title="bbox 172 4752 1726 4944">
     <span class='ocr_line' id='line_1_42' title="bbox 218 4752 1726 4841; baseline 0.001 -24"><span class='ocrx_word' id='word_1_480' title='bbox 218 4752 343 4838; x_wconf 85' lang='grc' dir='ltr'>Ταύτης</span> <span class='ocrx_word' id='word_1_481' title='bbox 358 4762 415 4839; x_wconf 81' lang='grc' dir='ltr'>της</span> <span class='ocrx_word' id='word_1_482' title='bbox 438 4753 545 4840; x_wconf 71' lang='grc' dir='ltr'>θήρας</span> <span class='ocrx_word' id='word_1_483' title='bbox 560 4753 577 4818; x_wconf 90' lang='grc' dir='ltr'>δ</span> <span class='ocrx_word' id='word_1_484' title='bbox 593 4755 627 4818; x_wconf 83' lang='grc' dir='ltr'>ἐν</span> <span class='ocrx_word' id='word_1_485' title='bbox 649 4762 718 4832; x_wconf 84' lang='grc' dir='ltr'>ταῖς</span> <span class='ocrx_word' id='word_1_486' title='bbox 737 4753 926 4841; x_wconf 88' lang='grc' dir='ltr'>Παροιμίαις</span> <span class='ocrx_word' id='word_1_487' title='bbox 1013 4753 1087 4827; x_wconf 85' lang='lat' dir='ltr'>Qua</span> <span class='ocrx_word' id='word_1_488' title='bbox 1100 4753 1280 4816; x_wconf 83' lang='lat' dir='ltr'>venatione</span> <span class='ocrx_word' id='word_1_489' title='bbox 1303 4759 1510 4819; x_wconf 86' lang='lat' dir='ltr'>memoratus</span> <span class='ocrx_word' id='word_1_490' title='bbox 1526 4756 1563 4818; x_wconf 92' lang='lat' dir='ltr'>in</span> <span class='ocrx_word' id='word_1_491' title='bbox 1584 4757 1726 4820; x_wconf 86' lang='lat' dir='ltr'>Prover-</span> 
     </span>
     <span class='ocr_line' id='line_1_43' title="bbox 172 4855 1722 4944; baseline 0.003 -23"><span class='ocrx_word' id='word_1_492' title='bbox 172 4857 232 4921; x_wconf 87' lang='grc' dir='ltr'>ούκ</span> <span class='ocrx_word' id='word_1_493' title='bbox 241 4857 435 4936; x_wconf 78' lang='grc' dir='ltr'>ὀπιτεύξεται</span> <span class='ocrx_word' id='word_1_494' title='bbox 446 4857 558 4936; x_wconf 88' lang='grc' dir='ltr'>δόλιος.</span> <span class='ocrx_word' id='word_1_495' title='bbox 570 4857 631 4923; x_wconf 83' lang='grc' dir='ltr'>Ἐκ</span> <span class='ocrx_word' id='word_1_496' title='bbox 641 4857 758 4944; x_wconf 89' lang='grc' dir='ltr'>ταύτης</span> <span class='ocrx_word' id='word_1_497' title='bbox 771 4857 806 4924; x_wconf 77' lang='grc' dir='ltr'>δὲ</span> <span class='ocrx_word' id='word_1_498' title='bbox 818 4857 924 4944; x_wconf 72' lang='grc' dir='ltr'>θήρας</span> <span class='ocrx_word' id='word_1_499' title='bbox 968 4857 1034 4921; x_wconf 89' lang='lat' dir='ltr'>biis</span> <span class='ocrx_word' id='word_1_500' title='bbox 1046 4855 1285 4922; x_wconf 87' lang='lat' dir='ltr'>fraudulentus</span> <span class='ocrx_word' id='word_1_501' title='bbox 1297 4874 1365 4922; x_wconf 91' lang='lat' dir='ltr'>nou</span> <span class='ocrx_word' id='word_1_502' title='bbox 1377 4857 1520 4922; x_wconf 86' lang='lat' dir='ltr'>fruetur.</span> <span class='ocrx_word' id='word_1_503' title='bbox 1528 4857 1593 4924; x_wconf 87' lang='lat' dir='ltr'>Sed</span> <span class='ocrx_word' id='word_1_504' title='bbox 1605 4877 1647 4924; x_wconf 81' lang='lat' dir='ltr'>en</span> <span class='ocrx_word' id='word_1_505' title='bbox 1659 4861 1722 4924; x_wconf 87' lang='lat' dir='ltr'>illa</span> 
     </span>
    </p>
   </div>
   <div class='ocr_carea' id='block_1_5' title="bbox 205 5076 1346 5240">
    <p class='ocr_par' dir='ltr' id='par_1_10' title="bbox 205 5076 1346 5240">
     <span class='ocr_line' id='line_1_44' title="bbox 206 5076 1346 5155; baseline -0.007 -15"><span class='ocrx_word' id='word_1_506' title='bbox 206 5099 234 5140; x_wconf 77' lang='lat' dir='ltr'>v.</span> <span class='ocrx_word' id='word_1_507' title='bbox 247 5081 274 5136; x_wconf 83' lang='grc'>9.</span> <span class='ocrx_word' id='word_1_508' title='bbox 287 5080 355 5152; x_wconf 80' lang='lat' dir='ltr'>Vnt,</span> <span class='ocrx_word' id='word_1_509' title='bbox 369 5082 414 5155; x_wconf 72' lang='lat'>12,</span> <span class='ocrx_word' id='word_1_510' title='bbox 1003 5094 1032 5136; x_wconf 82' lang='lat' dir='ltr'>v.</span> <span class='ocrx_word' id='word_1_511' title='bbox 1046 5076 1088 5148; x_wconf 80' lang='lat'>15,</span> <span class='ocrx_word' id='word_1_512' title='bbox 1102 5077 1143 5133; x_wconf 89' lang='grc'>16.</span> <span class='ocrx_word' id='word_1_513' title='bbox 1158 5077 1226 5135; x_wconf 79' lang='lat' dir='ltr'>Vei.</span> <span class='ocrx_word' id='word_1_514' title='bbox 1240 5076 1266 5132; x_wconf 85' lang='lat'>5.</span> <span class='ocrx_word' id='word_1_515' title='bbox 1345 5143 1346 5146; x_wconf 9' lang='grc' dir='ltr'>γ</span> 
     </span>
     <span class='ocr_line' id='line_1_45' title="bbox 205 5167 702 5240; baseline 0.006 -17"><span class='ocrx_word' id='word_1_516' title='bbox 205 5183 234 5223; x_wconf 87' lang='grc' dir='ltr'>ν.</span> <span class='ocrx_word' id='word_1_517' title='bbox 249 5168 290 5223; x_wconf 90' lang='grc'>11.</span> <span class='ocrx_word' id='word_1_518' title='bbox 304 5167 371 5224; x_wconf 73' lang='lat' dir='ltr'>Vnt.</span> <span class='ocrx_word' id='word_1_519' title='bbox 385 5169 411 5240; x_wconf 83' lang='grc' dir='ltr'>ὀ,</span> <span class='ocrx_word' id='word_1_520' title='bbox 424 5167 466 5224; x_wconf 84' lang='grc'>16.</span> <span class='ocrx_word' id='word_1_521' title='bbox 480 5168 550 5226; x_wconf 83' lang='lat' dir='ltr'>Luc.</span> <span class='ocrx_word' id='word_1_522' title='bbox 565 5169 590 5240; x_wconf 87' lang='lat'>1,</span> <span class='ocrx_word' id='word_1_523' title='bbox 603 5169 646 5240; x_wconf 78' lang='grc'>82,</span> <span class='ocrx_word' id='word_1_524' title='bbox 659 5169 702 5225; x_wconf 69' lang='grc' dir='ltr'>ὀᾶ</span> 
     </span>
    </p>
   </div>
   <div class='ocr_carea' id='block_1_6' title="bbox 0 0 2008 6090">
    <p class='ocr_par' dir='ltr' id='par_1_11' title="bbox 0 0 2008 6090">
     <span class='ocr_line' id='line_1_46' title="bbox 0 0 2008 6090; baseline 0 0"><span class='ocrx_word' id='word_1_525' title='bbox 0 0 2008 6090; x_wconf 95' lang='lat' dir='ltr'> </span> 
     </span>
    </p>
   </div>
  </div>
 </body>
</html>
