4006 6090
738 447 781 509 IN
804 445 1003 510 PSALMUM
1026 448 1165 516 CXVIII
1645 451 1705 514 301

213 585 360 653 Διδάσκει
381 585 467 672 ἡμᾶς
488 583 518 650 τί
543 585 592 652 δεῖ
612 595 736 671 φρονεῖν
763 583 916 671 περὶτῶν
1005 587 1131 651 Edooet
1152 603 1213 652 noo
1235 590 1317 670 quid
1339 591 1468 657 sentire
1491 594 1642 672 oporteat
1664 593 1705 656 de

168 690 282 778 λογίων
300 700 357 756 τοῦ
378 689 479 758 Θεοῦ·
494 688 701 776 ἐξητασμένα,
717 688 765 753 δτι
787 685 917 774 οὐδεμία
962 688 1087 754 divinis
1109 693 1480 757 oraculio.Examinata
1501 699 1591 774 eunt,
1615 696 1704 777 quod

168 793 311 880 συλλαδὴ
327 793 397 879 εἰκῇ
412 795 469 858 καί
483 792 526 870 ὡς
537 795 650 880 ἔτυχον
665 791 872 878 παρέρριπται
881 791 916 857 έν
963 811 1005 858 ne
1028 796 1100 858 ulia
1121 795 1258 877 quidem
1288 796 1420 879 syllaba
1441 801 1567 861 temere
1594 803 1629 861 et
1649 815 1709 880 per

168 907 238 976 ταῖς
252 907 398 984 γραφαῖς,
414 896 499 962 άλλά
509 896 613 962 πάντα
627 899 724 974 ούτως
737 892 915 982 γεγραμμέ-
963 915 1080 962 οοεωοι
1092 900 1228 980 irrepsit
1236 900 1271 963 in
1281 901 1481 982 scripturae,
1493 905 1620 964 ounota
1626 916 1707 964 vero
1817 981 1818 984 γ

169 1024 210 1069 να
225 1001 267 1081 ὡς
281 1004 317 1067 τὸ
332 1001 554 1087 πεπυρωμένον
570 1001 735 1088 ἀργύριον·
758 1001 810 1067 διὰ
824 1008 916 1064 τοῦτο
963 1001 1012 1066 ita
1041 1007 1180 1066 exarata
1205 1007 1287 1068 sunt
1313 1004 1402 1068 siout
1424 1007 1606 1084 argentum
1626 1005 1709 1082 igne

168 1106 187 1170 δ
202 1106 315 1192 Σωτὴρ
330 1105 471 1170 διδάσκει
484 1103 569 1192 ἡμας
581 1106 624 1190 μὴ
636 1111 846 1189 καταφρονεῖν
859 1122 917 1187 μη·
963 1112 1197 1188 repurgatum.
1232 1110 1413 1190 Propterea
1436 1110 1588 1172 Salvator
1613 1109 1709 1172 dooet

168 1207 277 1296 δεμίας
292 1207 422 1294 κεραίας
443 1208 664 1296 γεγραμμένης
679 1209 714 1274 ἐν
736 1217 775 1293 τῇ
798 1215 915 1292 γραφῇ,
962 1227 1023 1274 noo
1046 1227 1112 1273 non
1135 1215 1349 1276 contemnere
1372 1229 1479 1276 unum
1502 1214 1632 1294 apioem
1658 1215 1709 1278 in·

168 1313 279 1401 λέγων·
297 1315 377 1378 ίωτα
388 1313 421 1378 ἓν
435 1314 457 1399 η
471 1311 527 1399 μία
537 1310 650 1398 κεραία
664 1314 702 1378 ού
714 1314 758 1398 μὴ
773 1309 915 1397 παρέλθῃ
961 1319 1091 1378 eertum
1107 1315 1298 1397 Soripturae,
1317 1316 1449 1380 dicens:
1475 1319 1579 1380 «Iota
1598 1335 1706 1382 unum

168 1418 232 1484 ἀπὸ
247 1427 303 1484 τοῦ
316 1416 424 1505 νύμου,
440 1416 500 1495 ἕως
515 1417 555 1484 δν
570 1416 674 1483 πάντα
684 1414 912 1504 παραγένηται.
962 1423 1023 1481 aut
1045 1434 1135 1482 unus
1168 1434 1254 1500 apex
1277 1436 1344 1483 nou
1366 1419 1553 1501 praeteribit
1574 1438 1594 1484 a
1617 1420 1706 1501 lege,

169 1521 224 1601 Τίς
255 1523 291 1587 δέ
312 1531 405 1587 τοῦτο
434 1521 602 1608 ἠγάπησεν
624 1521 660 1586 τδ
682 1518 915 1605 πεπυρωμένον,
964 1521 1069 1585 doneo
1092 1523 1206 1585 omnia
1230 1520 1315 1586 fiant
1341 1544 1371 1587 υ.
1403 1525 1485 1600 Quis
1511 1542 1592 1588 varo
1621 1525 1708 1590 illud

168 1625 274 1711 ἀλλ’ίγ
290 1625 475 1691 ὁδουλεύων
498 1633 541 1710 τῷ
563 1624 653 1710 Θεῷ;
676 1623 760 1690 άλλδι
782 1624 915 1689 καίδιά-
962 1626 1083 1690 dilexit
1106 1627 1279 1708 eloquium
1302 1633 1536 1710 repurgatum,
1559 1629 1626 1692 nisi
1645 1631 1707 1712 qui

169 1727 267 1814 πυράν
282 1729 365 1796 ίστιν
387 1731 424 1794 τὸ
445 1726 552 1814 λόγιον
570 1725 699 1814 Κυρίου,
716 1726 819 1813 άφόύ
841 1724 916 1812 έλη-
962 1730 1031 1794 Deo
1068 1731 1199 1794 serviti
1232 1732 1359 1796 Verum
1396 1736 1430 1796 et
1463 1731 1614 1812 ignitum
1656 1737 1707 1798 est

170 1831 263 1898 λυθεν
284 1830 409 1917 Ἰησοῦς
436 1829 544 1918 βαλεῖν
566 1841 627 1917 πῦρ
649 1831 701 1896 ἐπὶ
722 1833 781 1918 την
803 1839 874 1918 γῆν,
897 1832 916 1895 δ
962 1835 1135 1914 eloquium
1157 1836 1303 1916 Domini,
1327 1853 1369 1900 ex
1390 1854 1457 1919 quo
1478 1837 1574 1902 venit
1594 1838 1707 1918 Jesua,

167 1937 224 2002 καὶ
245 1938 304 2021 τὴν
326 1935 441 2004 κακίαν
470 1935 532 2016 ἕξιν
553 1936 652 2001 οὖσαν
683 1935 794 2021 δλικὴν
817 1955 915 2000 κατα-
961 1942 1001 2000 ut
1022 1939 1172 2003 mitteret
1188 1939 1306 2018 ignem
1322 1941 1358 2002 in
1375 1943 1510 2021 terram,
1527 1941 1587 2021 qui
1603 1941 1707 2006 etiam

169 2041 315 2127 φάγεται,
338 2039 380 2118 ὡς
402 2038 527 2128 χόρτον,
543 2039 703 2126 καλάμην,
719 2042 776 2118 τάς
797 2038 916 2126 μοχθη-
960 2041 1100 2106 devorat
1114 2059 1247 2108 omnem
1264 2045 1430 2108 malitiam
1441 2063 1483 2108 ex
1498 2045 1640 2108 materia
1655 2062 1706 2110 or·

168 2146 225 2230 ράς
248 2145 336 2224 ἕξεις.
359 2144 405 2210 Τὸ
427 2145 533 2231 λόγιον
552 2153 607 2209 τοῦ
622 2143 706 2211 Θεοῦ
729 2141 916 2230 πεπυρωμέ·
960 2150 1040 2226 tam,
1070 2151 1109 2210 ut
1138 2146 1266 2226 fenum,
1288 2148 1459 2229 stipulam,
1483 2149 1589 2213 malos
1612 2149 1707 2213 habi·

169 2269 223 2316 νον
238 2249 305 2315 ἐστὶ
323 2248 455 2336 σφόδρα,
470 2247 612 2315 τουτέστι
632 2245 846 2332 ὲξητασμένον
860 2249 916 2312 καί
961 2255 1026 2315 tus.
1041 2285 1079 2295 -
1092 2251 1276 2332 Eloquium
1291 2251 1352 2315 Dei
1364 2252 1513 2330 ignitum
1528 2253 1707 2317 vehemen-

167 2353 256 2438 πάση
279 2352 407 2440 βασάνῳ
430 2351 635 2438 ἀνέγκλητον,
651 2352 706 2416 καί
731 2351 761 2416 εί
781 2370 827 2426 τις
843 2351 912 2437 έχοι
959 2362 1021 2436 ter,
1044 2355 1078 2419 id
1094 2358 1146 2420 eet
1159 2355 1269 2420 oribro
1284 2361 1471 2436 purgatum
1490 2359 1594 2437 atque
1612 2358 1705 2420 omni

166 2459 204 2523 τὸ
218 2456 440 2543 πεπυρωμένον
451 2466 544 2521 τοῦτο
555 2454 672 2541 λόγιον,
685 2454 845 2538 ἀνακρίνει
857 2455 913 2540 μέν
960 2459 1105 2523 ootioula
1124 2459 1314 2540 probatum,
1338 2463 1372 2522 et
1393 2459 1423 2522 ei
1446 2459 1523 2540 quis
1549 2459 1707 2524 habuerit

168 2561 282 2645 πάντα,
309 2562 404 2640 αὐτὸς
426 2561 462 2625 δέ
485 2560 536 2626 ὑπ’
558 2560 683 2637 οῦδενδς
706 2557 914 2644 ἀνακρίνεται.
960 2565 1136 2628 oraoulum
1153 2562 1238 2626 illud
1260 2563 1413 2642 igneum,
1430 2563 1545 2626 omnia
1567 2563 1706 2643 quidem

170 2703 212 2714 -
229 2664 338 2750 Τούτῳ
353 2663 529 2746 ἀκολουθεῖ,
547 2663 574 2728 εί
597 2660 761 2748 μελέτημά
783 2662 866 2728 ἐστιν
882 2660 916 2726 αί
956 2667 1099 2749 J'udioat,
1122 2667 1193 2749 ipse
1215 2684 1236 2730 a
1259 2667 1394 2730 nemina
1412 2665 1597 2746 jndioatur.
1622 2669 1706 2744 Quo·

170 2769 297 2836 έντολαὶ
318 2779 373 2836 τοῦ
395 2769 489 2851 Θεοῦ,
506 2769 583 2854 [ὅτε]
605 2766 731 2855 θλίψεις
750 2770 805 2833 καί
820 2769 916 2854 άνίιγ-
960 2789 1038 2836 oum
1052 2771 1087 2836 id
1097 2787 1307 2851 consequens
1323 2774 1383 2848 est,
1395 2770 1424 2833 si
1437 2769 1610 2833 meditatio
1626 2773 1707 2834 sunt

172 2896 229 2940 και
244 2896 282 2961 με
297 2872 502 2960 εύρίσκουσιν.
518 2871 583 2938 Καὶ
597 2872 701 2940 πάλιν·
719 2872 791 2936 ούδὲ
802 2872 836 2938 έν
847 2881 915 2950 ταῖς
962 2877 1024 2941 Dei
1039 2875 1210 2952 mandata,
1227 2874 1362 2954 quando
1384 2871 1584 2936 afflictiones
1599 2877 1634 2936 et
1648 2890 1706 2936 ne·

171 2977 382 3065 πτριστάσεσι,
399 2977 487 3064 φησί,
502 2986 611 3044 τοῦτον
623 2977 677 3042 σύν
690 2976 823 3064 μελετᾶν
839 2974 916 3063 ἠμί·
961 2980 1134 3044 oessitatee
1146 2979 1230 3042 mihi
1243 2979 1422 3056 ingruunt.
1435 2977 1479 3040 Et
1491 2977 1629 3040 iterum:
1645 2978 1708 3040 Ne-

168 3082 255 3169 λησα
269 3082 374 3170 νόμον.
963 3101 1030 3165 que
1053 3085 1089 3147 in
1111 3083 1293 3162 angustiis,
1316 3083 1374 3161 ait,
1397 3082 1511 3161 legem
1534 3085 1629 3145 tuam
1651 3099 1710 3146 ne·

961 3189 1056 3268 gleni
1079 3187 1246 3251 meditari.

213 3313 245 3356 ν.
263 3294 336 3357 142.
348 3290 389 3357 ‘H
404 3289 585 3376 δικαιοσύνη
601 3311 658 3356 σου
674 3289 854 3374 δικαιοσύνη
871 3289 915 3366 εἰς
1005 3310 1037 3355 v.
1063 3293 1135 3355 142.
1153 3291 1294 3356 lentitia
1315 3293 1383 3368 tuo,
1401 3289 1542 3369 jmtitio
1562 3289 1600 3354 ιἰι
1618 3293 1707 3354 αισα·

168 3397 222 3460 τὸν
237 3395 346 3478 αἰῶνα,
362 3397 416 3460 καί
430 3395 447 3461 ὁ
464 3395 556 3480 νόμος
572 3415 628 3459 σου
644 3393 788 3478 ἀλήθεια.
961 3412 1048 3475 κιαι,
1074 3398 1106 3460 τί
1127 3395 1178 3460 lea
1198 3398 1255 3458 too
1276 3395 1407 3460 amus.

210 3493 252 3564 ‘H
273 3498 454 3584 δικαιοσύνη
477 3520 535 3564 σου
562 3499 621 3564 οὐκ
646 3499 729 3564 ἔστιν
759 3495 852 3582 ὁμοία
874 3505 913 3582 τῇ
1006 3500 1149 3564 Justitia
1171 3503 1231 3562 tua
1260 3515 1328 3578 non
1351 3497 1474 3562 similis
1496 3501 1549 3562 est
1565 3495 1710 3576 justitiae

166 3606 241 3686 παρ’
250 3601 422 3687 ἀνθρώποις
440 3601 637 3686 δικαιοσύνη·
653 3603 704 3667 ίνα
722 3603 784 3686 γάρ
797 3598 916 3677 δίκαιος
960 3603 1148 3667 hominum.
1166 3604 1211 3666 Ut
1233 3602 1325 3666 enim
1340 3600 1440 3663 homo
1451 3599 1566 3679 justus
1581 3601 1627 3664 ait
1645 3605 1708 3664 aut

166 3705 366 3793 ᾐάνθρωπος
380 3708 403 3792 ἢ
419 3705 806 3791 praeumptionem
819 3707 916 3772 αῦτοῦ
959 3706 1073 3788 iudex,
1097 3706 1171 3786 ejus
1193 3707 1335 3786 equitas
1358 3703 1481 3784 Judioii
1503 3704 1707 3768 sententiam

169 3808 357 3875 ἀποδίδωσιν
380 3811 416 3874 τὸ
438 3807 557 3874 δίκαιον
579 3816 623 3894 τῷ
645 3807 817 3894 κρινομένῳ
839 3810 916 3894 πρὸς
960 3811 1087 3894 profert
1108 3814 1185 3893 post
1199 3811 1350 3892 quinque
1374 3809 1455 3889 dies,
1480 3810 1570 3872 ultra
1592 3811 1707 3890 plures

166 3911 260 3978 πέντε
281 3911 419 3998 ἡμέρας·
448 3914 525 3997 πρὸς
559 3910 681 3998 ἡμέρας
707 3910 854 3988 πλείονας
877 3913 913 3976 ού
961 3915 1155 3996 dispensare
1178 3913 1305 3997 nequit.
1333 3916 1467 3977 Interea
1492 3915 1582 3978 Deus
1605 3911 1706 3993 justi-

170 4016 301 4081 δύναται
322 4013 506 4082 ἀποδοῦναι.
532 4012 570 4081 ‘0
595 4014 699 4102 μέντοι
717 4037 754 4102 γε
770 4015 850 4093 Θεὸς
873 4017 916 4086 διε
959 4020 1043 4083 tiam
1063 4019 1165 4083 habet
1183 4034 1259 4099 qum
1273 4016 1407 4097 judioat
1429 4021 1463 4080 et
1483 4016 1541 4080 dat
1563 4017 1598 4081 in
1614 4021 1709 4080 eter-

165 4120 337 4205 καιοσύνην
355 4121 424 4206 ἔχει
444 4118 621 4205 κρίνουσαν,
648 4121 703 4184 καί
725 4118 912 4186 ἀποδίδωσιν
961 4142 1044 4188 num
1051 4123 1180 4204 juetam
1187 4121 1310 4202 judieii
1320 4122 1535 4186 sententiam.
1548 4122 1627 4185 Ideo
1638 4119 1706 4184 dio·

166 4224 295 4302 αἰωνίως
317 4225 357 4290 τά
386 4233 443 4309 της
464 4222 596 4308 κρίσεως
618 4234 676 4312 τῆς
702 4222 843 4302 δικαίας·
866 4225 914 4290 διὸ
960 4233 1034 4292 tum
1047 4227 1257 4292 estzltutiteu
1269 4225 1530 4306 totuff'ustitioin
1540 4229 1704 4290 aternum.

164 4327 330 4394 λέλεκται·
349 4328 370 4414 ἡ
387 4327 568 4413 δικαιοσύνη
592 4350 650 4394 σου
665 4329 846 4414 δικαιοσύνη
870 4330 915 4409 είς
961 4333 1187 4398 Immutabilis
1202 4332 1293 4396 enim
1308 4335 1369 4409 est,
1390 4334 1493 4410 atque
1508 4331 1633 4392 variari
1649 4347 1706 4393 ne-

165 4435 219 4500 τδν
241 4434 358 4499 αίῦνα·
380 4434 533 4518 ἄτρεπτος
556 4434 619 4518 γάρ
633 4434 689 4497 καί
704 4432 915 4512 ἀναλλοίωτος
960 4439 1040 4518 eoia,
1063 4454 1173 4519 neque
1195 4453 1288 4499 nuno
1307 4434 1418 4514 habet,
1434 4451 1526 4496 nuno
1540 4450 1621 4497 vero
1637 4449 1704 4496 non

166 4674 226 4740 sed
248 4677 343 4738 extra
368 4689 502 4736 omnem
522 4673 783 4752 ambiguitatem
799 4690 914 4754 super·
959 4681 1100 4755 menter,
1112 4691 1154 4738 ne
1166 4673 1249 4754 quid
1265 4671 1335 4735 illio
1351 4687 1434 4750 esse,
1447 4670 1539 4752 quod
1552 4687 1620 4734 non
1634 4686 1707 4750 per·

168 4763 246 4828 fluee
272 4761 447 4825 inanitatis
472 4763 600 4840 ignita,
624 4765 659 4825 et
681 4762 793 4840 ignita
815 4762 913 4826 vehe-
959 4765 1085 4830 feetum
1100 4781 1139 4826 ao
1154 4762 1328 4843 proprium
1344 4761 1398 4838 eit,
1415 4759 1638 4823 existimetur.

199 4998 228 5038 τ.
241 4978 302 5036 142.
314 4977 382 5035 δεῖ.
394 4980 421 5048 9,
434 4979 476 5034 16.
487 4977 655 5034 Clausulam
666 4977 794 5036 Eusebio
806 4981 913 5044 Cordo-
958 4991 1020 5042 tam
1030 4982 1106 5038 hano
1116 4980 1213 5052 legam
1221 4976 1452 5056 Aioxaudrimm
1461 4975 1498 5034 de
1508 4977 1655 5036 sententia
1664 4977 1707 5036 in·

163 5069 226 5125 riou
238 5063 458 5122 eolusdeditln
470 5065 586 5122 autoris
597 5065 723 5122 recurrit
734 5071 847 5128 temera
863 5091 913 5148 op·
957 5069 1005 5126 fra
1017 5066 1144 5141 quinque
1160 5062 1222 5122 dieo
1235 5062 1357 5122 ferenda
1375 5061 1561 5136 meditentur,
1574 5069 1605 5122 et
1622 5065 1708 5123 uobis

165 5152 231 5212 timi
247 5151 414 5210 eoholiastoe
427 5151 490 5224 jam
501 5150 664 5210 memorati.
677 5151 699 5210 J
699 5153 850 5229 urieperiti
862 5177 913 5219 au·
959 5155 1116 5214 declarent
