4036 6090
826 486 868 546 IN
892 484 1076 548 PsALMos
1562 435 1571 454 ι
1664 498 1724 558 loo

233 613 378 701 Νεφέλας
393 617 427 682 ἐν
442 617 562 695 τούτοις
583 615 692 702 [λέγει]
715 621 787 695 τοὺς
803 618 937 694 ἀποστύ·
1025 622 1136 686 Nubes
1153 625 1188 686 in
1203 625 1373 690 similibus
1389 629 1471 693 locis
1494 631 1577 695 dicit
1590 635 1727 714 Aposto-

188 718 272 803 λους,
289 725 361 800 τοὺς
371 723 424 789 τύν
436 721 641 806 εθοιγγελικόν
651 723 707 786 καί
718 722 861 808 οὐράνιον
872 723 937 788 δια·
981 725 1041 804 los,
1058 726 1117 806 qui
1140 729 1377 806 evangelicum
1400 732 1634 816 caelestemque
1658 755 1726 800 ser-

189 833 353 904 κονοῦντες
368 825 482 911 λύγον·
497 824 576 911 βέλη
593 825 628 891 δέ
641 827 698 903 τὰς
713 823 872 911 ἐνεργείας
882 836 938 891 τοῦ
982 845 1116 892 monem
1133 831 1345 912 ministrant;
1360 836 1506 912 sagittas
1529 843 1642 902 autem
1658 841 1729 921 Spi-

189 925 380 1014 Πνεύμοιτος.
396 925 528 1015 Ὅμοιον
543 931 597 995 ούν
612 929 687 996 ὡσεί
701 929 841 1015 λέγοιεν·
856 929 939 1015 ένέρ-
984 934 1070 997 ritus
1087 935 1307 1015 operationes.
1325 938 1467 1003 Perinde
1483 958 1566 1020 ergo
1580 960 1620 1006 ao
1634 945 1664 1006 si
1679 943 1728 1007 di·

187 1053 269 1117 γειοιι
290 1034 334 1111 εἰς
355 1035 429 1111 τούς
450 1033 557 1118 ἁγίους
584 1033 727 1120 μαθητὰς
749 1034 934 1114 έξάκουστοι
984 1037 1106 1100 nisset:
1124 1041 1334 1118 operationes
1350 1042 1386 1104 in
1401 1047 1534 1108 sanctos
1550 1047 1724 1126 Apostolos

189 1137 275 1220 πάσῃ
291 1145 330 1222 τῇ
347 1135 513 1222 οἰκουμένῃ
525 1136 700 1224 γεγόνασιν.
711 1136 830 1203 Ἰστέον
844 1138 880 1203 δὲ
896 1139 938 1216 ὡς
984 1138 1101 1202 audire
1117 1139 1197 1204 fecit
1213 1143 1373 1207 universo
1395 1146 1478 1209 orbi.
1502 1149 1591 1211 Scito
1614 1153 1729 1213 antem

187 1242 244 1305 καί
258 1241 351 1317 αὐτὸς
374 1240 391 1306 ὁ
414 1241 550 1327 Χριστὸς
573 1241 838 1320 octogentenis
863 1243 938 1311 ύινύ
986 1243 1076 1323 quod
1092 1245 1163 1324 ipse
1179 1245 1332 1309 Christus
1347 1245 1473 1312 dicitur
1483 1252 1612 1329 sagitta
1623 1254 1730 1317 electa

191 1364 308 1428 μασται
323 1346 411 1429 παρὰ
422 1355 465 1431 τῷ
476 1344 601 1431 Ἡσαίᾳ.
620 1345 771 1432 Βροντὴν,
782 1348 836 1412 τὸν
848 1347 939 1430 εὐαγ-
983 1347 1074 1428 apud
1089 1348 1222 1411 lsaiam.
1239 1351 1380 1413 Tonitru
1395 1357 1509 1417 autem
1524 1356 1574 1418 ait
1584 1357 1726 1420 verbum

188 1448 314 1535 γελικὸν
343 1447 448 1536 λόγον,
478 1452 532 1516 τὸν
561 1447 853 1535 κατακτυπήσοιντοι
877 1451 937 1535 τὴν
984 1453 1232 1531 evangelicum,
1250 1454 1339 1534 quod
1356 1455 1505 1520 intonuit
1527 1459 1563 1522 in
1584 1463 1655 1523 toto
1677 1477 1729 1524 or·

189 1553 372 1638 ἑπούροινον,
395 1553 443 1618 διὸ
469 1555 525 1618 καί
546 1555 601 1619 τύν
623 1552 850 1639 εὐαγγελιστῂν
872 1552 937 1619 υἱύν
982 1556 1033 1635 be,
1047 1555 1189 1636 ideoque
1206 1560 1452 1636 evangelistam
1468 1559 1581 1642 filium
1597 1564 1728 1628 tonitru

189 1657 320 1743 βροντῆς
343 1656 527 1722 έπεκάλεσε.
552 1658 675 1745 Τροχδν
691 1657 726 1722 δὲ
745 1667 806 1723 τῶν
822 1655 938 1741 ἀνθρύ-
982 1660 1124 1722 vooavit.
1143 1663 1260 1724 Rotam
1276 1679 1356 1725 vero
1375 1661 1457 1726 dicit
1479 1663 1655 1729 hominum
1679 1669 1727 1732 vi·

186 1783 253 1826 πυν
268 1763 321 1827 τὸν
345 1759 420 1846 βίον,
436 1761 478 1840 ὡς
493 1762 532 1828 ἐκ
546 1773 601 1827 τοῦ
617 1761 775 1848 Ἰεζεχιὴλ
794 1763 861 1826 ἔστι
877 1782 935 1847 μα·
981 1766 1062 1842 tam,
1079 1767 1117 1826 ut
1137 1764 1228 1845 apud
1245 1765 1457 1830 Ezechielem
1469 1769 1583 1847 legere
1602 1776 1663 1833 est.
1683 1773 1726 1833 A·

187 1865 262 1931 θεῖν.
277 1903 319 1914 -
335 1864 457 1943 Ἀλλος
472 1865 507 1930 δὲ
530 1867 636 1950 φωνὴν
652 1865 686 1930 έν
708 1873 751 1951 τῷ
771 1873 886 1951 τροχῷ,
901 1864 938 1949 ἡ·
982 1867 1049 1929 lius
1065 1883 1145 1930 vero
1160 1868 1327 1948 interpres
1340 1885 1445 1932 aecem
1465 1871 1504 1934 ia
1524 1876 1596 1936 ιοίο
1619 1871 1725 1952 audit,

187 1969 259 2035 νίκα
288 1967 417 2053 ἐνέδησε
446 1971 519 2047 τοὺς
546 1968 659 2048 ἄξονας
684 1975 745 2035 τῶν
767 1966 936 2053 αἰγυπτίιυν
981 1970 1115 2051 quando
1130 1971 1280 2049 illigavit
1295 1989 1376 2038 axes
1395 1973 1431 2036 in
1450 1975 1607 2038 curribus
1621 1979 1723 2058 AEgy·

186 2071 344 2157 ἁρμάτων.
981 2075 1143 2155 ptiorum.

231 2197 262 2242 ν.
279 2179 331 2241 21.
347 2173 531 2261 Ὠδήγησας
553 2175 595 2255 ὡς
614 2175 758 2261 πρύύατα
781 2178 835 2242 τὸν
856 2176 935 2243 λοιύν
1023 2178 1723 2262 ν.21.Βιιίααιύίιύιόαίοοουραραίαιιιίααιιι

186 2301 244 2344 σου
259 2281 293 2344 έν
307 2281 388 2365 χειρί
403 2277 522 2366 Μωυσῆ
539 2283 593 2346 καὶ
608 2279 745 2365 Ἀαρών.
978 2283 1016 2347 in
1029 2297 1127 2347 αοαιια
1142 2284 1250 2365 Moysi
1264 2287 1296 2348 at
1308 2284 1428 2348 Aaron.

229 2381 269 2447 ‘H
283 2384 369 2447 κατὰ
390 2381 509 2448 Μυσέα
531 2383 701 2470 φιλοσοφία
721 2394 862 2471 τετραχῆ
886 2383 934 2450 τέ-
1023 2384 1268 2460 Quadrifariam
1289 2389 1433 2451 Mosaios
1451 2389 1663 2471 philosophia
1677 2391 1725 2455 di-

187 2507 313 2572 μνεται·
330 2487 373 2564 εἰς
394 2489 431 2551 τὸ
446 2486 611 2582 ἱστορικδν,
627 2489 683 2552 καί
704 2491 739 2554 τὸ
757 2485 870 2573 κυρίως
884 2489 935 2554 λε-
978 2490 1120 2572 viditur;
1151 2495 1212 2554 aut
1241 2491 1402 2556 historica
1432 2496 1498 2572 est,
1530 2498 1563 2557 et
1590 2497 1724 2576 proprie

184 2590 317 2676 γύμενον
332 2590 540 2676 νομοθετικδν,
564 2593 645 2676 ἅπερ
661 2592 700 2658 ἂν
722 2593 772 2676 εἴη
788 2600 846 2677 τῆς
867 2592 934 2678 hdr·
978 2597 1183 2676 legislativa,
1203 2613 1278 2677 qua
1299 2597 1343 2660 ad
1361 2600 1523 2662 moralem
1540 2599 1725 2664 institutio·

183 2704 244 2780 κῆς
266 2694 482 2780 πραγματείας
503 2695 585 2759 ίδια·
600 2696 636 2759 τύ
655 2694 758 2779 τρίτον
779 2717 815 2761 τε
831 2697 875 2775 είς
897 2698 933 2762 τύ
977 2717 1056 2764 nem
1074 2701 1292 2781 peculiariter
1312 2705 1479 2783 spectant;
1502 2703 1603 2765 tertia
1619 2708 1670 2767 est
1685 2706 1724 2768 li-

183 2798 385 2884 ίερουργικδν,
402 2801 419 2863 δ
434 2800 516 2864 ἐστιν
538 2800 602 2885 ἤδη
625 2809 682 2885 τῆς
702 2810 836 2886 φυσικῆς
858 2799 933 2866 θευ-
978 2805 1124 2885 magica,
1139 2822 1215 2886 qua
1236 2822 1335 2885 porro
1358 2807 1505 2887 pertinet
1522 2806 1565 2869 ad
1587 2813 1724 2870 natura-

186 2900 264 2985 φίας,
273 2905 328 2966 καί
338 2901 488 2987 τέταρτον
503 2904 554 2968 ini
566 2911 642 2967 πᾶσι
654 2905 689 2967 τὸ
701 2902 882 2990 θεολογικθν
894 2905 935 2970 εί·
979 2911 1047 2973 lem
1062 2911 1389 2990 contemplationem.
1402 2911 1528 2985 Quarta
1540 2913 1591 2972 est
1605 2911 1642 2973 in
1657 2911 1724 2991 pri·

185 3007 248 3084 δος.
266 3006 435 3092 Τετραχῶς
459 3004 495 3070 δέ
508 3007 583 3092 ἡμῖν
605 3005 780 3090 έκληπτέον
802 3009 857 3072 καί
879 3017 935 3072 τοῦ
981 3014 1045 3076 mis
1070 3012 1111 3075 de
1134 3030 1170 3075 re
1192 3011 1394 3094 theologica.
1425 3013 1644 3096 Quadruplici
1666 3033 1725 3077 au·

187 3109 282 3195 νύμου
297 3113 356 3197 τὴν
372 3109 489 3197 βουλὴν
504 3110 546 3188 ύς
568 3110 664 3178 τύπον
679 3113 749 3178 τινὰ
764 3111 934 3196 δηλοῦσαν,
980 3120 1048 3180 tem
1064 3116 1162 3179 modo
1174 3116 1270 3180 nobis
1285 3116 1548 3196 intelligendum
1561 3122 1613 3182 est
1624 3119 1726 3196 Legis

185 3215 208 3299 ἢ
231 3212 273 3292 ὡς
293 3224 423 3299 σημεῖον
445 3213 668 3300 έμφοιίνουσαν,
694 3217 717 3301 ἢ
740 3213 782 3292 ὡς
804 3215 936 3302 ἐντολὴν
980 3221 1175 3285 consilinm:
1193 3225 1361 3302 quatenus
1376 3226 1497 3303 typum
1512 3222 1609 3286 nobis
1626 3240 1726 3304 expo·

185 3327 342 3402 κυροῦσαν
353 3321 397 3396 είς
408 3315 567 3384 πολιτείαν
575 3317 936 3405 ὀρθὴν,ἡθεστιίζουσαν
980 3329 1049 3406 nat,
1077 3328 1138 3388 aut
1163 3325 1302 3403 signum
1329 3327 1493 3407 ostendat,
1520 3332 1581 3391 aut
1605 3345 1727 3408 praeca-

185 3421 228 3498 ύις
243 3421 447 3507 προφητείαν.
472 3422 579 3506 Ταύτῃ
603 3423 638 3488 δὲ
655 3421 774 3508 μεθόδῳ
796 3421 934 3508 Μούσης
979 3433 1076 3510 ptum
1089 3427 1724 3510 confirmetadrectemoresregendos,

186 3527 241 3590 καί
257 3525 383 3611 Ἀαρὼν
398 3526 547 3612 ὁδηγοῦσι
565 3528 618 3592 τὸν
634 3525 697 3592 &nd
713 3523 827 3604 κακίας
842 3525 934 3592 ἐπ’ἀ-
981 3538 1043 3597 aut
1070 3532 1281 3614 prophetiam
1308 3535 1522 3597 vaticinetur.
1549 3537 1612 3598 Per
1638 3535 1726 3598 hano

190 3632 284 3716 ρετὴν
299 3631 449 3698 δδεύοντσ
463 3629 550 3697 λοιύν.
981 3639 1073 3701 viam
1089 3641 1124 3699 et
1138 3635 1333 3699 methodum
1356 3639 1486 3719 Moyses
1501 3642 1536 3702 et
1549 3640 1660 3700 Aaron
1683 3638 1726 3700 ab

268 3725 269 3728 ¹
981 3739 1196 3824 improbitate
1211 3740 1254 3803 ad
1265 3741 1426 3806 virtutem
1442 3741 1654 3820 gradientem
1670 3758 1726 3822 po·

980 3847 1100 3927 pulum
1115 3844 1338 3908 deduxerunt.
