4020 6098
290 401 355 465 268
950 397 1160 466 ORIGEIOES

284 541 338 607 διὰ
352 549 445 605 τοῦτο
460 537 655 624 ζωοποίησύν
678 561 716 627 με
731 539 815 604 κατὰ
836 540 970 624 τὴντὴν
989 538 1032 603 δι·
1077 546 1145 619 tua,
1164 540 1709 623 idcireovivifiecme,'secundu1n
1729 549 1825 612 tuam

285 644 466 730 καιοσύνην,
481 645 536 708 καί
550 643 682 730 ἄμειψαί
697 665 746 730 με,
764 645 806 729 μὴ
832 641 925 729 μόνον
939 641 1032 728 ποιή-
1073 643 1258 724 justitiam,
1270 648 1305 708 et
1318 646 1467 711 retribue
1482 646 1567 712 mihi
1579 666 1647 713 non
1658 652 1769 714 solum
1781 651 1829 714 ia·

285 749 386 814 σαντίι
401 770 457 814 σου
473 750 529 826 τίις
545 748 683 829 ἐντολὰς,
701 748 785 813 ἀλλὰ
807 747 862 838 καί
877 747 1032 832 ἐρωτικῶς
1077 748 1181 811 cienti
1193 747 1352 812 mandata
1364 753 1434 830 tua,
1447 768 1566 814 verum
1578 753 1681 816 etiam
1693 771 1733 816 ea
1745 773 1824 819 cum

285 856 363 937 πρὸς
378 854 476 930 αὐτὰς
499 851 692 918 διατιθέντα·
708 852 755 918 διδ
777 853 836 917 οὐκ
852 852 951 918 ύλλου
972 852 1032 938 χύ-
1078 868 1191 914 amore
1206 855 1432 933 persequenti.
1458 855 1535 919 Ideo
1562 875 1641 919 cum
1667 874 1734 920 non
1756 860 1825 922 alia

286 978 342 1042 ριν,
358 957 429 1022 ἀλλ’
437 957 540 1023 αὐτῶν
556 957 651 1021 ἐνεκα
663 956 823 1040 ἐπιτελῶν,
835 943 1033 1042 αύτύςρηγιὶ·
1079 957 1120 1021 de
1142 975 1254 1038 causa,
1271 960 1330 1022 sed
1352 961 1501 1040 ipsorum
1519 963 1632 1039 gratia
1653 963 1828 1027 observem

285 1061 341 1127 Ἐν
355 1071 394 1146 τῇ
409 1060 590 1144 δικαιοσύνῃ
607 1081 664 1124 σου
688 1060 786 1144 ζησύν
802 1081 851 1147 με,
868 1061 944 1144 ὅπερ
966 1059 1034 1125 ἐστὶ
1080 1077 1129 1140 ea,
1164 1078 1232 1142 oro,
1256 1067 1294 1126 tu
1318 1064 1450 1144 ipsein
1478 1067 1627 1146 equitem
1657 1071 1715 1131 tac
1747 1068 1830 1131 cici·

285 1165 383 1249 ζησαι
397 1165 468 1229 κατ’
480 1162 605 1249 ἀρετήν.
622 1164 687 1230 Καὶ
701 1164 769 1229 ἐπεί
781 1163 962 1248 δικαιοσύνη
975 1173 1032 1229 τοῦ
1066 1167 1138 1248 fico
1152 1185 1211 1246 mc,
1228 1167 1318 1248 quod
1335 1175 1386 1233 esi
1413 1170 1528 1234 vivere
1559 1187 1601 1234 ex
1623 1173 1760 1236 virtute.
1788 1174 1832 1236 Et

285 1267 410 1352 Πατρδς
426 1269 443 1333 δ
458 1267 537 1352 Υἱὸς,
553 1268 571 1333 δ
586 1269 619 1334 ἐν
640 1268 702 1354 Υίῷ
717 1269 813 1353 ζησαι
833 1267 1030 1354 βουλόμενος,
1078 1272 1238 1351 quoniam
1268 1271 1403 1352 justitia
1418 1274 1528 1338 Patris
1551 1280 1602 1339 est
1623 1275 1740 1356 Filius,
1765 1277 1825 1357 qui

286 1371 379 1436 τοῦτο
391 1393 495 1458 φησιν·
507 1371 655 1451 ζωοποιεῖ
662 1375 724 1459 γδιρ
735 1371 943 1459 ἡμᾶςδιδιτης
954 1371 1033 1451 ἰδίεις
1077 1375 1192 1436 vivere
1223 1375 1258 1437 iu
1284 1376 1370 1438 Filio
1395 1379 1480 1457 vult,
1507 1377 1579 1442 haec
1604 1380 1708 1443 verba
1731 1381 1823 1445 dicit.

284 1476 484 1562 δικαιοσύνης
501 1477 517 1541 δ
532 1474 612 1554 Θεὸς
626 1479 681 1541 καί
693 1475 816 1562 Πατήρ.
829 1476 921 1543 Ἐστι
932 1479 967 1542 δέ
979 1479 1034 1542 αύ-
1077 1476 1236 1541 vivificat
1246 1481 1337 1542 enim
1349 1497 1410 1545 nos
1422 1482 1512 1545 Deus
1524 1487 1559 1545 et
1570 1485 1668 1546 Pater
1680 1501 1740 1564 per
1755 1501 1829 1565 pro

287 1580 495 1666 τηΧριστός.
519 1618 561 1630 -
587 1579 775 1666 Δικαιοσύνη
805 1583 867 1668 γὰρ
889 1580 973 1648 Θεοῦ
998 1583 1033 1647 ἐν
1078 1581 1188 1662 priam
1199 1581 1380 1664 justitiam,
1398 1602 1474 1666 quae
1502 1587 1575 1667 ipsa
1587 1588 1739 1653 Christus
1766 1592 1826 1654 est.

288 1685 373 1769 αύτῷ
388 1683 645 1750 ἀποκαλύπτεται
659 1685 695 1750 ἐκ
714 1683 847 1762 πίστεως
862 1688 906 1764 είς
920 1686 1032 1752 πίστιν.
1080 1687 1130 1749 «J
1135 1687 1251 1750 ustitia
1266 1689 1357 1752 enim
1372 1690 1434 1753 Dei
1449 1691 1485 1753 in
1501 1691 1573 1772 ipso
1587 1692 1758 1756 revelatur
1783 1692 1825 1756 de

1078 1787 1145 1852 fide
1160 1791 1196 1854 in
1212 1789 1355 1855 iidem.»

330 1912 363 1959 v.
379 1895 432 1976 41,
448 1895 500 1958 42.
513 1893 578 1959 Καί
590 1893 674 1960 ἐλθοι
685 1893 735 1958 ἐπ’
746 1894 803 1980 ἐμέ
815 1896 850 1958 τδ
863 1893 950 1972 ἐλεύς
966 1915 1032 1978 σου,
1122 1911 1155 1957 ν.
1170 1895 1223 1956 41.
1239 1895 1292 1958 42.
1319 1891 1365 1958 Et
1387 1897 1497 1962 acciat
1524 1913 1622 1978 super
1657 1915 1707 1964 mc
1731 1898 1825 1963 καιδε-

286 1996 394 2084 Κύριε,
410 2001 445 2063 τὸ
460 1996 613 2083 σωτηριύν
624 2021 681 2064 σου
696 2001 780 2063 κατὰ
790 2001 845 2064 τδν
856 1999 950 2084 λύγον
965 2022 1033 2065 σου.
1077 1997 1222 2064 mercica
1237 2003 1304 2079 tua,
1323 2001 1468 2080 Domine,
1502 2001 1650 2066 salutm
1665 2007 1756 2066 ίιιιοιιι
1780 2019 1828 2067 sc-

285 2102 351 2169 ch
366 2101 618 2187 ἀποκριθήσομαι
635 2111 700 2180 τοῖς
717 2101 899 2181 ὀνειδίζουσί
914 2124 966 2190 μοι
983 2103 1034 2170 λύ-
1079 2101 1217 2168 cauam
1231 2102 1393 2183 cloquium
1409 2107 1508 2168 cuam.
1522 2107 1567 2169 Et
1576 2104 1761 2186 respondebo
1775 2122 1828 2169 ια·-

287 2228 354 2293 γον,
370 2208 416 2272 ὅτι
431 2206 551 2293 ἤλπισα
566 2207 618 2272 ἐπὶ
632 2217 696 2284 τοῖς
709 2205 814 2291 λύγοις
830 2228 897 2273 σου.
1071 2203 1304 2286 praecamina
1320 2206 1405 2270 milti
1431 2204 1570 2289 οενδιιωι,
1599 2209 1679 2290 qaia
1698 2209 1828 2290 speravi

1079 2309 1117 2372 ia
1128 2309 1328 2376 sermonibus
1342 2312 1419 2374 tuis.
1655 2352 1657 2358 ,

333 2413 418 2500 Πρὸς
431 2424 496 2492 τοῖς
511 2411 694 2500 εἰρημένοις,
710 2416 745 2479 τδ
768 2413 856 2492 ἐλεύς
872 2435 929 2479 σου
944 2414 993 2480 ἐπ’
1004 2415 1035 2479 ἐ·
1124 2416 1250 2478 Praeter
1264 2431 1303 2476 ea
1315 2432 1392 2495 quae
1403 2415 1494 2479 dicta
1506 2418 1596 2496 sunt,
1610 2416 1828 2496 causeum

289 2519 328 2605 μέ
343 2517 428 2584 ἔλθοι
441 2520 526 2584 κατὰ
540 2522 593 2584 τδν
609 2517 703 2604 λύγον
726 2538 792 2600 σου,
809 2520 863 2583 καί
887 2520 966 2604 μετὰ
980 2529 1035 2585 τοῦ
1079 2533 1129 2582 cac
1156 2517 1383 2582 misericordia
1410 2523 1470 2582 tac
1497 2517 1670 2585 secandam
1697 2519 1828 2584 cerium

287 2622 396 2702 ἐλέους
410 2644 467 2688 σου
478 2625 514 2687 τδ
528 2620 691 2707 σωτήριον,
707 2624 758 2688 ίνα
769 2623 822 2687 ὑπ’
833 2624 929 2689 αὐτοῦ
944 2623 1035 2708 ἐλεη-
1079 2629 1181 2702 tcum,
1194 2624 1310 2686 veniat
1321 2626 1413 2688 salus
1425 2642 1503 2688 cum
1515 2628 1575 2687 tua
1586 2625 1826 2704 misericordia,

287 2726 350 2805 θείς
365 2727 465 2792 σωθῶ.
489 2726 535 2793 To
556 2725 647 2804 τέλος
668 2728 729 2812 γὰρ
751 2737 808 2790 τού
831 2725 894 2792 ἀπὸ
916 2726 1034 2812 Κυρίου
1081 2730 1119 2789 ut
1130 2727 1225 2789 illam
1235 2726 1387 2808 adeptus,
1400 2726 1614 2792 salvusfiam.
1627 2729 1721 2792 Finis
1733 2730 1825 2793 enim

287 2830 431 2915 ἐλέουςὴ
448 2831 523 2917 παρ’
534 2833 630 2896 αὐτοῦ
647 2827 801 2915 σωτηρία·
816 2830 863 2895 διδ
878 2831 984 2908 καλῶς
999 2833 1036 2896 οὐ
1080 2830 1318 2893 misericordiae
1333 2832 1467 2894 Domini
1483 2836 1535 2896 est
1557 2833 1649 2896 salus
1675 2832 1719 2894 ab
1743 2833 1826 2913 ips03

285 2938 347 3020 πρὸ
369 2945 424 3000 τοῦ
440 2934 548 3013 ἐλέους
564 2933 722 3020 σωτηρίαν
737 2933 827 3015 αἰτεῖ,
851 2935 920 2998 εἶτα
935 2937 989 2999 τὸν
1007 2937 1037 3000 ἐ-
1078 2931 1219 3014 pulchre
1243 2950 1325 3013 ergo
1355 2935 1499 2998 salutem
1526 2953 1594 2999 non
1621 2937 1716 3018 prius
1740 2935 1826 3016 petit

286 3039 370 3123 λεον,
387 3039 459 3104 ἀλλ’
467 3039 634 3105 ἀνάπαλιν·
651 3039 687 3103 ού
702 3038 764 3123 γὰρ
775 3047 934 3118 τοσοῦτον,
946 3039 1034 3122 φησί,
1079 3037 1200 3102 deinde
1213 3037 1486 3118 misericordiam,
1498 3038 1557 3102 sed
1569 3055 1587 3102 e
1599 3039 1742 3103 diverso.
1753 3041 1825 3102 Non

287 3144 340 3208 διὰ
353 3144 395 3208 τὰ
410 3139 550 3228 ἡμέτερα
568 3144 656 3228 ἔργα,
672 3143 746 3207 δσον
761 3141 812 3206 διὰ
827 3143 884 3228 τὴν
900 3143 960 3226 σὴν
975 3140 1035 3227 χίι·
1079 3145 1224 3220 tautum,
1249 3143 1307 3222 ait,
1331 3147 1467 3224 propter
1489 3160 1565 3205 mea
1587 3159 1697 3224 opera,
1713 3158 1823 3222 quan·

287 3267 334 3331 ριν
349 3245 499 3332 σύνζομαι.
523 3246 563 3312 Εἰ
577 3245 611 3310 δέ
626 3245 757 3312 δυνατὸν
777 3245 881 3311 πάντα
904 3245 956 3310 διὰ
978 3255 1034 3310 τοῦ
1080 3250 1154 3308 ium
1180 3250 1316 3327 propter
1331 3249 1479 3324 gratiam
1494 3254 1589 3311 tuam
1605 3248 1720 3310 salvus
1734 3263 1820 3310 sum.

287 3349 520 3428 ἀποσταλέντος
543 3348 648 3435 Λόγου
671 3349 823 3436 εἰρῆσθαι,
846 3347 1035 3433 ἐπίστησον·
1080 3353 1132 3412 An
1147 3354 1263 3413 autem
1281 3355 1416 3432 propter
1428 3353 1589 3414 emissum
1601 3351 1742 3413 verbum
1758 3367 1826 3414 om·

287 3456 381 3534 αὐτὸς
403 3457 535 3541 γὰρκαὶ
557 3453 646 3531 ἐλεος
667 3454 723 3517 καί
736 3453 892 3538 σωτήριον
916 3451 1033 3537 Κυρίου
1079 3454 1137 3516 nia
1156 3453 1328 3518 dictaesse
1340 3454 1637 3536 possini,attende:
1651 3455 1722 3536 ipse
1735 3455 1826 3517 euim

282 3557 360 3624 ἐστί.
383 3558 436 3623 Διδ
454 3557 582 3624 εὐκτέον
604 3560 693 3644 ἥκειν
716 3555 861 3644 ἐρήμας
884 3558 919 3621 τδ
945 3556 1034 3635 έλεος
1080 3561 1115 3622 ci
1135 3558 1366 3622 misericordia
1378 3564 1412 3622 et
1432 3559 1581 3622 salutare
1607 3548 1742 3623 Domini
1765 3565 1825 3622 est.

285 3661 416 3748 Κυρίου,
432 3665 467 3726 τδ
490 3661 643 3748 σωτήριον
658 3664 743 3727 κατὰ
759 3665 795 3727 τὸ
818 3661 907 3738 έλεος
924 3663 1033 3726 αὐτού.
1081 3663 1193 3740 Igitur
1222 3662 1431 3726 exorandum
1462 3667 1514 3726 est
1539 3669 1581 3726 ιιι
1595 3665 1711 3726 veniat
1726 3661 1828 3746 super

285 3765 325 3834 Ei
340 3777 395 3832 τοῦ
418 3778 475 3831 σού
497 3766 605 3844 ἐλέους
625 3767 722 3852 τύχω,
745 3766 833 3851 φησί,
851 3765 1034 3851 παρρησίαν
1080 3783 1141 3829 nos
1169 3765 1398 3829 misericordia
1423 3767 1568 3845 Domini,
1596 3767 1744 3830 salutare
1773 3766 1827 3846 Ju-

287 3869 346 3950 ἐξω
362 3874 441 3957 πρὸς
459 3873 531 3948 τοὺς
554 3869 772 3957 ἐνισταμένους
794 3872 849 3934 καί
871 3866 1034 3948 δνειδίζον-
1079 3867 1503 3949 xtacjusmiserieordiam.
1517 3871 1551 3934 Si
1564 3875 1623 3933 tua
1635 3871 1824 3950 clementia,

286 3995 353 4052 τας.
369 3974 447 4040 Ἐὰν
463 3974 548 4039 ἐλθοι
562 3975 613 4040 ἐπ’
624 3974 681 4060 ἐγιέ
696 3976 732 4040 τὸ
747 3973 835 4050 ἐλεος
850 3975 905 4037 καί
920 3976 955 4038 τδ
973 3994 1032 4038 σω·
1080 3974 1202 4053 iuquit,
1226 3972 1336 4053 fruor,
1362 3973 1522 4037 fiduciam
1554 3971 1686 4038 habebo
1710 3974 1826 4038 adven

287 4076 405 4161 τήριον,
421 4080 505 4143 κατὰ
520 4080 573 4144 τὸν
589 4080 643 4143 σὸν
658 4077 752 4162 λύγον
768 4077 886 4159 σωθείς,
900 4075 1034 4162 εὐπορή-
1079 4095 1138 4140 sus
1154 4077 1371 4155 insurgentes
1394 4082 1428 4140 et
1450 4077 1699 4159 exprobrantes.
1726 4079 1829 4142 Dum·

286 4201 331 4244 σω
346 4180 451 4267 λύγον,
467 4183 549 4246 ὥστε
563 4189 628 4259 ταῖς
643 4179 826 4260 ὀνειδίζουσί
841 4203 879 4266 με
895 4182 982 4266 ἐχειν
999 4181 1035 4245 ἀ·
1079 4180 1178 4244 modo
1192 4182 1303 4245 conici
1314 4197 1412 4261 saper
1425 4199 1474 4245 mc
1491 4181 1719 4248 abscisorem
1730 4186 1764 4245 ei
1778 4199 1830 4246 sa·

285 4282 488 4370 πσκρίνεσθαι
503 4285 557 4350 καὶ
571 4293 775 4370 παραστῆσαι
786 4285 901 4366 αὐτοῖς,
915 4285 963 4348 δτι
974 4287 1033 4348 ουκ
1080 4286 1133 4347 lus
1150 4289 1218 4364 tua,
1231 4301 1291 4366 per
1306 4285 1447 4348 verbum
1465 4291 1567 4348 tuum
1583 4287 1708 4366 salvus,
1725 4287 1830 4350 abun·

287 4387 372 4468 ᾰξιύν
388 4389 471 4454 ἐστιν
487 4386 691 4468 ὀνειδίζεσθαι
705 4391 759 4454 τδν
772 4399 903 4454 τοιαῦτα
918 4389 1036 4474 έχοντα
1080 4388 1165 4451 dabo
1196 4405 1359 4469 sermone,
1386 4394 1426 4452 ut
1447 4390 1590 4452 habeam
1607 4392 1696 4472 quod
1712 4407 1829 4472 expro-

286 4492 440 4579 δόγματα,
456 4495 548 4560 ἅτινα
568 4494 683 4579 γελῶσι
699 4494 755 4578 μὲν
779 4492 808 4557 οἱ
822 4501 880 4578 τῆς
902 4490 1035 4570 πίστεως
1080 4492 1258 4557 brantibus
1274 4511 1327 4556 me
1341 4495 1571 4575 respondeam,
1585 4495 1734 4576 ipsisque
1746 4495 1827 4560 resi-

288 4597 447 4683 ἀλλύτριοι
468 4597 511 4677 ὡς
533 4607 633 4684 μῶρα,
650 4596 803 4674 συνέσεως
825 4598 860 4663 δὲ
881 4596 1034 4676 ἀποδείξω
1079 4598 1562 4678 stam,qu0niamnondiguus
1576 4597 1825 4682 estopprobrio,

287 4702 343 4765 καί
358 4699 471 4786 σοφίας
486 4700 728 4788 πεπληρωμένα,
745 4701 813 4765 ἐπεὶ
833 4701 888 4764 καί
903 4703 947 4779 είς
961 4705 1035 4780 τοὺς
1081 4703 1141 4785 qui
1156 4704 1239 4767 talia
1254 4702 1415 4782 dogmata
1430 4708 1537 4784 tenet,
1553 4706 1669 4786 qualia
1690 4704 1828 4784 quidem

324 4959 352 4999 ν.
364 4942 408 5012 41,
420 4942 463 4997 42.
477 4942 544 5000 Vat.
555 4941 580 5012 4,
593 4939 654 5011 b,9,
667 4941 709 5012 11,
720 4941 762 5012 14,
772 4939 925 4998 16.Ριιιιτκ
935 4939 1036 4998 influa
1080 4935 1235 5010 quamdam
1253 4937 1446 4994 Theodorum.
1459 4938 1607 4995 Praesiani
1625 4938 1727 5014 optimi
1744 4937 1828 4995 codd.

288 5027 339 5083 BB
350 5032 382 5083 et
392 5026 504 5083 mutila
516 5027 608 5082 Plura
625 5025 731 5082 iisdem
746 5027 855 5083 obtulit
870 5025 1036 5096 Corderiua,
1080 5025 1175 5082 nostri
1193 5029 1224 5081 ei
1241 5025 1360 5098 copiosi.
1375 5057 1408 5066 -
1420 5025 1506 5081 Circa
1522 5025 1658 5098 medium,
1676 5025 1759 5082 codd
1776 5025 1827 5080 ba-

289 5113 343 5173 sed
353 5113 513 5189 depravata
526 5120 556 5170 et
568 5112 724 5187 dispertita
733 5114 811 5172 iuter
819 5131 997 5188 anonymum
1006 5121 1037 5171 et
1080 5111 1152 5169 bant
1164 5117 1207 5169 καί
1218 5117 1335 5181 σωτίριον
1348 5113 1445 5181 Κυρίου
1457 5115 1538 5168 ἐσται
