4036 6090
802 445 845 506 IN
868 443 1055 508 PSALMOS
1640 450 1704 512 155

201 603 233 650 ν.
252 586 302 650 15.
317 578 389 649 Ἵνα
402 579 441 664 τί,
464 581 572 668 Κύριε,
594 581 729 660 ἀπωθεῐς
751 585 810 670 τὴν
831 604 906 669 προ-
994 603 1026 648 ν.
1046 587 1096 650 15.
1115 587 1157 652 Ut
1169 585 1259 667 quir,
1274 587 1419 668 Durriae,
1437 589 1572 671 repellis
1586 592 1704 656 matio-

156 687 362 774 ceuxippus.
954 694 1168 756 maranum?

199 788 285 870 Ἕως
296 791 385 872 ποτέ,
397 788 547 874 δέσποτα,
559 788 719 868 ἐπιτείνεις
731 811 783 877 μοι
795 793 835 856 τὰ
850 811 907 856 κα-
996 796 1179 876 Usquequo
1195 795 1231 858 in
1247 813 1310 875 me,
1327 797 1534 877 Dominutor,
1550 799 1704 864 extendis

156 899 211 978 κὰ,
227 897 281 963 καί
296 906 354 982 τῆς
365 894 526 982 εὐμενείας
538 895 576 959 οὐ
591 892 777 982 μεταδίδως;
792 898 829 961 τὸ
843 895 906 980 γὰρ
950 901 1051 979 mala,
1074 916 1186 981 neque
1209 904 1305 962 tuam
1326 917 1460 964 mecum
1487 902 1704 966 clementiam

156 1003 199 1086 μὴ
216 1001 273 1077 τὰς
288 997 407 1077 ἱκεσίας
422 1001 481 1077 τὰς
496 999 635 1086 ψυχικὰς
651 997 834 1084 προσίεσθαι
853 1001 907 1066 τὸν
950 1003 1202 1067 communicas?
1229 1005 1376 1085 Etenim,
1399 1004 1441 1068 ad
1463 1006 1572 1068 Deum
1594 1022 1704 1086 usque

155 1104 247 1187 Θεὸν,
260 1105 381 1170 ᾰπωσιν
392 1102 492 1189 αὐτὴν
504 1105 558 1169 καί
570 1103 737 1188 ἀπόρριψιν
748 1103 906 1188 ὀνομάζει.
950 1123 1018 1169 non
1045 1108 1222 1188 pervenire
1249 1110 1523 1190 supplicationes,
1545 1109 1579 1172 id
1605 1127 1703 1172 sunm

199 1228 231 1273 ν.
251 1210 300 1273 Ῑθ.
316 1206 450 1294 Πτωχὸς
466 1207 528 1294 εἰμι
540 1208 613 1294 ἐγὼ,
629 1210 684 1272 καί
699 1209 733 1274 ἐν
748 1207 858 1286 κόποις
869 1208 908 1274 έκ
951 1214 1051 1274 vocat
1073 1211 1305 1289 remotionem,
1322 1229 1491 1293 suumque
1512 1210 1704 1293 repudium.

153 1312 302 1396 νεότητός
318 1332 387 1398 μου.
995 1333 1027 1378 ν.
1046 1317 1097 1378 16.
1112 1317 1243 1396 Perper
1256 1333 1330 1380 υιιικ
1346 1333 1411 1400 epo,
1430 1320 1462 1380 at
1482 1317 1520 1380 ia
1542 1314 1705 1382 {marma

200 1415 248 1482 Δι’
262 1414 348 1502 ἡμᾶς
363 1417 425 1502 γὰρ
444 1414 655 1502 ἐπτώχευσεν,
670 1417 723 1482 ἵνα
743 1414 836 1503 ἡμεῖς
850 1423 909 1502 τῆς
957 1419 1158 1498 ajoraatata
1171 1436 1252 1484 mea.

160 1517 282 1586 ἐκείνου
298 1518 457 1606 πτωχείας
472 1518 709 1607 τελευτήσωμεν.
998 1525 1139 1603 Propter
1165 1539 1227 1587 nos
1258 1541 1389 1602 egenus
1416 1522 1526 1587 factus
1546 1528 1636 1606 cst,
1667 1529 1707 1589 ut

201 1646 234 1691 ν.
262 1629 311 1692 19.
335 1624 536 1712 Ἐμάκρυνας
556 1625 613 1690 ἀπ’
623 1626 703 1711 spot
718 1623 819 1712 ρίλον,
835 1628 908 1703 τοὺς
953 1625 1243 1709 paupertateeju's
1258 1627 1415 1691 ditemur.
1720 1707 1724 1714 Ι

154 1730 314 1818 γνωστούς
329 1751 389 1816 μου
404 1729 467 1794 ἀπὸ
482 1727 707 1814 ταλαιπωρίας.
995 1747 1028 1793 ν.
1041 1729 1358 1813 19.Είοαραειιίινιο
1368 1731 1517 1812 σκίαινα,
1528 1739 1618 1800 actos
1624 1749 1708 1799 raeco

199 1831 424 1918 Ταλαιπωρίαν
445 1842 502 1898 τοῦ
517 1832 636 1911 πάθους
651 1836 706 1898 τὸν
727 1836 838 1919 καιρὸν
852 1855 910 1900 κα-
954 1833 1134 1898 treisma

154 1935 363 2024 τασημαίνει·
386 1936 471 2023 λέγει
495 1939 549 2002 οὖν
572 1937 614 2015 ὡς
637 1940 725 2022 παρὰ
747 1943 785 2004 τὸ
809 1939 909 2018 πάθος
996 1936 1227 2000 Iniortunium
1243 1937 1372 2001 iudicat
1394 1942 1529 2021 tempus
1545 1939 1706 2021 patiendi.

156 2043 252 2107 αὐτὸν
266 2043 321 2106 καί
337 2040 464 2127 σίρίλοι
488 2045 543 2108 καί
558 2042 588 2108 οί
605 2043 754 2130 γνώριμοι
777 2043 910 2130 έγκατέ-
950 2044 1007 2107 Ait
1022 2059 1105 2120 ergo
1128 2042 1293 2122 Christus,
1309 2046 1476 2124 quomodo
1500 2045 1699 2109 imminente

154 2145 255 2211 λιπον.
282 2143 412 2231 Ἐπειδὴ
438 2146 500 2231 γὰρ
527 2148 665 2233 γεγονὼς
696 2147 837 2234 ὑπήκοος
864 2157 909 2234 τῷ
950 2148 1102 2229 patiendi
1127 2151 1289 2227 tempore,
1306 2149 1409 2212 etiam
1425 2149 1526 2212 amici
1547 2153 1581 2213 et
1596 2153 1708 2231 proxi-

155 2250 257 2335 Πατρί
273 2247 366 2335 μέχρι
382 2249 535 2332 θανάτου,
551 2251 741 2318 inritauit
758 2264 907 2338 σταυροῦ,
950 2253 998 2315 mi
1015 2269 1094 2314 eum
1111 2252 1323 2331 reliquerint.
1349 2252 1485 2315 Etenim
1509 2271 1616 2334 quum
1631 2254 1708 2317 obe·

154 2353 189 2418 έν
215 2353 249 2418 δέ
271 2362 316 2439 τῷ
338 2363 467 2440 σταυρῷ
489 2354 735 2422 καταλέλειπται
758 2357 819 2422 ὑπὸ
845 2365 909 2421 τῶν
951 2355 1047 2420 diens
1077 2355 1182 2419 fuerit
1208 2357 1303 2420 Patri
1334 2374 1445 2437 usque
1474 2356 1517 2420 ad
1546 2362 1705 2437 mortem,

155 2457 314 2544 μαθητῶν,
337 2459 450 2524 τούτου
474 2458 567 2544 χάριν
585 2461 639 2524 τὸν
662 2458 793 2543 Πατέρα
808 2460 906 2526 αὐτοῦ
950 2465 1093 2524 mortem
1116 2465 1232 2523 autem
1255 2461 1375 2539 crucis,
1401 2462 1436 2524 in
1459 2478 1559 2524 cruce
1585 2467 1701 2526 autem

155 2573 311 2647 μακρῶναι
333 2565 407 2641 τοὺς
430 2560 539 2650 φίλους
562 2565 617 2628 καί
631 2566 712 2645 ,τοὺς
733 2562 907 2652 γνωρίμους
950 2564 1133 2628 derelictus
1148 2562 1285 2626 luerita
1306 2564 1492 2645 discipulis,
1518 2564 1644 2630 ideirco
1660 2568 1710 2630 ait

155 2665 253 2754 λέγει.
952 2670 1086 2733 Patrem
1102 2687 1123 2732 a
1138 2685 1174 2732 se
1191 2668 1357 2732 amovisse
1374 2669 1502 2732 amicos
1518 2673 1552 2732 et
1567 2675 1674 2734 notos.

186 2861 216 2899 v.
231 2842 272 2896 16.
291 2842 358 2898 Vnt.
376 2843 419 2913 16,
441 2842 642 2898 consentiente
660 2843 747 2898 Laur.
763 2843 810 2928 [ΡΙ.
831 2859 872 2915 rr,
890 2841 909 2898 θ
951 2841 1063 2917 passim
1074 2839 1457 2910 traducto.1100r.r111,9.

153 2928 185 2984 in
203 2928 326 2984 solemni
343 2928 568 3002 epiphonemate
581 2929 619 2984 ad
636 2927 746 2984 latinos
757 2947 907 3002 praecones
985 2946 1014 2987 ν.
1028 2930 1070 2984 19.
1083 2929 1151 2985 Vat.
1164 2929 1207 2984 15.
1220 2927 1298 2983 PhiL
1313 2944 1345 2998 11,
1358 2929 1384 2983 8.

690 3125 861 3205 Psaimas
885 3120 1174 3203 LXXXVIII.

199 3357 231 3401 ν.
248 3337 278 3419 2,
296 3338 326 3400 3.
343 3335 394 3401 Ta
408 3334 484 3421 ὲλέη
503 3357 571 3418 σου,
583 3335 692 3423 Κύριε,
705 3339 749 3414 εἰς
764 3341 818 3404 τὸν
833 3335 907 3402 αίῶ-
996 3355 1028 3400 ν.
1046 3337 1076 3417 2,
1093 3338 1123 3399 3.
1140 3335 1388 3402 Misericordiae
1403 3342 1487 3416 treas,
1505 3340 1652 3418 Domine,
1669 3339 1708 3403 ira

155 3463 195 3508 να
211 3442 337 3527 ᾄσομαι,
355 3441 398 3517 είς
412 3443 525 3525 γενεὰν
539 3445 594 3506 καὶ
609 3444 721 3528 γενεὰν
734 3441 907 3526 ἀπαγγελῶ
952 3445 1110 3506 alaram
1124 3440 1262 3520 cortule,
1279 3441 1316 3503 ia
1328 3443 1565 3523 perorationem
1575 3445 1606 3505 al
1617 3459 1710 3526 perre-

154 3547 214 3630 τὴν
229 3544 380 3629 ἀλήθειάν
396 3566 453 3610 σου
468 3546 503 3610 έν
517 3555 561 3632 τῷ
573 3543 707 3630 στόματί
722 3567 791 3632 μου,
808 3547 854 3612 ὅτι
866 3547 908 3610 εί-
958 3548 1117 3609 rariorem
1128 3543 1498 3609 annuntiatoreritotera
1509 3549 1598 3609 trram
1609 3547 1646 3608 ιἰι
1657 3562 1710 3608 ora

157 3670 239 3726 πας·
262 3649 319 3726 Εἰς
341 3650 395 3714 τὸν
418 3649 516 3714 αἰῶνα
543 3650 632 3726 ἔλεος
663 3647 908 3734 οἰκοδομηθήσε-
949 3666 1026 3712 meo.
1043 3649 1198 3725 ριιοκίιινι
1214 3648 1398 3714 stanleia
1409 3653 1561 3712 aternam
1581 3651 1709 3715 miseri·

159 3774 222 3835 ται,
234 3753 344 3830 ἒντσῑς
360 3753 503 3836 οὐρανοῖς
522 3752 783 3841 ἑτοιμασθήσεται
795 3752 816 3838 ἡ
829 3753 908 3839 ἀλή-
951 3752 1060 3818 συντίθει
1075 3751 1296 3836 adfficalitar,
1316 3753 1353 3816 ia
1365 3753 1453 3818 calis
1466 3754 1710 3835 preparabitur

159 3857 229 3922 θειά
245 3878 312 3924 σου.
338 3861 404 3925 Vat.
422 3861 497 3939 680,
517 3862 547 3924 2.
948 3859 1074 3922 raritas
1088 3862 1155 3922 tra.

200 3959 906 4049 ΠρσφητεθειὸΣωτὴρσίκοδομὴνέλέου,ὥσ·
993 3963 1209 4026 Vaticinatur
1240 3963 1395 4025 Salvator
1434 3962 1614 4040 erigendas
1636 3980 1710 4026 esse

156 4087 217 4151 περ
229 4067 290 4135 ὑπὸ
303 4065 526 4151 ἀρχιτέκτονος
535 4065 627 4149 Θεοῦ,
637 4076 741 4153 οορῶς
749 4075 811 4132 τῶν
820 4067 904 4151 εθερ-
948 4066 1036 4131 aedes
1058 4067 1309 4144 misericordiae,
1333 4066 1526 4129 architecto
1548 4068 1629 4147 Deo,
1649 4069 1709 4147 qui

155 4171 903 4259 γετουμένωνέλεονοἰκοδομοῦντοςέσονταιγθιρ
946 4189 1007 4253 pro
1025 4169 1212 4234 benedictis
1231 4171 1304 4235 suis
1325 4172 1500 4252 sapienter
1523 4172 1709 4234 misericor·

159 4284 221 4340 τῶν
242 4276 471 4362 εὐπεισομένων
494 4275 586 4342 έλέου
604 4276 764 4362 θεμέλιον,
791 4278 846 4341 καί
867 4278 909 4342 rie
950 4276 1042 4368 diam
1056 4273 1209 4338 edificat.
1226 4276 1338 4337 Erunt
1368 4275 1460 4337 enim
1476 4291 1557 4337 sane
1573 4274 1709 4337 creden-

154 4381 236 4465 μετθι
249 4382 303 4446 τὸν
317 4377 481 4466 θεμέλιον,
505 4381 559 4445 καί
571 4379 662 4446 ἐλέου
677 4380 784 4464 πύλαι,
797 4382 853 4446 καί
865 4382 907 4446 cl·
953 4380 1047 4443 tibus
1064 4379 1304 4442 misericordiae
1329 4377 1561 4460 fundamenta,
1581 4383 1707 4442 etcum

188 4555 238 4610 Pa.
251 4555 516 4626 nxxxr111,v.2,8.
527 4556 662 4626 Vat4,ex
672 4555 910 4627 qucfsreomnia
951 4552 1172 4609 aincernrnesae
1191 4567 1264 4624 opus
1282 4555 1375 4606 tantae
1394 4549 1590 4622 antiquitatis.
1609 4551 1709 4608 Plera-

151 4639 335 4713 recipiuntur
358 4639 526 4713 fragmenta
549 4641 675 4712 insignis
699 4643 909 4728 commentarii,
952 4655 1008 4711 que
1026 4638 1146 4710 insuper
1164 4637 1374 4692 confirmantur
1392 4637 1491 4694 codice
1509 4638 1708 4694 Laurentiano

152 4744 241 4799 quem
252 4727 304 4784 rix
315 4727 347 4783 in
359 4728 461 4784 multis
473 4733 626 4802 acceptum
643 4745 702 4784 non
719 4728 847 4786 referam
864 4747 909 4805 σος
952 4725 1031 4781 Plut.
1045 4742 1085 4794 νι,
1098 4725 1124 4794 3,
1137 4723 1187 4794 qni
1206 4723 1297 4778 etiem
1313 4741 1392 4780 nova
1404 4723 1539 4795 quaedum
1558 4725 1709 4797 praestitit·

151 4813 285 4870 nioribus
294 4813 511 4885 Alexandrinis,
522 4815 656 4886 quamvis
665 4831 751 4870 nemo
761 4832 821 4870 non
830 4833 909 4890 σαμε
951 4810 1123 4868 rhoodorus
1135 4811 1252 4866 Heracl.
1265 4811 1405 4881 vulgatus
1418 4826 1472 4865 sua
1484 4809 1599 4866 orditur
1611 4827 1709 4868 excer-

152 4907 295 4971 agnoscet
308 4899 474 4972 Origenam,
487 4901 616 4957 maxime
627 4901 659 4957 in
676 4899 862 4959 brevioribus
880 4907 911 4959 et
951 4904 1004 4972 pte
1022 4897 1150 4956 averbis
1163 4899 1227 4966 έλίη
1236 4903 1283 4951 τοῦ
1296 4899 1364 4952 θεοῦ
1382 4899 1465 4951 καλεῖ
1480 4900 1540 4951 κτλ.
1554 4898 1707 4969 Eusebius,

153 4985 268 5058 argutis
282 4987 403 5042 scholiis
416 4987 453 5044 de
466 4987 556 5044 solita
568 4989 654 5060 gnosi
666 4988 819 5047 infercitis.
833 4992 910 5047 Pau·
951 4993 986 5043 ut
995 5003 1049 5042 nos
1059 4985 1164 5040 recolit
1177 4985 1306 5042 breviter
1316 4985 1446 5048 Ouinium
1459 4985 1613 5042 editionem.
1626 4987 1709 5044 Mau-

152 5091 189 5128 ca
200 5073 299 5128 ierunt
310 5071 349 5128 ad
361 5071 436 5128 alios
453 5073 639 5146 interpretes,
651 5075 776 5132 neaniai
794 5093 910 5148 sequte
952 5072 1026 5128 riuis
1039 5076 1154 5127 tantum
1167 5071 1342 5128 brevissima
1352 5071 1581 5128 scholiolasunt.
1594 5073 1709 5130 Deile-

155 5161 230 5216 satis
242 5171 296 5216 nos
309 5159 449 5216 certiores
458 5159 572 5216 iaciunt
583 5161 766 5231 recognitum
779 5161 871 5218 fuisse
880 5168 910 5218 et
952 5159 1030 5232 περί.
1044 5157 1081 5213 σί.
1094 5157 1187 5213 Field.
1201 5173 1234 5228 11,
1246 5158 1307 5226 240,
1320 5158 1381 5212 941.
1396 5159 1411 5214 1
1425 5156 1491 5213 Cor.
1505 5175 1568 5229 xm,
1583 5161 1624 5215 19.
