4008 6094
287 384 328 446 34
950 391 1160 455 ORIGENES

283 523 400 608 ψυχης,
424 525 504 609 μετά
526 522 756 609 γνιίισεωςτῶν
778 527 875 591 όντων
898 526 1033 612 άληθῶς.
1079 535 1251 597 iiarerum
1265 551 1340 614 quae
1353 535 1824 600 vereexistunt.-Acsinon

285 665 326 700 ε-
343 623 398 703 Ὡς
413 629 475 711 γάρ
499 628 559 713 οδχ
581 629 786 714 ὑπαρχόντων
805 641 867 695 τῶν
890 631 1035 717 ἁμαρτω·
1080 643 1201 717 essent,
1226 637 1266 700 de
1286 637 1518 718 peccatoribus
1533 638 1671 702 dicitur:
1691 642 1827 706 «Erunt

283 730 357 812 λῶν,
374 728 519 817 λέγεται·
538 729 689 796 Ἔσονται
712 733 753 811 ὡς
769 735 827 798 οὐκ
850 733 946 812 ὄντες.
970 735 1035 801 Καὶ
1079 744 1176 823 quasi
1193 758 1260 804 non
1276 743 1353 821 sint,
1364 763 1380 800 »
1395 745 1444 804 et:
1460 743 1534 804 «Ea
1550 759 1637 822 qnae
1653 761 1720 807 non
1736 751 1826 823 sunt,

283 837 324 900 τά
340 837 383 921 μὴ
400 835 476 900 ὄντα
488 835 639 900 ἐκάλεσεν
655 836 672 901 6
688 836 777 914 Θεός.
794 836 852 902 Διά
864 848 955 902 τοῦτο
967 839 1033 904 όπί-
1079 847 1212 909 vocavit
1228 847 1327 909 Deus.
1341 866 1358 902 υ
1380 846 1559 928 Propterea
1582 853 1658 926 post
1679 849 1827 926 vestigia

282 961 327 1004 σω
340 949 394 1004 τοῦ
408 938 527 1024 Kopion
538 949 593 1004 τοῦ
605 939 785 1026 Θεοῦήμῦν
796 939 1032 1027 πορευσόμεθα,
1079 949 1213 1012 Domini
1242 950 1303 1012 Dei
1329 950 1435 1012 nostri
1459 950 1681 1030 ambulemus,
1705 956 1739 1014 et
1761 953 1826 1032 ipsi

283 1048 338 1110 καὶ
352 1047 437 1131 αὐτῷ
451 1044 667 1130 κολληθῦμεν,
684 1048 735 1110 ἵνα
750 1043 913 1131 γενόμεθα
937 1046 1034 1131 ὑπάρ
1078 1050 1319 1131 υθίιωιοοιυυε,
1335 1056 1374 1114 ut
1388 1053 1423 1114 in
1442 1052 1514 1133 ipso
1536 1053 1658 1118 fiamus
1684 1055 1828 1118 existen-

281 1172 393 1236 χοντες
408 1150 442 1215 έν
456 1151 540 1234 αὐτῷ
553 1151 596 1228 εἰς
610 1153 682 1227 τοὺς
695 1153 809 1227 αἰῶνας
822 1159 883 1216 τῶν
902 1150 1032 1216 αἰώνων.
1078 1159 1139 1232 ter,
1157 1155 1193 1216 in
1208 1157 1332 1218 sarcula
1347 1157 1558 1220 saeculorum.

856 1343 1024 1419 Pramus
1046 1343 1246 1420 XXXIX.

326 1596 356 1639 ν.
375 1579 405 1639 3.
421 1574 486 1640 Καὶ
502 1573 645 1660 ἀνήγαγέ
660 1587 701 1658 με
723 1573 762 1637 ἐκ
777 1571 898 1637 λάκκου
920 1571 1028 1637 ταλαι-
1116 1593 1147 1637 ν.
1164 1578 1194 1638 3.
1209 1577 1255 1640 Εῦ
1275 1575 1385 1640 educa
1407 1596 1455 1641 ure
1477 1578 1514 1642 dr
1535 1579 1610 1645 locu
1624 1581 1771 1660 mirem,
1791 1586 1824 1645 rt

281 1676 399 1762 πυρίας
421 1680 476 1742 καί
498 1677 560 1742 ἀπό
575 1677 679 1762 πηλοῦ
702 1677 795 1758 ίλῦος,
819 1678 873 1740 καί
896 1677 1029 1760 ἔστησεν
1075 1678 1112 1742 de
1127 1680 1309 1762 tolosanis.
1326 1683 1502 1747 marasan
1515 1689 1750 1765 superparem
1765 1702 1822 1766 pe-

280 1783 333 1847 ἐπί
348 1781 465 1867 πέτραν
480 1785 553 1860 τοὺς
568 1781 666 1860 πόδας
691 1802 760 1868 μου,
783 1784 839 1845 καί
860 1779 1030 1846 κατεύθυνε
1075 1784 1129 1849 dcc
1150 1802 1242 1863 mcor,
1270 1789 1301 1848 et
1320 1785 1443 1850 directi
1460 1804 1594 1868 precene
1616 1805 1708 1853 mcor.

280 1886 517 1974 τάδιαδήματά
533 1909 602 1974 μου.
628 1892 694 1955 Vct.
712 1887 733 1950 f.
752 1887 827 1969 648,
847 1888 874 1949 l.

325 1990 365 2057 Οἱ
380 1991 462 2076 πέρα
476 1999 533 2076 τής
554 1990 667 2070 λέξεως
683 1991 781 2077 μηδὲν
803 1988 974 2074 δηλοῦσθαι
996 1991 1030 2055 έν
1120 1995 1182 2068 Qui
1198 1995 1380 2074 opinantur
1396 1997 1430 2058 in
1444 1998 1616 2078 Scriptura
1627 2016 1722 2062 sacra
1734 2000 1822 2062 nihil

284 2105 323 2182 τη
349 2106 457 2182 γραφή
481 2093 669 2182 νομίζοντες,
693 2093 872 2181 λεγέτωσαν
895 2091 1030 2178 πηλίκου
1075 2094 1239 2158 declarari
1254 2099 1345 2160 ultra
1359 2100 1517 2180 litteram,
1530 2102 1644 2165 dicant
1657 2105 1751 2183 quali
1766 2104 1822 2167 dc-

283 2199 405 2284 ἀγαθοῦ
420 2200 523 2285 τυχὼν
547 2200 565 2263 6
587 2199 638 2264 έπί
659 2206 716 2282 τῆς
740 2195 893 2282 αἰσθητῆς
915 2196 1031 2283 πέτρας
1075 2217 1169 2262 mum
1196 2200 1282 2263 bono
1306 2201 1439 2266 fruatur
1460 2207 1519 2284 qui
1542 2224 1644 2288 super
1670 2209 1820 2274 tactilem

282 2305 355 2381 τοὺς
379 2302 477 2380 πόδας
499 2313 554 2368 τοῦ
577 2301 721 2388 σώματος
744 2303 830 2385 στόις,
854 2302 1034 2388 εὐχαριστεῖ
1074 2308 1203 2383 petram
1219 2305 1360 2384 pedibus
1379 2311 1526 2388 corporis
1535 2311 1590 2372 sui
1599 2316 1747 2377 statutus
1762 2319 1822 2392 est,

283 2418 326 2494 τῷ
341 2417 434 2473 τοῦτο
450 2405 671 2494 δωρησαμένῳ.
685 2403 793 2493 Ἡμεῖς
809 2404 843 2470 δέ
859 2426 971 2491 φαμεν,
985 2406 1036 2470 ότι·
1076 2412 1115 2469 ut
1129 2409 1258 2486 gratias
1273 2417 1355 2489 agat
1370 2413 1401 2474 ei
1425 2415 1483 2493 qni
1499 2414 1562 2477 hoc
1577 2433 1702 2480 munus
1720 2416 1821 2481 dona·

283 2514 301 2577 6
325 2522 380 2577 τοῦ
402 2510 628 2599 προειρημένου
650 2510 772 2577 λάκκου
793 2513 848 2592 καὶ
871 2510 975 2594 πηλοῦ
997 2510 1032 2575 ά-
1075 2512 1134 2575 vit.
1150 2515 1217 2576 Nos
1232 2520 1345 2578 autem
1361 2517 1396 2580 id
1408 2519 1600 2598 asserimus,
1613 2521 1702 2600 quod
1717 2522 1747 2584 is
1762 2525 1821 2603 qui

285 2615 468 2703 παλλαγείς,
484 2617 535 2682 έπί
550 2618 608 2702 τήν
630 2615 755 2701 ἀρραγῆ
779 2617 834 2680 καί
856 2613 1032 2699 ἀκλόνητον
1076 2633 1117 2678 ex
1132 2619 1208 2680 lacu
1230 2624 1265 2680 et
1286 2621 1356 2682 luto
1379 2621 1547 2710 praedictis
1570 2628 1740 2688 extractus
1756 2631 1816 2703 est,

285 2721 356 2787 κατ’
372 2722 488 2807 ἀρετήν
503 2720 685 2805 τελειότητα
699 2719 857 2806 ἱδρυνθείς,
873 2719 1033 2806 ἀπαγγέλ-
1075 2722 1245 2786 stabilitus
1256 2740 1317 2803 per
1326 2725 1502 2788 veritatem
1510 2729 1819 2807 superinconcnssa
1918 2723 1924 2742 “

284 2828 332 2893 λει
347 2829 387 2892 τὰ
401 2826 610 2912 προκείμενα·
627 2835 670 2910 τῷ
685 2826 748 2910 γάρ
763 2827 844 2889 οῦτω
860 2824 1028 2889 στόιντιέπί
1072 2834 1107 2890 et
1139 2829 1344 2893 immutabili
1373 2830 1587 2911 perfectione,
1622 2835 1820 2914 pronuntiat

281 2931 410 3015 πέτραν,
428 2930 596 2996 ἀκολουθεῖ
608 2932 663 2994 καὶ
678 2931 714 2993 τό
728 2927 971 2995 κατευθύνεσθαι
988 2931 1029 2994 τά
1071 2933 1223 3013 subjecta
1237 2933 1348 2997 verba.
1368 2935 1494 2998 Stantis
1517 2935 1608 2998 enim
1631 2936 1694 2999 hoc
1717 2937 1815 3000 modo

281 3033 461 3120 διαδήματα
478 3036 584 3117 αὐτοῦ,
600 3031 811 3110 διαδαίνοντος
827 3032 889 3099 ἀπὸ
912 3032 1027 3111 κακίας
1070 3056 1172 3118 snper
1186 3041 1325 3118 petram,
1342 3054 1550 3117 consequens
1566 3042 1617 3101 est
1633 3043 1722 3102 recte
1737 3040 1819 3103 diri-

280 3140 324 3215 εἰς
340 3138 465 3223 ἀρετήν.
481 3137 584 3204 Ἀλλά
607 3138 652 3215 τίς
673 3137 695 3223 ή
721 3138 838 3224 πέτροις
861 3141 950 3226 παρά
971 3149 1026 3205 τοῦ
1069 3145 1107 3220 gi
1123 3140 1194 3218 ejus
1213 3156 1362 3220 gressus,
1373 3141 1560 3218 gradientis
1572 3143 1817 3225 scilicetapra-

281 3243 412 3309 Παύλου
439 3243 594 3329 μάθωμεν,
621 3241 785 3328 λέγοντος·
807 3241 847 3308 Ἦ
871 3243 905 3308 δέ
928 3233 1028 3328 πέτρα
1069 3248 1174 3308 vitate
1189 3245 1232 3307 ad
1246 3246 1417 3308 virtutem.
1442 3245 1505 3308 sed
1528 3263 1605 3327 quae
1627 3253 1678 3311 est
1699 3251 1816 3329 petra?

281 3349 323 3432 ήι
338 3349 356 3413 6
372 3348 516 3432 Χριστός,
532 3349 568 3411 τό
583 3347 707 3413 πάντων
723 3349 862 3434 ἔρεισμα,
879 3348 896 3411 6
918 3347 1028 3411 έκλεκ·
1071 3352 1097 3412 Α
1112 3351 1217 3412 Paulo
1228 3349 1397 3412 discamus
1412 3350 1540 3414 aiente:
1560 3352 1683 3414 «Petra
1700 3357 1813 3414 antem

277 3455 330 3530 τός
345 3452 439 3535 λίθος,
455 3453 472 3516 6
488 3454 531 3530 εἰς
547 3453 588 3516 τὰ
602 3451 731 3538 θεμέλια
752 3452 832 3517 Σιὼν
852 3449 1026 3537 τεθειμένος
1070 3460 1143 3518 erat
1159 3455 1321 3532 Christus,
1335 3474 1352 3512 υ
1377 3455 1436 3516 ilia
1452 3473 1566 3519 rerum
1582 3457 1733 3519 omnium
1752 3461 1817 3520 eta·

279 3559 367 3641 παρά
381 3567 436 3622 τοῦ
451 3555 535 3624 Θεοῦ
557 3560 612 3621 καὶ
635 3557 769 3642 Πατρός,
792 3556 842 3642 ἐφ’
865 3559 890 3643 ᾧ
912 3556 1026 3634 πάντες
1070 3558 1195 3636 bilitas,
1211 3558 1268 3619 ille
1284 3558 1369 3638 lapis
1393 3560 1530 3638 electus,
1548 3561 1605 3642 iiie
1627 3561 1756 3640 positus
1779 3562 1814 3623 in

278 3659 537 3746 οἰκοδομούμεθα,
555 3661 640 3739 οίκος
655 3663 862 3747 πνευματικός
877 3661 931 3725 καί
953 3665 1026 3738 ναός
1069 3661 1298 3724 fundamentis
1314 3661 1393 3723 Sion
1409 3680 1429 3722 a
1443 3663 1512 3723 Deo
1529 3667 1562 3722 et
1577 3663 1815 3743 Pat1·e‚inquo

279 3768 366 3851 ἅγιος
382 3749 425 3842 εἰς
441 3763 684 3848 κατοικητήριον
700 3764 784 3832 Θεοῦ
806 3765 839 3829 έν
859 3765 1025 3850 Πνεῦματι.
1071 3763 1410 3842 omnesaedificamur,
1422 3765 1813 3846 nosspirItnaiisdomuS‚

275 3869 322 3934 Οὐ
339 3869 432 3955 μόνον
448 3869 502 3933 οὖν
516 3867 721 3954 ήδράσθημεν
744 3869 778 3934 έν
793 3877 831 3954 τη
849 3867 949 3953 πέτρᾳ
968 3877 1024 3952 fii
1068 3876 1290 3949 sanctumque
1312 3870 1486 3948 tempium,
1510 3886 1571 3932 nos
1594 3869 1655 3931 Dei
1679 3868 1816 3931 domici-

278 3975 322 4052 εἰς
338 3973 475 4059 Χριστὸν
490 3973 631 4057 πίστεως,
648 3974 732 4039 άλλόι
747 3976 801 4038 καί
816 3973 1025 4058 ἐδιδάχθημεν
1068 3975 1153 4036 Πυιυ
1182 3973 1216 4034 in
1243 3973 1364 4052 spiritu
1390 3971 1574 4033 conditum.
1600 3973 1673 4034 Non
1703 3972 1813 4037 solum

277 4080 372 4165 όρθάς
398 4078 553 4144 ποιεῖσθαι
579 4081 707 4164 τροχιὰς
737 4078 804 4142 ἀντὶ
833 4087 894 4142 τῶν
924 4077 1024 4142 πάλαι
1067 4080 1176 4157 igitur
1192 4075 1389 4140 consolidati
1412 4075 1539 4139 fuimns
1562 4077 1597 4138 in
1620 4080 1715 4155 petra
1733 4075 1812 4139 fidei

276 4181 527 4269 διεστραμμένων
543 4183 632 4247 ὁδῶν.
649 4181 805 4267 Πρότερον
829 4183 863 4246 δὲ
877 4185 949 4261 τοὺς
968 4183 1023 4248 πό-
1068 4184 1270 4261 christiana,
1286 4181 1345 4244 sed
1368 4187 1402 4243 et
1423 4181 1531 4244 edocti
1555 4181 1682 4242 fuimus
1705 4185 1815 4244 rectas

274 4289 331 4365 δας
345 4287 436 4373 ήμῶν
451 4289 584 4371 έστησεν
600 4286 650 4350 έπί
666 4294 723 4369 τής
739 4285 864 4371 πέτρας,
883 4286 1024 4352 τουτέστι
1068 4288 1216 4366 dirigere
1232 4291 1331 4364 rotas,
1350 4285 1484 4362 nedum,
1501 4289 1541 4346 ut
1563 4289 1672 4363 antea,
1696 4284 1815 4348 distor-

271 4395 322 4458 έπί
339 4400 396 4475 τής
411 4391 554 4474 πίστεως,
577 4391 764 4468 ἀνασπάσας
778 4391 816 4455 έκ
834 4401 889 4455 τοῦ
908 4391 1022 4476 πηλοῦ,
1068 4401 1120 4456 tas
1135 4397 1285 4455 teramus
1299 4390 1380 4452 vias.
1395 4389 1433 4450 In
1449 4389 1567 4469 primis
1582 4391 1696 4450 autem
1712 4387 1813 4469 pedes

270 4499 324 4560 καὶ
333 4497 383 4560 ἐπί
391 4495 621 4580 καθαρωτάτην
630 4496 737 4582 ψυχήν
750 4493 1024 4581 βάσειςστηρίξοις·
1069 4502 1200 4560 nostros
1214 4494 1331 4560 εάιόυόό
1351 4509 1451 4573 cupro
1468 4497 1607 4574 petrona,
1635 4491 1669 4554 id
1692 4496 1743 4554 est
1760 4511 1814 4556 su·

271 4604 325 4666 καί
345 4601 415 4665 τότε
432 4603 472 4665 τά
494 4598 674 4685 διαδήματα
696 4599 795 4686 ἡμῶν,
820 4601 944 4686 δηλόιδη
968 4613 1025 4687 της
1071 4619 1130 4682 pra
1145 4600 1257 4680 fidem,
1273 4599 1451 4662 extrahens
1464 4615 1523 4661 nos
1537 4615 1554 4660 e
1567 4599 1649 4678 luto,
1662 4598 1815 4662 firmans-

304 4777 352 4830 Ps.
373 4793 483 4844 xxxix,
509 4794 535 4832 ν.
561 4776 585 4831 3.
606 4776 672 4832 Vnt.
693 4778 734 4846 14,
755 4777 795 4832 15.
819 4795 830 4834 ι
855 4776 919 4831 Gor.
939 4795 968 4845 x,
994 4779 1019 4848 4,
1065 4774 1117 4830 lim
1129 4777 1187 4828 Ἐπι
1198 4775 1245 4841 τήν
1255 4777 1361 4838 πέτραν,
1380 4778 1443 4826 tum
1461 4773 1509 4839 τήν
1521 4777 1611 4838 πίστιν,
1625 4771 1693 4828 dein
1711 4775 1753 4826 ini
1764 4789 1814 4826 κα-

269 4863 368 4918 onon.
381 4864 449 4920 Vnt.
464 4863 511 4917 14:
525 4867 613 4931 Πέτρα
625 4867 693 4918 ἐστίν
705 4867 723 4932 ή
736 4869 827 4930 πίστις,
840 4866 858 4932 ή
872 4867 887 4917 ό
900 4867 1019 4931 Χριστός,
1065 4867 1218 4931 θαρωτάτης
1230 4867 1323 4930 ψυχῆς.
1337 4859 1533 4915 Confirmatur
1543 4861 1688 4916 scholium
1705 4861 1814 4933 partim

266 4955 303 5016 ως
321 4953 499 5016 ῦῦπόστσλος
516 4954 576 5018 ὕφη·
594 4955 612 5020 ή
631 4955 718 5020 Πέτρα
736 4953 796 5004 κτλ.
808 4982 840 4990 -
851 4949 890 5005 Is.
911 4968 1015 5009 xxvnr
1061 4951 1091 5004 in
1104 4948 1166 5004 cod.
1180 4947 1298 5020 Gryptaa
1310 4946 1428 5003 ferrata
1447 4945 1813 5019 f.103‚quisubtffissima

268 5039 309 5091 16.
322 5053 333 5092 1
346 5037 425 5092 Patr.
440 5054 472 5106 u,
489 5039 513 5092 δ.
527 5038 594 5092 fort.
606 5037 710 5093 Erech.
726 5055 745 5106 1,
759 5039 801 5092 19.
814 5037 920 5092 Matth.
932 5057 960 5104 v,
970 5039 1014 5106 27,
1060 5035 1204 5107 scripturn
1217 5033 1341 5104 insignis
1354 5038 1407 5103 est,
1421 5033 1616 5104 neque-etiam
1628 5032 1746 5094 variant
1758 5031 1811 5088 mi-

264 5121 307 5192 θθ,
319 5123 360 5190 δή,
375 5123 409 5178 34
423 5141 483 5194 sqq.
498 5124 603 5197 aphes.
621 5142 654 5196 ιι,
667 5127 710 5179 22.
724 5123 813 5180 Hebr.
829 5140 875 5182 αττ
890 5123 931 5178 13.
950 5123 1012 5181 Ma·
1058 5141 1113 5180 nun
1126 5126 1256 5179 correcta
1270 5124 1311 5177 ἐπὶ
1322 5126 1370 5190 τῆς
1382 5123 1487 5189 πέτρας.
