4008 6094
794 365 836 427 IN
860 361 1044 426 PSALMOS
1644 364 1684 426 15

138 502 247 596 ⁸'codro
270 503 430 589 τιτρώσκει
452 505 505 568 τὸν
519 503 646 568 συνετὸν
668 499 838 588 ἀκροατήν·
854 495 892 566 Ὁ
938 514 1685 602 quandoverbamittitquibusconversiofit,

144 609 203 672 οὖν
219 607 386 693 δυνάμενος
400 607 439 672 ἐκ
453 617 508 672 τοῦ
524 604 694 691 τετρῶσθαι
712 602 895 690 ’levoudist‘
939 619 1002 682 hoc
1017 619 1084 680 telo
1106 619 1264 682 vulnerat
1283 620 1531 699 intelligentem
1554 625 1685 688 audito-

144 714 202 778 καί
226 710 412 798 ἠλπικέναι,
433 710 563 796 θαρρεῖ,
587 711 634 775 ὅτι
659 711 718 774 οὐκ
742 711 835 774 ἔπεσε
855 707 896 772 τὰ
939 738 1020 784 rem.
1037 722 1099 796 Qui
1115 721 1225 799 igitur
1246 739 1288 784 ex
1311 739 1350 785 eo
1373 724 1462 804 quod
1484 728 1684 792 vulneratus

145 815 224 902 βέλη
240 826 295 881 τοῦ
315 815 398 883 Θεοῦ
414 818 454 881 τὰ
476 815 601 901 λογικὰ,
618 814 682 880 οὐδ’
693 813 753 892 ἔξω
766 810 895 897 Υὲίθθῑν
937 807 1013 904 fuit,
1022 826 1133 906 potnit
1140 824 1333 902 intelligere
1341 844 1380 890 ao
1391 845 1536 910 sperare,
1547 831 1687 896 confidit

144 923 265 988 αὐτοῦ·
288 921 372 987 ἀλλὰ
386 921 533 987 καθίκετο
549 923 655 1002 αὐτοῦ,
668 919 709 998 ὡς
724 916 893 1004 λέγεσθαι·
937 928 1094 1008 loquaces
1117 928 1178 991 Dei
1200 929 1347 1005 sagittas
1370 945 1438 993 non
1461 931 1587 996 frustra
1602 937 1686 998 ceci-

143 1021 312 1112 Ἑύροικας
328 1025 370 1104 ύς
381 1025 689 1111 κατενύγηύδείνοιί
704 1022 802 1108 Αέγοι
816 1021 846 1086 δ’
854 1021 893 1087 ἂν
937 1029 1036 1110 disse,
1066 1046 1176 1110 neque
1204 1031 1387 1112 aberrasse,
1417 1033 1475 1096 sed
1507 1035 1541 1096 in
1572 1037 1683 1117 ipsum

144 1140 190 1218 τῷ
205 1131 349 1196 τύπτοντι
362 1127 779 1214 διδασκάλφῆπιιιδοιγωγῷ
790 1126 808 1192 δ
819 1145 893 1191 τυπ-
937 1134 1141 1215 pervenisse,
1164 1137 1204 1196 ut
1225 1135 1336 1198 dicere
1350 1137 1466 1200 liceat:
1486 1141 1686 1206 «Vidistine

143 1235 286 1320 τόμενος,
309 1237 362 1300 δτε
385 1235 422 1300 ού
441 1233 606 1320 παρέργως
628 1231 786 1297 τύπτεται·
800 1229 893 1296 ’uss
937 1237 1104 1319 quomodo
1131 1238 1194 1300 iste
1221 1242 1444 1320 compunctus
1466 1243 1567 1305 siti»
1593 1246 1683 1319 Quin

145 1337 294 1424 οτηριξας
317 1339 367 1404 ἐπ’
378 1337 435 1425 ἐμὲ
450 1340 509 1424 την
523 1335 616 1425 χειρί
631 1359 697 1403 σου.
710 1335 802 1402 Οὕτω
816 1334 843 1399 δ’
854 1335 893 1400 ἂν
937 1346 972 1406 et
986 1342 1181 1423 praeceptori
1197 1359 1259 1406 seu
1278 1342 1464 1424 padagogo
1483 1349 1685 1427 percutienti

146 1443 235 1528 λέγοι
258 1445 314 1508 καί
335 1451 379 1529 τῷ
395 1442 502 1528 Κυρίῳ
524 1441 681 1529 πέμψαντι
704 1439 792 1528 βέλη,
807 1439 837 1504 δί
851 1441 894 1505 ύιν
938 1445 1049 1509 dicere
1064 1445 1273 1525 verberatus,
1294 1463 1400 1527 quum
1423 1464 1491 1511 non
1514 1450 1685 1515 incassum

144 1566 236 1612 τινων
262 1545 378 1632 πέμπει
400 1548 441 1612 τὰ
461 1546 596 1633 λογικὰ,
620 1548 668 1611 δτι
689 1543 894 1630 έπεστηριξας
938 1551 1087 1631 vapulat,
1098 1549 1221 1630 possit:
1238 1550 1444 1632 Coafirntorti
1453 1569 1687 1634 ινιρενικοιιιιι-

144 1649 196 1714 ἐπ’
207 1649 264 1735 ἐμὲ
278 1651 338 1736 τὴν
352 1649 446 1736 χεῖρά
462 1673 528 1716 σου.
550 1651 617 1736 'litt
634 1651 696 1736 γὰρ
711 1652 815 1737 χειρὸς
829 1647 895 1714 Κυ-
937 1671 1015 1718 aum
1037 1657 1136 1718 ίιιιιιια
1159 1654 1214 1717 Sic
1244 1655 1346 1716 etiam
1372 1656 1514 1718 Domino
1539 1659 1685 1736 sagittas

145 1753 213 1839 ρίου
229 1753 428 1841 ἐπικειμένης
439 1763 482 1841 τῷ
494 1753 613 1840 ἀφιέντι
628 1756 669 1820 τὰ
679 1754 793 1841 λογικὰ
805 1751 893 1840 βέλη,
942 1757 1111 1820 emittenti
1135 1755 1259 1820 dixerit
1279 1775 1341 1838 per
1362 1775 1593 1841 quoscumque
1609 1765 1686 1827 mit-

143 1856 310 1942 τιτρώσκει
325 1877 360 1922 τε
373 1861 428 1924 καί
450 1857 646 1945 ἐμπήγνυται
669 1857 746 1945 βέλη
770 1861 813 1938 είς
836 1860 895 1945 την
939 1859 983 1923 tit
1008 1859 1188 1923 verborum
1211 1861 1365 1942 sagittas,
1390 1863 1471 1942 quia
1488 1865 1687 1948 confirmasti

144 1964 255 2048 ψυχὴν
277 1971 333 2027 τού
356 1962 534 2040 ἀκούοντος.
563 1962 663 2047 Δηλοί
682 1962 717 2028 δέ
739 1983 815 2028 ποτε
839 1963 895 2028 καί
937 1979 1105 2044 superma
1126 1979 1258 2028 αισπυιιι
1282 1968 1380 2028 tuom.
1396 1967 1485 2030 Dum
1501 1971 1593 2032 enim
1615 1989 1685 2035 rna-

144 2069 205 2144 τὰς
226 2065 374 2144 κολάσεις
388 2067 429 2132 τὰ
444 2065 533 2153 βέλη,
556 2065 612 2131 καί
633 2087 709 2132 ποτε
728 2067 833 2132 δὲκαὶ
855 2067 896 2132 τὰ
939 2085 1005 2131 nus
1027 2067 1162 2130 Domini
1184 2067 1351 2132 incumbit
1371 2071 1540 2136 emittenti
1561 2093 1686 2140 aermo-

144 2169 355 2256 πεπυρωμένοι
382 2169 459 2256 βέλη
483 2180 539 2235 τού
565 2169 712 2236 διαβόλου
734 2173 832 2257 φησί,
856 2173 897 2237 τὰ
941 2171 995 2234 nia
1016 2171 1171 2251 sagittas,
1195 2172 1264 2234 tela
1293 2176 1328 2234 et
1360 2174 1542 2240 vulnerant
1570 2180 1605 2241 et
1636 2180 1687 2242 in-

144 2277 225 2360 πρδς
247 2273 410 2360 ἐπιθυμίαν
436 2272 611 2358 κινήσοντα
637 2275 731 2340 αὐτὸν
757 2284 814 2360 της
839 2285 895 2340 τού
939 2273 1098 2354 figuntur
1124 2292 1232 2355 usque
1257 2275 1302 2346 ad
1328 2277 1478 2341 animam
1505 2280 1685 2347 audientis.

145 2378 262 2464 Οὐρίου
285 2380 442 2464 γυναικὸς,
466 2377 508 2456 ὡς
531 2377 711 2465 ἐπαχθέντα
731 2379 816 2443 κατὰ
841 2388 897 2444 τοῦ
941 2378 1689 2464 Sagittaeenimquandoquesuppliciasigni-

145 2485 231 2552 Θεοῦ
253 2481 464 2568 συγχύρηοιν.
486 2482 551 2548 Καὶ
574 2482 603 2547 οἱ
625 2481 708 2550 Θεοῦ
735 2481 841 2569 λύγοι,
869 2481 899 2548 ct
944 2481 1056 2545 licant.
1078 2482 1328 2561 Nonnunquam
1347 2499 1427 2547 vero
1451 2488 1553 2550 etiam
1576 2489 1689 2568 ignita

145 2589 219 2672 περί
239 2594 297 2670 της
314 2585 490 2672 μελλούσης
513 2585 653 2670 κρίσεως,
681 2584 781 2671 βελῶν
796 2585 899 2666 ὀξύτε-
924 2579 928 2586 ’
939 2584 1056 2666 jacula
1077 2583 1220 2664 Diaboli,
1237 2602 1276 2648 ea
1298 2603 1375 2667 quae
1397 2588 1509 2670 ipsum
1525 2592 1688 2657 Davidem

145 2691 195 2777 ροί
206 2673 293 2773 τίσιν,
309 2692 367 2776 τὴν
379 2689 555 2774 συνείδησιν
569 2687 845 2774 πληττοντες·ύρ’
857 2691 900 2755 ύν
944 2688 1125 2752 movebant
1150 2688 1193 2751 ad
1222 2691 1523 2771 concupiscendam
1550 2714 1692 2760 uxorem

147 2793 334 2880 νυττύμενος
353 2792 560 2879 ὁπροφηιης,
586 2793 669 2891 ditat
687 2795 746 2879 την
770 2792 899 2879 μέλλσυ-
945 2793 1044 2872 Uriae,
1067 2795 1184 2873 utpote
1208 2793 1269 2856 Dei
1291 2797 1512 2874 permissione
1530 2799 1692 2865 immissa.

147 2919 209 2964 σαν
223 2896 388 2984 ἐκφεύγειν
411 2897 512 2983 δίκην,
535 2895 708 2962 δεδοικέναι
727 2897 832 2981 εἰπὼν,
848 2899 901 2964 διὰ
946 2897 1008 2959 Dei
1031 2912 1166 2976 quoque
1181 2913 1352 2962 sermones
1368 2898 1408 2961 de
1419 2897 1549 2979 judicio
1564 2901 1691 2984 futuro,

147 3011 210 3068 τῶν
232 3000 412 3087 λόγωνκαὶ
435 3011 496 3068 τῶν
519 3010 644 3067 πυκνῶν
666 3009 843 3087 συμφορῶν,
859 3003 898 3081 ἃς
939 2998 1065 3080 jaculis
1087 2999 1254 3064 acutiores
1276 3005 1366 3081 sunt,
1393 3001 1474 3066 dum
1501 3008 1692 3086 percellunt

149 3105 286 3172 ἐκάλεσε
300 3099 420 3193 χεῖρας.
944 3103 1200 3182 conscientiam3
1217 3104 1342 3184 quibus
1356 3105 1520 3187 propheta
1533 3114 1693 3191 punctus,

944 3210 1044 3285 rogat
1059 3209 1098 3269 ut
1112 3205 1267 3269 futurum
1278 3206 1448 3286 iudicium
1464 3210 1594 3292 evadat,
1611 3211 1693 3276 dum
1783 3213 1789 3220 ’

944 3311 1026 3375 dicit
1046 3311 1191 3388 sagittas
1214 3311 1348 3375 illaesa
1371 3314 1532 3376 metuisse
1554 3332 1615 3396 per
1641 3317 1692 3379 in·

944 3413 1152 3496 crepationes
1169 3418 1203 3476 et
1220 3414 1354 3478 crebras
1372 3417 1591 3499 calamitates,
1607 3437 1693 3500 quas

943 3535 1062 3582 monus
1084 3518 1278 3598 appellavit.

195 3641 227 3687 ν.
250 3625 280 3686 4.
303 3620 373 3687 Ota
398 3621 482 3686 ἐστιν
502 3621 584 3698 ἴασις
606 3620 640 3686 ἐν
663 3630 701 3708 τῇ
725 3621 820 3707 σαρκί
840 3645 899 3710 μου
987 3638 1019 3683 ν.
1042 3621 1073 3684 4.
1096 3622 1171 3684 Noa
1191 3624 1242 3684 ert
1261 3620 1388 3686 σανιδίου
1409 3620 1447 3685 in
1467 3621 1564 3687 'cortic
1585 3639 1691 3690 meaa

152 3727 217 3791 ἀπὸ
232 3723 401 3810 προσύπου
416 3731 473 3808 της
488 3724 585 3809 ὀργῆς
601 3746 668 3790 σου.
935 3725 1031 3811 socie
1051 3725 1111 3788 ιἰνε
1132 3728 1203 3788 tua.

196 3829 254 3896 na
268 3838 361 3894 τοῦτο
377 3829 420 3914 μὴ
436 3829 535 3911 αὐτῆς
547 3837 604 3912 της
619 3829 715 3913 ὀργῆς
729 3849 785 3894 σου
800 3828 899 3914 ἐύοης
987 3831 1167 3908 Propterea
1188 3844 1231 3890 ne
1258 3845 1312 3890 me
1335 3830 1510 3909 permittas
1537 3835 1605 3894 tuae
1632 3833 1692 3897 irae

151 3953 192 4020 με
206 3940 317 4017 πεῖραν
327 3929 445 4014 λαβεῖν,
455 3929 623 4016 ἐπειδήπερ
636 3930 729 4017 μόνον
743 3932 899 4017 patrato·
945 3931 1214 4013 experimentum
1230 3928 1350 4011 faeere,
1366 3932 1639 4014 qnandoquidem
1653 3937 1692 4000 il-

200 4145 350 4206 Rurmus
371 4140 408 4205 ιἰι
429 4159 459 4204 ο.
475 4141 506 4203 4.
523 4142 703 4220 Propterea
718 4157 800 4219 ergo
818 4159 903 4219 rogo
947 4140 1028 4204 meis
1041 4186 1134 4203 .....
1150 4139 1265 4202 Potuit
1280 4137 1400 4218 dicere,
1415 4139 1459 4202 ab
1481 4141 1532 4203 ira
1554 4143 1623 4221 tua,
1635 4143 1695 4206 sed

155 4247 225 4293 non
249 4231 356 4310 ipsius
379 4231 437 4292 irae
460 4234 528 4292 tnae
544 4229 728 4310 potentiam
745 4231 902 4309 experiri,
949 4246 1040 4291 nuno
1063 4229 1121 4306 ait,
1136 4225 1259 4309 osocie
1273 4227 1333 4292 irc
1347 4231 1417 4291 trra.
1434 4229 1470 4292 Si
1486 4229 1576 4293 enim
1592 4231 1695 4294 dixis-

41 4361 43 4392 γ
153 4318 315 4398 quoniam
327 4317 496 4397 iudicium
513 4317 546 4400 (ί.
562 4315 727 4399 irtdt'cium]
741 4315 814 4397 ejus
831 4322 904 4380 tan-
947 4321 1009 4395 set,
1032 4315 1075 4380 ab
1098 4317 1241 4394 iratus,
1271 4315 1482 4396 superfluum
1511 4321 1583 4380 erat
1609 4318 1696 4382 illud

42 4395 43 4444 t
155 4406 330 4469 tummodo
352 4406 531 4486 accipiens,
555 4411 588 4468 et
609 4407 716 4468 solam
744 4405 904 4486 quodam·
947 4406 1022 4469 sine
1044 4404 1157 4482 dubio,
1180 4404 1270 4484 qnod
1292 4407 1449 4484 superius
1472 4404 1571 4468 dixit:
1587 4409 1637 4472 Ne
1658 4409 1696 4472 ιἰι

154 4495 254 4559 ιιιούο
277 4493 397 4558 faeiem
420 4493 494 4573 ejus
517 4493 645 4572 videns,
664 4510 739 4574 quae
758 4511 799 4556 ex
822 4494 903 4558 solis
946 4494 1002 4557 iro
1024 4497 1080 4557 ίιιιι
1102 4493 1261 4572 συνωρίσι
1274 4509 1332 4556 κιο.
1348 4495 1375 4555 N
1380 4511 1445 4556 unc
1460 4499 1574 4556 autem
1590 4495 1693 4560 dixit:

154 4583 269 4647 verbis
287 4582 410 4646 divina
426 4583 606 4664 Scriptura
622 4581 829 4645 deformatur
845 4581 905 4664 (in-
948 4583 1021 4647 Non
1036 4585 1085 4645 est
1105 4580 1232 4645 sonitus
1247 4581 1283 4644 ιἰι
1297 4597 1393 4644 comte
1406 4597 1476 4644 ntro
1497 4597 1517 4644 ο
1530 4582 1624 4664 socae
1637 4585 1697 4650 ira

153 4669 303 4755 tellipes
316 4669 526 4754 efferaretur),
534 4669 606 4749 jam
622 4669 717 4733 doleo
729 4688 905 4734 omnecor·
949 4674 1019 4734 tna.
1029 4669 1194 4744 Quoniam
1203 4668 1339 4750 quidem
1351 4670 1421 4732 sola
1432 4668 1535 4732 facies
1548 4673 1605 4734 irre
1617 4677 1695 4753 tum,

153 4779 218 4840 pus
241 4777 356 4824 meum
373 4765 406 4822 et
421 4759 617 4823 conturbor:
633 4776 689 4824 aec
703 4763 752 4822 est
765 4759 837 4822 ιιίίο
850 4775 902 4823 so·
949 4759 983 4821 id
995 4763 1046 4820 est
1057 4756 1281 4820 consideratio
1293 4758 1366 4838 ipso
1378 4757 1633 4840 indignationis,
1646 4762 1696 4824 ita

152 4850 241 4914 nitas
267 4849 304 4913 ιἰι
330 4864 426 4914 cartre
452 4865 532 4928 ιιιειι,
561 4865 661 4929 περιτο
682 4863 753 4928 poa
780 4845 905 4912 οοοιθιιυ
949 4864 1004 4910 me
1026 4846 1210 4927 perterruit
1232 4851 1266 4908 et
1288 4847 1464 4924 convertit,
1485 4852 1523 4909 ut
1546 4848 1604 4910 irae
1627 4855 1696 4913 ture

183 5023 211 5059 v.
223 5004 250 5058 4.
264 5003 331 5058 Vat.
346 5001 569 5072 10‚11,13.cf.1
583 5001 648 5056 (lor.
661 5018 688 5057 ν.
702 5001 720 5055 5
736 5017 759 5057 ιι
773 4999 837 5056 Gor.
857 5018 898 5070 ιν,
942 4996 1104 5072 respiciunt
1115 4999 1192 5072 apud
1205 4997 1375 5056 (lardarium
1388 5017 1551 5075 anonymus
1562 5007 1592 5058 et
1602 5002 1697 5061 Theo-

151 5091 191 5145 10.
211 5084 266 5146 Col
285 5105 331 5158 ιιι,
345 5089 370 5144 ύ.
383 5087 488 5146 Matth.
510 5105 597 5156 xxm,
609 5087 652 5143 41.
672 5085 721 5143 Pa.
733 5103 769 5162 ιι,
789 5087 813 5143 5.
831 5085 898 5144 Huc
942 5083 1031 5143 dorus
1042 5085 1226 5143 Heracleote.
