4036 6090
315 408 376 469 166
971 413 1181 479 ORIGENES

304 565 365 611 που
382 555 437 612 τοῦ
453 546 533 612 λαοῦ
547 555 613 614 τῶν
624 547 795 633 Ὶουδαίιυν,
819 549 987 629 ἀξιούντων
1000 553 1056 616 καὶ
1103 555 1224 635 dirigit
1239 557 1274 620 in
1290 557 1408 638 populi
1423 559 1445 620 J
1447 555 1619 620 udaeorum
1634 571 1788 636 persona,
1803 555 1851 618 di-

304 652 419 728 αὐτοὺς
434 661 542 737 τυχεῖν
557 660 615 736 της
629 653 768 738 χάριτος.
784 647 929 718 Ἐοίκασι
940 655 995 718 καί
1006 655 1056 717 ού·
1099 675 1188 736 gnos
1200 677 1256 724 eos
1269 677 1341 724 esse
1352 661 1512 740 consequi
1525 660 1684 737 gratiam.
1693 660 1848 741 Visiqui-

306 776 355 819 τοι
369 753 511 821 κάκεῖνοι
532 757 573 820 τόι
592 757 649 841 μὲν
671 754 842 841 εὐαγγέλια
855 765 913 842 της
935 755 1057 821 ἐλευθε-
1100 759 1176 824 dem
1199 763 1251 825 illi
1274 767 1355 827 sunt
1376 763 1512 845 ipsimet
1534 765 1699 844 recepisse
1722 763 1850 828 faustos

305 858 372 943 ρίας
387 857 549 944 δεδέχθαι·
571 857 701 944 μηδέπω
724 859 760 924 δὲ
781 860 899 945 ταύτης
921 881 1054 946 τετυχη-
1100 863 1267 928 libertatis
1283 867 1431 945 nuntios,
1454 865 1513 929 sed
1536 867 1596 930 illa
1612 866 1717 930 fuisse
1740 867 1851 930 nullo·

303 960 412 1028 κέναι·
429 965 466 1026 οὔ
481 963 520 1048 δὴ
537 963 630 1048 χάριν
646 962 842 1028 άντιόολοῦοι
863 962 990 1042 τελείως
1005 985 1055 1028 τυ-
1099 968 1198 1032 modo
1209 971 1529 1050 potitoszpropterea
1541 972 1764 1052 deprecantur
1776 987 1850 1052 per-

301 1073 371 1150 χεῖν
386 1075 444 1151 τῆς
459 1064 701 1150 φιλανθρωπίας,
717 1067 763 1132 ότι
785 1068 875 1153 ίσμεν
897 1089 964 1152 σου,
981 1067 1050 1133 δέσ
1098 1073 1184 1137 fecte
1207 1073 1275 1137 frui
1294 1075 1411 1138 divina
1425 1076 1616 1157 clementia,
1632 1079 1714 1158 quia
1736 1081 1847 1156 tuum,

302 1167 395 1252 ποτα,
411 1171 447 1234 τό
471 1169 704 1256 φιλάνθρωπον·
720 1168 930 1255 ίπεποίόαμεν
945 1171 992 1236 δτι
1015 1173 1054 1235 σὺ
1098 1177 1250 1256 Domine,
1260 1179 1417 1242 novimus
1428 1178 1605 1242 hominum
1617 1197 1776 1264 amorem.
1786 1183 1849 1260 Op-

179 1357 186 1376 Ι
302 1275 359 1338 καὶ
373 1276 431 1359 τὴν
446 1275 599 1341 ἐπάνοδον
620 1274 775 1360 παρέξεις,
796 1277 852 1340 καί
873 1277 931 1362 την
946 1273 1054 1359 ζωήν·
1098 1284 1211 1343 tamus
1227 1286 1266 1344 ut
1277 1285 1316 1344 tu
1335 1282 1471 1345 demum
1496 1282 1643 1346 reditum
1659 1287 1796 1364 praestes
1816 1287 1851 1346 et

305 1372 397 1462 ἡμεῖς
412 1378 447 1442 δὲ
462 1379 578 1444 τούτων
595 1378 841 1463 ἀπολαύσαντες,
861 1379 933 1446 κατ’
944 1381 1054 1465 eoppa·
1097 1385 1214 1467 vitam;
1226 1402 1287 1449 nos
1302 1402 1381 1448 vero
1393 1386 1447 1449 his
1457 1387 1556 1450 bonis
1568 1385 1767 1466 gaudentes,
1782 1385 1847 1450 tibi

304 1481 401 1566 σύνην
416 1501 466 1546 σοι
479 1484 534 1546 τόν
548 1484 644 1567 ῶμνον
658 1481 877 1569 προσοίσομεν.
1092 1499 1178 1552 'cum
1193 1475 1406 1553 exultatione'
1418 1491 1584 1573 hymnum
1598 1489 1817 1573 proferemus.

347 1605 380 1650 v.
397 1585 665 1672 ίόἘσμίκρυνας
683 1589 740 1667 τάς
762 1587 886 1674 ἡμέρας
900 1597 956 1654 τοῦ
978 1587 1053 1676 χρό-
1141 1611 1174 1657 v.
1191 1594 1243 1657 46.
1259 1595 1437 1662 Minorasti
1450 1595 1520 1660 dieo
1534 1596 1688 1676 temporo
1701 1596 1782 1676 ejas.

303 1710 360 1756 νου
375 1691 481 1756 αὐτοῦ.

347 1792 404 1858 Δεῖ
417 1793 568 1880 πρότερον
583 1794 669 1881 ἡμᾶς
682 1794 828 1881 γενέσθαι
850 1794 892 1873 ῶς
907 1798 964 1874 τὰς
977 1793 1055 1884 nipt-
1142 1801 1254 1864 Primo
1269 1803 1352 1882 loen,
1368 1805 1499 1884 oportet
1514 1819 1575 1866 nos
1587 1801 1662 1866 fieri
1672 1803 1762 1868 siout
1772 1803 1845 1870 dies

305 1920 362 1984 ρας
378 1908 433 1965 τοῦ
449 1901 592 1984 ούρανοῦ,
615 1899 774 1965 τουτέστιν
790 1898 916 1985 ὁμοίους
937 1910 1004 1980 ταῖς
1020 1901 1055 1967 ά-
1099 1905 1185 1984 ooeli,
1202 1904 1236 1968 id
1253 1909 1304 1968 est
1317 1908 1444 1970 sanctis
1460 1907 1682 1987 potestatibus
1698 1909 1849 1988 similes3

305 2001 387 2089 χίαις
402 2003 578 2088 δυνάμεσιν,
595 2003 703 2067 ἔπειτα
719 2002 755 2066 δὲ
769 2004 824 2066 καί
839 2005 924 2090 αύτῷ
936 2005 1055 2090 παρέμ-
1099 2009 1229 2088 deinde,
1246 2010 1407 2074 etiamad
1428 2012 1540 2091 ipsum
1563 2011 1722 2076 accedere
1743 2013 1849 2076 solem

305 2105 410 2192 φέρειν
432 2113 474 2192 τῶ
495 2114 552 2190 της
574 2106 774 2192 δικαιοσύνης
799 2105 890 2192 ἡλίῳ.
916 2107 973 2172 Δεῖ
991 2110 1052 2194 γάρ
1094 2112 1246 2193 justitiae.
1261 2116 1404 2202 Necesse
1420 2117 1510 2178 enim
1527 2120 1587 2196 est,
1604 2118 1742 2179 omnino
1756 2133 1845 2179 com-

307 2210 433 2287 πάντῶς
448 2211 506 2295 την
521 2209 621 2295 εὐχὴν
636 2219 691 2275 τοῦ
706 2210 859 2275 δεσπότου
873 2210 1053 2296 πληρῶσαι·
1098 2219 1233 2298 pleatur
1245 2220 1352 2282 oratio
1363 2220 1498 2282 Domini
1510 2221 1626 2284 nostri.
1642 2223 1664 2284 J
1666 2237 1742 2284 esus
1759 2221 1851 2284 enim

304 2312 429 2399 Ἰησοῦς
443 2313 506 2399 γάρ
520 2316 603 2379 ἐστιν
618 2313 635 2378 δ
650 2314 912 2400 προσευξάμενος·
928 2315 987 2392 noe
999 2315 1054 2379 αὐ·
1099 2322 1158 2384 ille
1174 2325 1225 2384 est
1241 2323 1300 2402 qui
1316 2322 1350 2386 id
1365 2328 1522 2403 precatus
1537 2329 1603 2388 est:
1623 2326 1699 2388 «Da
1715 2325 1794 2404 illis,
1811 2327 1851 2387 ut

304 2425 379 2500 τοῖς,
395 2419 499 2502 φησίν,
523 2419 574 2482 ivn
589 2421 643 2483 καί
666 2419 755 2483 αὐτοὶ
776 2420 810 2484 ἐν
829 2418 904 2504 ἡμῖν
927 2419 960 2484 ἓν
984 2420 1052 2503 ῶσι,
1099 2425 1202 2489 etiam
1227 2426 1297 2488 siut
1320 2444 1428 2489 unum
1444 2427 1481 2489 in
1496 2427 1602 2508 nobis,
1625 2429 1715 2491 sicut
1730 2432 1764 2490 et
1786 2444 1847 2491 nos

303 2521 409 2598 καθὼς
424 2523 479 2586 καί
495 2523 528 2587 ἕν
543 2523 646 2607 ἐσμεν.
663 2520 755 2587 ocra
769 2524 831 2608 γάρ
848 2520 994 2608 ἐσόμεθα,
1008 2523 1051 2608 μὴ
1098 2546 1207 2592 unum
1221 2547 1349 2594 sumus.
1359 2551 1376 2588 »
1395 2533 1434 2592 In
1446 2531 1539 2594 huno
1551 2533 1641 2595 enim
1658 2530 1796 2595 modum
1812 2548 1844 2594 e·

305 2624 435 2710 αύξησιν
449 2626 503 2690 καί
519 2624 645 2712 μείωσιν
663 2627 748 2691 κατὰ
769 2628 828 2712 την
842 2633 957 2713 γνῶσιν
971 2625 1053 2711 λαμ·
1097 2635 1205 2696 rimus
1221 2635 1354 2697 nullum
1369 2635 1406 2696 in
1421 2636 1564 2699 scientia
1587 2637 1788 2718 recipientes
1803 2637 1846 2700 si-

307 2728 463 2816 βάνοντες.
1097 2754 1139 2800 ve
1155 2738 1413 2818 incrementum,
1431 2740 1503 2802 eive
1519 2739 1771 2803 detrimentum.

349 2855 382 2901 v.
399 2838 508 2901 51-53.
525 2832 698 2920 Μνήσθητι,
722 2833 829 2920 Κύριε,
849 2843 907 2900 τοῦ
928 2833 1054 2898 δνενδισ-
1142 2861 1174 2905 ν.
1191 2843 1300 2906 51-53.
1324 2845 1447 2907 Mentor
1467 2848 1543 2924 esta,
1566 2844 1711 2923 Domine,
1737 2860 1847 2925 apparo-

306 2951 366 3026 μοῦ
380 2949 441 3008 τῶν
455 2939 574 3004 δούλοιν
590 2960 656 3022 σου,
673 2940 709 3004 ού
721 2938 860 3024 ὑπέσχου
877 2939 910 3005 ἐν
926 2946 969 3024 τῷ
980 2935 1053 3000 κόλ·
1098 2944 1164 3009 tan'i
1186 2963 1353 3011 samonem
1375 2951 1502 3011 mann
1525 2947 1626 3030 (qnod
1647 2949 1792 3014 cantiani
1811 2949 1850 3013 a'n

304 3065 355 3130 πμ
371 3065 429 3130 μου
444 3043 569 3108 πολλῶν
584 3042 688 3108 ἐθνῶν.
709 3040 756 3108 Οὔ
773 3042 934 3109 ῶνείδισαν
949 3043 979 3107 ot
1000 3042 1054 3127 ἐχ·
1097 3050 1174 3115 sinn
1185 3051 1276 3130 mec),
1291 3050 1469 3114 αιαῖῖοινονι
1477 3052 1634 3133 pentina:
1645 3051 1728 3133 qnod
1738 3069 1848 3132 capro

304 3146 373 3232 θροί
383 3168 450 3228 σου,
462 3145 569 3231 Κύριε,
582 3148 618 3210 ού
630 3146 790 3214 ὠνείδισεν
800 3149 834 3211 τό
844 3146 1053 3233 ἀντάλλαγμα
1098 3153 1272 3218 tennerunt
1281 3155 1410 3219 inimici
1421 3156 1481 3234 tna',
1492 3155 1638 3234 Domine,
1649 3155 1848 3237 qnodecprc-

304 3259 360 3314 τοῦ
371 3249 509 3334 Χριστοῦ
525 3272 591 3316 σου.
608 3249 791 3336 Εὐλογητὸς
806 3250 923 3336 Κύριος
938 3253 982 3328 εἰς
998 3253 1051 3316 τόν
1098 3257 1273 3324 &avenne
1286 3261 1559 3326 commatationem
1577 3259 1700 3324 Christi
1714 3263 1773 3324 tei.
1789 3263 1850 3326 Be-

306 3355 415 3419 οιίῶνα.
428 3353 571 3448 linaro!
587 3352 729 3419 Γένοιτοί
1097 3363 1244 3429 nedictus
1258 3365 1467 3430 Beniamin
1480 3368 1642 3428 eternam.
1658 3365 1746 3443 nne,
1758 3365 1848 3448 fiat!

352 3456 491 3540 Κόλπον,
507 3461 542 3522 τό
559 3458 731 3544 ἀκόρεστον
746 3459 874 3546 είπομεν
889 3460 1053 3547 σημαίνειν
1143 3471 1391 3550 Saepenumero
1408 3468 1481 3549 jam
1503 3468 1653 3534 diximus
1674 3469 1784 3533 ainana
1803 3470 1847 3534 si-

307 3562 469 3639 πολλάκις.
497 3561 598 3627 Τοῦτο
625 3563 680 3627 ούν
704 3561 805 3649 λέγει·
830 3564 956 3631 πολλῶν
979 3567 1052 3651 είμι,
1099 3573 1264 3652 gnificare
1280 3572 1409 3657 aliquid
1424 3575 1676 3638 inexhaustum.
1698 3577 1767 3638 Hoc
1783 3575 1849 3654 igi-

304 3671 409 3754 ιρηοίν,
425 3669 605 3755 όνειδιομῶν
620 3670 804 3754 ὑποδοχεὺς,
827 3671 881 3734 καί
895 3672 1053 3737 τοσούτων
1099 3682 1156 3740 tur
1171 3679 1228 3740 ait:
1245 3679 1360 3742 Multis
1379 3695 1486 3759 quum
1510 3679 1707 3759 opprobriis
1724 3679 1846 3760 inquit,

306 3771 543 3858 άναποόλήτιυν,
556 3772 670 3858 σχεδόν
684 3771 875 3858 ηνουμένῶν,
891 3775 978 3858 παρὰ
992 3783 1054 3839 τῶν
1099 3798 1164 3860 ego
1176 3781 1379 3862 subiaceam
1389 3786 1505 3864 totque
1518 3783 1671 3846 convicia
1684 3783 1726 3846 ab
1738 3783 1850 3846 inimi·

304 3875 435 3962 ἐχθρῶν,
453 3876 600 3962 μνησθείς
614 3877 669 3942 ούν
684 3877 812 3957 τούτων,
828 3878 883 3940 καὶ
894 3877 941 3941 ότι
952 3879 988 3941 τό
1001 3877 1054 3943 ἀν·
1100 3885 1149 3948 cis
1165 3887 1359 3966 receperim,
1380 3904 1455 3966 quea
1471 3886 1596 3950 nedum
1612 3887 1717 3950 missa
1731 3875 1850 3968 procul

306 3979 476 4066 τάλλαγμα
489 3991 545 4046 τοῦ
560 3979 698 4066 Χριστοῦ
721 4002 777 4045 σου
794 3978 965 4063 ῶνείδισαν,
981 3982 1056 4066 ἤτοι
1100 3987 1238 4067 fuerint,
1248 3989 1331 4051 mihi
1340 3988 1523 4069 adhaerent,
1533 3991 1641 4068 igitur
1652 3991 1774 4054 horum
1782 4007 1850 4053 me-

305 4085 346 4149 τά
361 4085 454 4170 ίχνη·
470 4087 568 4162 οῶτιυς
583 4086 646 4170 γὰρ
661 4087 678 4150 δ
694 4085 867 4171 Σύμμαχος
881 4087 935 4150 καὶ
946 4087 963 4149 δ
975 4085 1054 4153 Θεο-
1100 4108 1174 4154 mor
1182 4095 1262 4171 estc,
1269 4095 1302 4155 et
1311 4092 1476 4174 quomodo
1485 4093 1851 4175 exprobraverintcon

303 4186 412 4253 δοτίῶν
434 4186 646 4274 ἡρμηνευσαν,
671 4190 718 4253 ότι
739 4189 813 4273 ίχνη
835 4199 893 4252 τοῦ
916 4189 1055 4274 Χριστοῦ
1099 4196 1306 4259 metationem
1321 4195 1444 4261 cansa
1455 4197 1515 4275 dni,
1525 4198 1597 4260 sive
1610 4198 1767 4261 mortalia
1775 4196 1849 4276 ejus

305 4315 362 4359 σου
374 4293 583 4380 τυγχάνουσιν
598 4293 626 4358 οἱ
638 4285 691 4360 νῦν
703 4292 850 4380 βασιλεῖς.
863 4293 928 4359 Καί
941 4296 988 4360 ότι
1003 4295 1055 4361 ἀν·
1098 4300 1246 4382 cordaio.
1266 4301 1318 4362 Ita
1340 4301 1430 4363 enim
1451 4300 1673 4383 Symmachus
1692 4307 1727 4365 et
1745 4302 1850 4366 Theo·

338 4532 366 4572 v.
378 4515 423 4571 46.
436 4515 503 4574 Vat.
517 4516 543 4587 2,
554 4515 580 4587 Β,
588 4516 614 4588 5,
625 4517 650 4586 6,
664 4516 707 4572 15.
716 4516 738 4574 J
739 4533 804 4572 oan-
814 4533 891 4587 ινιτ,
900 4517 944 4572 22.
957 4517 1024 4575 Vat.
1037 4518 1056 4574 3
1100 4520 1268 4593 loquuntur,
1282 4522 1385 4578 eodem
1396 4523 1483 4580 modo
1493 4521 1624 4596 disputem
1634 4523 1783 4580 Theodor.
1794 4521 1854 4578 He·

303 4602 395 4660 habet
406 4607 499 4671 αῦιοιῖς
511 4609 695 4673 παρεμφῖρτιν,
714 4608 745 4659 et
761 4603 849 4676 paulo
866 4609 935 4677 post
951 4607 1055 4674 πληρῶ-
1098 4608 1170 4663 rael.
1183 4607 1259 4682 epod
1271 4607 1390 4665 Gorder.
1401 4610 1443 4678 11,
1452 4610 1514 4664 817.
1525 4609 1630 4666 Omnia
1641 4609 1701 4664 BB.
1714 4613 1852 4665 coercent

305 4707 359 4744 σαι.
1100 4699 1132 4750 et
1149 4694 1325 4750 concludunt
1348 4695 1405 4751 hoc
1427 4695 1535 4767 frigido
1554 4695 1658 4753 verbo:
1676 4699 1781 4762 τοίχοιο
1803 4711 1850 4749 κυ-

340 4795 369 4833 v.
382 4775 473 4831 51-53.
486 4777 553 4833 Vnt.
566 4777 592 4846 2,
604 4775 630 4846 4,
643 4776 668 4846 6,
682 4776 708 4830 ί.
720 4775 766 4832 De
778 4778 844 4832 σι’κυ
857 4776 999 4850 Origenes
1012 4777 1056 4834 di·
1100 4784 1195 4848 ριακὸς
1211 4785 1354 4853 όνθρῶπος,
1366 4800 1421 4838 nec
1438 4783 1531 4856 plura
1550 4783 1643 4838 Paulo
1655 4781 1751 4837 fusius
1763 4781 1851 4837 Laur.

306 4869 393 4919 xerat
405 4879 494 4936 snpra
505 4862 537 4918 in
548 4863 597 4919 Pe.
609 4880 737 4932 nxxvru,
748 4867 778 4918 et
788 4864 837 4919 Pe.
848 4881 933 4937 xxm,
944 4866 986 4922 13.
995 4866 1056 4923 He·
1100 4866 1145 4922 Pl.
1160 4882 1200 4938 rr,
1214 4867 1275 4923 {tin
1292 4868 1370 4924 hunc
1382 4868 1515 4925 modum:
1534 4871 1623 4924 Ιὐῖιντιν
1641 4872 1656 4922 ό
1675 4871 1794 4934 θάνατος
1806 4871 1852 4922 αῦ-

302 4949 392 5022 xapla
404 4949 482 5022 apud
494 4949 586 5006 Field.
599 4967 630 5005 u.
643 4951 706 5006 245.
725 4949 771 5004 De
788 4953 996 5020 commutatione
1009 4953 1055 5008 do·
1100 4959 1147 5008 τοῦ
1157 4959 1205 5008 καί
1215 4957 1247 5008 τό
1258 4959 1361 5023 αῖμοιτό
1373 4959 1526 5024 ἀντίλυτρον
1536 4960 1677 5025 δεδομένον
1687 4963 1721 5025 τῃ
1730 4961 1778 5009 τοῦ
1787 4959 1851 5010 κόσ-

304 5036 397 5090 nantel
422 5037 544 5106 eorporis
568 5035 774 5110 propitiatoria
795 5036 827 5092 in
849 5037 1056 5095 remissionem
1100 5057 1150 5110 μου
1162 5045 1285 5110 σωτηρίᾳ,
1298 5043 1313 5095 δ
1326 5045 1460 5111 ὠνείδιζον
1472 5045 1850 5113 όπολοιμόοίνοντεςαότδνκτ·

304 5127 489 5194 peccatorum
502 5139 538 5178 aa
551 5123 857 5192 transubstantiatione,
870 5129 905 5181 ut
917 5123 1051 5198 theologi
1099 5129 1247 5198 κρατησόαι
1258 5129 1377 5198 ύανάτιμ.
