4008 6094
796 371 840 432 nu
865 339 1050 436 Psanuos

712 541 881 621 Fecimus
906 542 1113 622 XXVIII.

196 748 229 794 v.
242 727 449 816 1.Ἐνέγκοπε
460 727 618 816 οῷΚυρίφ
626 730 719 811 δόξαν
730 735 784 798 καὶ
795 731 897 819 τιμήν.
986 753 1018 800 v.
1034 735 1689 825 1.AfferteDemitwplceiomettoeteeem.

197 832 280 920 Τιμή
297 832 474 902 toreuticen
490 833 657 921 σεθάσμιος
673 835 817 922 ἀποδογὴ
831 836 898 922 μετ’
985 841 1099 938 Honor
1115 845 1175 907 Dei
1199 850 1250 908 est
1272 847 1433 924 religiosa
1448 848 1527 912 doni
1543 853 1689 934 receptio

139 935 358 1023 εῦγαρισείοις.
941 960 1020 1005 cum
1036 947 1227 1022 gratiarum
1250 951 1392 1014 actione.

195 1061 227 1106 v.
244 1045 275 1107 9.
292 1042 389 1128 Φωνὴ
406 1041 523 1127 Κυρίου
545 1042 809 1130 καταρτιζομένου
825 1044 898 1109 ἐλά·
986 1063 1019 1108 v.
1043 1051 1072 1112 9.
1105 1051 1168 1116 Voo
1188 1053 1550 1135 Domireprcpcrcetts
1568 1073 1685 1136 cereos,

143 1166 237 1229 φους,
252 1148 307 1210 καί
323 1146 523 1232 ἀποκαλύψει
533 1147 676 1232 δρυμούς.
694 1151 760 1216 Vct.
777 1151 850 1233 640,
870 1152 898 1214 l.
944 1152 975 1214 ee
995 1152 1149 1218 revelabit
1170 1154 1333 1220 condense.

190 1248 292 1317 Ἀνευ
315 1259 421 1335 φωνῆς
444 1249 562 1335 Κυρίου
584 1252 642 1316 οὐκ
660 1253 699 1316 ἄν
720 1249 840 1337 γένοιτό
855 1272 900 1328 τις
987 1257 1066 1320 Sine
1089 1258 1224 1322 Domini
1242 1276 1333 1340 voce,
1349 1278 1448 1324 nemo
1467 1279 1588 1327 cervus
1611 1265 1685 1344 erit,

144 1353 267 1438 ἔλαφος
283 1352 466 1439 διαφθείρων
481 1358 553 1433 τοὺς
575 1357 681 1442 θφεις·
704 1356 810 1433 ὁποῖος
825 1356 898 1441 rito
942 1359 1002 1438 qui
1014 1360 1144 1423 occidat
1154 1366 1336 1442 serpentes:
1348 1365 1686 1446 quaiiseratPauius,

146 1457 295 1542 Παῦλος,
323 1460 407 1523 κατὰ
432 1458 603 1543 ἀνθρώπων
628 1460 837 1546 θηριομαγῶν
863 1460 896 1525 ἐν
941 1460 1023 1525 dum
1038 1463 1200 1529 adversus
1215 1467 1368 1530 homines
1383 1468 1572 1534 luctaretur
1586 1473 1622 1534 in
1645 1473 1688 1535 E·

144 1561 283 1647 Ἐφὲσιρ
302 1601 343 1610 -
359 1561 424 1628 Καί
447 1562 678 1628 ἀποκαλύπτων
700 1565 843 1650 δρυμοὺς,
860 1564 894 1629 ἐν
940 1563 1044 1644 pheso
1056 1585 1134 1630 cum
1149 1568 1275 1633 bestiis.
1292 1572 1498 1637 -Reeeleus
1515 1573 1680 1654 cettdense,

147 1666 216 1744 οίς·
240 1664 283 1731 Αἱ
305 1664 468 1744 ἀλώπεκες
494 1668 580 1753 είγον
607 1668 757 1753 φωλεοὺς,
781 1670 836 1734 καὶ
856 1671 898 1734 τὰ
940 1669 976 1732 in
1003 1671 1045 1734 iis
1068 1672 1193 1736 verbis:
1224 1675 1380 1756 «Vulpes
1408 1675 1521 1740 foveas
1549 1678 1685 1760 habent,

146 1773 275 1837 πετεινὰ
295 1779 351 1836 τοῦ
374 1771 507 1855 οὐρανοῦ
528 1770 807 1856 κατασκηνώσεις·
827 1771 845 1837 δ
861 1773 896 1837 δὲ
941 1777 974 1836 et
994 1773 1247 1840 volucres'coeli
1267 1777 1363 1842 nidos
1379 1779 1438 1842 ubi
1454 1779 1617 1845 habitent.
1633 1783 1687 1845 Fi·

147 1875 212 1953 υῑὸς
227 1885 283 1941 τοῦ
298 1873 461 1960 ἀνθρώπου
484 1877 544 1942 οὐκ
564 1877 633 1962 ἔχει
647 1885 708 1941 ποῦ
723 1876 781 1960 τὴν
797 1895 895 1960 κεφα-
939 1876 1007 1941 lius
1029 1883 1144 1942 autem
1166 1879 1316 1945 hominis
1339 1898 1406 1946 non
1429 1883 1531 1948 habet
1553 1884 1613 1948 ubi
1632 1903 1685 1950 ca·

146 1979 207 2065 λὴν
220 1978 325 2064 κλίνῃ.
939 1986 1003 2081 put
1024 1984 1176 2048 reclinet.
1191 2005 1208 2044 »

180 2101 231 2158 Pe.
244 2118 357 2174 xxvm,
369 2119 397 2160 v.
411 2103 435 2173 1,
448 2103 473 2159 9.
486 2101 553 2159 Vct
567 2101 592 2158 5.
605 2100 649 2158 uf.
662 2100 678 2156 1
690 2099 756 2158 Cor.
767 2117 818 2172 xv,
828 2099 871 2156 32.
890 2100 959 2157 Luc.
973 2117 1016 2172 rx,
1029 2101 1072 2158 58.

598 2273 599 2276 ’
736 2261 905 2340 Peolmua
928 2261 1089 2341 XXIX.

190 2494 222 2539 v.
241 2475 269 2538 1.
286 2468 358 2542 'Ort
379 2473 533 2553 ῦπὲλαθίς
555 2493 604 2560 με,
623 2475 678 2541 καί
697 2473 756 2538 οὐκ
778 2473 893 2556 εῦφρα·
981 2491 1012 2536 v.
1039 2475 1067 2538 1.
1095 2475 1250 2551 Qooetcm
1270 2478 1443 2558 accepisti
1469 2495 1528 2560 ete,
1554 2497 1610 2546 nec
1636 2477 1687 2545 de·

143 2599 201 2656 νας
215 2581 288 2657 τοὺς
303 2577 434 2664 ἐχθρούς
446 2601 506 2666 μου
520 2578 570 2643 ἐπ’
582 2575 648 2663 ἐμέ.
669 2580 736 2646 Vct.
751 2577 826 2660 640,
839 2577 870 2640 2.
937 2575 1064 2642 lectcrti
1084 2578 1233 2644 inime'coe
1254 2597 1339 2645 eecce
1359 2599 1457 2662 ceper
1478 2600 1537 2648 me.

187 2682 270 2762 Τοὺς
286 2685 343 2769 μὲν
357 2685 547 2768 πρακτικοὺς
566 2680 779 2768 ῦπολαγιθάνει
794 2681 811 2745 ὁ
826 2678 891 2745 Kc·
979 2681 1144 2746 Dominus
1156 2701 1211 2748 eos
1226 2685 1287 2764 qui
1302 2685 1337 2747 in
1348 2687 1498 2766 practica
1508 2686 1683 2764 vitasunt,

142 2809 208 2871 ριος
219 2788 271 2853 διὰ
280 2797 342 2853 τῶν
354 2787 493 2872 ἀρετῶν·
507 2789 579 2864 τοὺς
592 2786 626 2851 δὲ
637 2783 784 2850 ἐπιπλέον
795 2805 891 2868 προσ·
934 2785 1077 2866 suscipit
1090 2803 1151 2867 per
1164 2779 1322 2869 'virtutem
1337 2791 1481 2870 suscipit
1495 2795 1609 2852 autem
1621 2807 1681 2871 per

141 2891 320 2976 κεκυφότας
336 2892 388 2956 διὰ
399 2901 456 2977 τῆς
467 2900 601 2976 φυσικῆς
615 2888 769 2975 θεωρίας·
783 2889 833 2974 ἐφ’
844 2889 889 2967 οίς
934 2891 1125 2954 naturalem
1146 2893 1462 2973 contemplationem
1479 2893 1610 2974 eosqui
1629 2894 1680 2955 ul-

141 2996 201 3060 οῦκ
217 2995 434 3080 εὐφραίνεσθαι
449 2993 595 3081 λέγονται
607 2995 636 3060 οἱ
647 2993 762 3080 ἐχθροί.
775 2993 819 3060 At
833 2996 888 3079 μὲν
932 2995 1038 3058 terius
1053 2997 1224 3076 progressi
1239 3000 1333 3075 sunt;
1349 2996 1390 3059 de
1406 2995 1531 3078 quibus
1547 2995 1678 3060 inimici

140 3100 204 3184 γὰρ
230 3098 379 3184 φεύγουσι
399 3102 458 3186 τὴν
480 3099 618 3165 κακίαν·
638 3100 659 3186 ἡ
676 3100 767 3165 δὲτὰ
788 3099 888 3185 ψευδῆ
933 3115 1001 3162 non
1023 3098 1184 3163 dicuntur
1209 3099 1378 3164 delectari.
1406 3101 1557 3164 Virtutes
1586 3101 1677 3163 enim

142 3201 288 3286 δόγματα
302 3202 467 3289 διελέγχει,
479 3212 591 3288 γνῶσις
607 3205 687 3270 οδσα
700 3201 783 3271 Θεοῦ
798 3225 888 3269 πνευ-
932 3201 1056 3281 fugant
1077 3203 1253 3283 malitiam,
1276 3203 1407 3267 theoria
1428 3209 1544 3267 autem
1567 3205 1679 3269 redar-

142 3305 269 3390 ματική.
294 3307 339 3372 Τὸ
355 3306 406 3372 δέ·
427 3305 591 3391 ὑπέλαθες,
607 3307 676 3374 ἀντὶ
696 3317 752 3373 τοῦ
774 3308 888 3394 pered-
932 3307 1011 3385 guit
1031 3305 1117 3370 falsa
1138 3308 1309 3387 dogmata,
1324 3309 1386 3370 Dei
1402 3313 1518 3389 utpote
1533 3309 1677 3374 scientia

140 3430 238 3492 ρισας
247 3408 378 3477 Ἀνθόὗ
389 3409 518 3488 Ακύλας
533 3412 634 3477 εἶπεν·
645 3410 825 3490 Ἀνέσωσάς
838 3434 886 3500 με.
932 3411 1128 3494 spiritualis.
1141 3411 1178 3474 Id
1194 3428 1273 3476 vero
1287 3413 1459 3492 suscepisti
1472 3430 1531 3492 me,
1551 3417 1603 3476 est
1617 3430 1677 3494 pro

931 3516 1064 3580 elevasti
1073 3533 1132 3595 ete,
1146 3533 1206 3597 pro
1218 3533 1286 3597 quo
1297 3517 1422 3597 Aquila
1432 3517 1529 3579 dixit:
1540 3516 1676 3582 Salutem

446 3701 452 3710 .
930 3637 980 3686 me
992 3619 1121 3702 fecisti.
1571 3607 1573 3611 ’

182 3741 214 3787 v.
231 3723 262 3786 3.
287 3719 394 3806 Κύριε,
410 3721 427 3785 δ
443 3719 522 3799 θεός
539 3743 608 3807 μου,
631 3719 789 3807 ἐκέκραξα
811 3725 887 3810 πρὸς
974 3740 1006 3787 v.
1030 3725 1060 3787 3.
1082 3723 1227 3803 Domine,
1245 3725 1334 3788 Deru
1354 3739 1454 3802 esces,
1472 3723 1612 3790 οίιιοιαοι·
1633 3725 1677 3792 od

138 3825 186 3908 σὲ,
202 3825 259 3888 καί
275 3823 354 3889 ἰάσω
366 3845 415 3909 με.
930 3833 970 3910 te,
996 3832 1028 3893 et
1048 3828 1175 3892 semoti
1195 3846 1254 3891 ete.

181 3926 345 4012 Μακάριος
360 3928 377 3992 ὁ
391 3929 450 4014 τὴν
465 3927 499 3994 ἐν
516 3927 604 4015 βάθει
626 3928 754 4016 πληγὴν
773 3929 886 3997 ἑαυτοῦ
973 3935 1097 3996 Beatus
1120 3932 1180 4014 qui
1195 3931 1290 3995 novit
1304 3947 1407 4011 quam
1422 3932 1492 3994 alta
1507 3931 1552 3994 ait
1567 3931 1676 4012 ipsius

139 4029 306 4118 γνωρίζων,
324 4031 365 4109 ὡς
381 4033 530 4098 δύνασθαι
545 4043 589 4118 τῷ
603 4034 699 4120 ἰατρῷ
715 4033 884 4119 προσιέναι,
929 4037 1042 4118 plaga,
1065 4041 1105 4100 ut
1126 4039 1230 4116 queat
1251 4035 1409 4098 accedere
1431 4034 1474 4098 ad
1492 4035 1673 4113 medicum,

140 4137 194 4200 καί
208 4134 312 4222 λέγειν
326 4157 333 4172 ·
347 4135 454 4201 'leuat
469 4159 517 4222 με,
529 4137 637 4222 Κύριε.
650 4137 715 4202 Καὶ
727 4139 789 4222 ἐγὼ
801 4140 885 4204 είπα·
930 4145 964 4204 et
991 4141 1115 4204 dicere:
1142 4141 1260 4203 «Sane
1280 4157 1345 4218 me,
1368 4138 1519 4202 Domine.
1543 4138 1587 4202 m
1609 4156 1674 4217 ego

139 4237 253 4324 Κύριε,
276 4237 408 4324 ἐλέησόν
424 4261 473 4325 με,
493 4241 581 4305 ίασοιι
603 4243 661 4328 τὴν
685 4241 792 4327 ψυχήν
816 4264 884 4328 μου.
929 4245 1016 4309 dixi:
1040 4245 1191 4323 Domine,
1214 4244 1373 4306 miserere
1396 4244 1473 4321 mei,
1497 4259 1579 4304 sana
1605 4243 1677 4305 ani·

139 4341 208 4408 Νῦν
223 4343 259 4406 δὲ
272 4345 375 4428 τυχὼν
392 4352 449 4428 τῆς
464 4343 611 4429 ἰατρείας,
629 4345 816 4430 εὐχαριστεῖ.
829 4346 884 4411 Ἔ-
929 4366 1019 4411 mam
1027 4365 1170 4412 meam.»
1180 4349 1275 4408 Nunc
1283 4363 1362 4409 vero
1370 4345 1537 4409 medicina
1544 4344 1670 4424 fruens

138 4467 190 4510 στι
211 4445 246 4510 δὲ
260 4445 277 4511 δ
292 4447 372 4524 Θεδς
386 4456 447 4514 τῶν
463 4448 500 4512 δι’
515 4447 644 4534 ἀγάπην
667 4449 885 4516 οίκειωθέντων
929 4453 1058 4530 gratias
1081 4451 1164 4529 agit.
1179 4451 1270 4512 Deus
1285 4453 1400 4512 autem
1415 4452 1467 4511 est
1482 4465 1597 4511 eorum
1613 4450 1674 4528 qui

137 4553 233 4637 αὐτῷ.
278 4620 279 4630 ,
928 4575 988 4639 per
1003 4557 1201 4619 alteritatem
1218 4553 1402 4616 familiares
1418 4553 1449 4616 ei
1467 4551 1547 4614 facti
1562 4557 1652 4616 sunt.

181 4675 213 4720 v.
231 4658 260 4720 t.
276 4653 361 4741 Ἐγὼ
385 4656 421 4721 δὲ
443 4656 517 4720 είπα
530 4677 538 4692 ·
552 4655 607 4722 Ἐν
622 4667 661 4743 τῇ
677 4655 805 4744 εῦθηνίᾳ
825 4681 884 4745 μου
972 4677 1003 4722 ν.
1027 4661 1057 4724 7.
1080 4659 1147 4740 Epo
1168 4661 1274 4721 cotem
1296 4655 1383 4720 diei:
1406 4657 1448 4719 Iu
1474 4654 1672 4720 abundantio

135 4759 232 4845 οὐρὴ
249 4759 392 4824 σαλευθῶ
407 4760 450 4837 εἰς
466 4762 519 4824 τὸν
533 4761 642 4826 αἰῶνα.
928 4780 998 4828 meo
1019 4780 1082 4825 nen
1104 4759 1311 4826 eomeaooebor
1332 4761 1368 4822 in
1390 4763 1551 4823 eternum.

168 4917 218 4972 Ps.
232 4933 319 4986 xxrx,
341 4935 367 4972 v.
390 4917 414 4971 1.
436 4917 503 4972 vae.
520 4919 561 4972 16.
581 4916 624 4973 Of.
643 4918 735 4975 Field.
754 4921 882 4994 [decupla
961 4936 989 4974 v.
1004 4917 1028 4971 7.
1042 4915 1109 4970 vat„
1123 4913 1148 4984 5,
1163 4915 1203 4982 10,
1218 4913 1259 4967 13.
1273 4911 1316 4967 uf.
1335 4911 1547 4982 Fisld.11,151.
1567 4911 1675 4983 Vulga-

134 5004 270 5073 Oriqem'a,
283 5003 376 5059 Oxou.
390 5005 469 5074 1872,
482 5020 514 5072 11,
529 5004 588 5058 130.
928 5011 977 5060 tus
985 5001 1155 5058 Theodorus
1165 5000 1281 5055 Heracl.
1291 4998 1364 5070 legit
1374 4999 1451 5071 apud
1461 4998 1674 5072 Symmachum:

167 5107 195 5146 v.
209 5089 234 5144 θ.
248 5089 315 5146 Vat.
328 5091 353 5156 6.
366 5091 416 5148 Ps.
431 5090 516 5160 v1,4;
529 5105 578 5161 xa,
591 5089 633 5170 5·.=
930 5095 957 5147 ἐν
970 5097 1002 5161 τῇ
1016 5093 1131 5159 adtente.
1144 5119 1177 5131 -
1190 5086 1292 5146 Malim
1304 5092 1328 5144 rt
1339 5091 1423 5158 ίργων
1436 5093 1528 5155 φαίνει.
