4036 6090
274 421 317 482 82
942 421 1151 484 ORIGENES
1257 441 1259 448 ’

319 571 350 613 v.
368 552 398 613 6.
415 533 679 634 Ταραχθησονται
694 523 766 614 ἀπό
780 550 949 635 προσώπου
966 549 1020 613 αὐ·
1109 571 1140 615 v.
1161 557 1190 616 6.
1216 555 1444 620 Τιινόαόυιιίια*
1458 575 1479 622 ιι
1492 557 1587 638 facie
1601 559 1681 638 ejus,
1702 560 1814 639 patris

274 665 339 736 τοῦ,
362 657 480 739 πατρὸς
504 664 564 720 τῶν
587 656 731 740 ὀρφανῶν
753 657 808 721 καί
830 666 937 740 κριτοῦ
960 665 1021 721 τῶν
1065 655 1278 736 υιηιίιιιιιοιυιυ
1294 665 1325 724 et
1331 661 1458 740 jndicio
1472 662 1654 727 ον’όκιιινιιυ.

343 767 394 823 ῶν.
712 760 715 768 ’

275 779 386 939 χηΙρῖδις
402 864 419 927 δ
434 871 530 928 ποιῶν
546 864 604 948 την
619 862 784 948 ἁμαρτίαν,
797 863 836 928 ἐκ
850 875 905 929 τοῦ
917 863 1021 929 διαδό-
1110 864 1320 947 Quicumque
1344 867 1424 931 iaoit
1454 874 1640 950 pennatum,
1671 888 1713 934 ax
1735 872 1811 934 Dia-

274 966 331 1031 λου
347 965 482 1051 γίνεται·
498 969 587 1044 οὗτος
603 967 689 1031 οὖνὸ
710 967 815 1052 πατήρ
831 969 969 1052 σου,’ἐόιν
985 969 1020 1034 ἁ·
1064 968 1140 1030 bolo
1157 969 1274 1032 oritur.
1300 973 1373 1052 Ipse
1397 989 1479 1050 ergo
1495 973 1584 1036 idem
1603 979 1698 1054 pater
1720 979 1810 1052 tuus

277 1069 447 1160 μαρτόινης,
472 1069 664 1136 ἀποθανέτυ.
687 1069 766 1136 Ἐάν
796 1093 844 1137 σοι
867 1071 1020 1157 ἀποθάνη,
1064 1073 1092 1134 si
1109 1075 1310 1153 peccaveris,
1327 1077 1501 1139 moriatur.
1517 1080 1552 1141 Si
1570 1078 1633 1141 tibi
1656 1083 1811 1176 mortuus

275 1178 324 1240 σοί
339 1177 376 1240 οὐ
395 1176 446 1262 ζῇ,
462 1177 523 1243 κᾶν
547 1177 653 1254 ἄλλοις
669 1177 748 1262 δοκη
772 1177 842 1262 ζην.
858 1177 954 1243 Γενοῶ
970 1181 1020 1262 όρ-
1065 1181 1125 1254 est,
1140 1177 1203 1240 tibi
1218 1194 1286 1240 non
1301 1179 1404 1258 vivat,
1421 1182 1553 1243 etiamsi
1565 1183 1642 1245 aliis
1653 1183 1810 1245 videatur

272 1282 381 1364 φανός,
408 1281 463 1344 καί
493 1278 598 1344 οὐκέτι
625 1277 733 1364 χρήσῃ
760 1279 888 1363 τοιούτῳ
915 1282 1018 1364 πατρί,
1064 1281 1188 1343 vivere.
1216 1282 1393 1362 Orphanus
1419 1283 1497 1362 fias,
1527 1302 1636 1366 neque
1666 1288 1811 1366 amplius

273 1383 343 1448 ἀλλ’
359 1383 467 1468 ἐκείνῳ
483 1385 517 1461 δς
533 1404 569 1448 σε
585 1383 626 1460 ῶς
641 1384 777 1468 δρφανδν
792 1383 890 1449 ἄλλον
901 1382 1019 1468 ἀναλὴ-
1063 1386 1168 1449 simili
1184 1390 1279 1448 utere
1294 1391 1399 1467 patre,
1422 1388 1480 1450 sed
1496 1389 1555 1451 illo
1565 1391 1630 1470 iqui
1645 1393 1679 1454 te
1702 1391 1810 1453 veluti

273 1488 375 1571 ψεται.
400 1487 501 1553 Πόλιν
531 1487 758 1573 μνηστεύσεται
787 1489 845 1572 τὴν
868 1487 1019 1572 ἀνθρωπί-
1064 1490 1170 1551 alium
1201 1490 1388 1570 orphanum
1410 1498 1569 1556 assumet.
1597 1497 1723 1558 Iterum
1750 1496 1813 1558 hu-

272 1611 331 1676 νην
347 1593 453 1677 ψυχὴν
468 1594 486 1657 ό
501 1591 654 1677 Χριστός·
670 1592 859 1678 παρανόμως
874 1593 938 1658 δέό
953 1592 1018 1657 διά·
1064 1611 1173 1656 manae
1189 1596 1310 1657 animae
1330 1613 1459 1658 memor
1482 1599 1546 1659 erit
1561 1598 1724 1662 Christus.
1748 1599 1812 1662 Sed

272 1695 365 1774 δολος
381 1697 526 1783 βούλεται
541 1700 639 1784 αὐτῆς
662 1697 791 1782 νυμφίος
806 1697 954 1783 γίνεσθαι,
969 1701 1020 1763 ίνα
1064 1716 1151 1760 ausu
1167 1697 1295 1761 nefario
1311 1701 1386 1762 vult
1397 1700 1559 1764 Diabolus
1571 1700 1673 1781 hujus
1689 1705 1811 1766 animae

271 1799 390 1885 ποιηση
406 1803 506 1886 αὐτην
521 1800 738 1886 ἐφθαρμένην·
754 1801 776 1887 ἡ
790 1803 877 1888 ψυχη
894 1804 949 1866 οὖν
961 1824 1018 1867 σου
1064 1817 1206 1882 sponsus
1222 1801 1307 1882 fieri,
1320 1807 1359 1866 ut
1369 1806 1554 1868 eamfaoiat
1565 1812 1723 1871 scortum.
1737 1811 1809 1872 'I'ua

250 1903 359 1990 wipo
370 1904 700 1990 γενέσθυέκείνου,ίνα
709 1929 759 1971 σοι
767 1905 856 1990 κρίνη
865 1908 905 1971 τὰ
913 1907 1019 1970 δίκαια
1064 1905 1173 1983 igitur
1187 1909 1301 1969 anima
1313 1909 1416 1971 vidua
1428 1908 1531 1989 hujus
1546 1912 1746 1992 sponsifiat‚
1771 1916 1810 1976 ut
1838 1981 1840 1984 ,

270 2007 384 2085 δΘεδς
399 2009 604 2075 καταλίποντι
625 2012 678 2076 τδν
699 2010 821 2096 ἀνόμως
838 2012 1017 2096 ουνῳκηκό-
1063 2010 1153 2073 Deus
1176 2009 1271 2090 justa
1295 2013 1358 2075 tibi
1380 2011 1519 2092 jndioet,
1547 2016 1606 2094 qui
1629 2008 1807 2079 deseruisti

269 2132 310 2175 τοι
336 2114 391 2176 καί
416 2114 469 2179 τόν
494 2115 579 2178 κατὰ
603 2113 719 2178 κακίαν
744 2113 951 2199 γεννήσαντα.
976 2154 1017 2164 -
1063 2117 1152 2178 male
1167 2115 1230 2177 tibi
1245 2115 1464 2195 conjunctum
1479 2123 1513 2180 et
1528 2121 1697 2198 malignos
1720 2120 1809 2184 fetus

270 2212 425 2300 Ὀρφανός
441 2215 523 2283 ἐστιν
546 2217 563 2282 ό
586 2217 745 2303 στερηθείς
766 2219 817 2282 διδι
831 2218 947 2284 κακίαν
962 2231 1017 2284 τοῦ
1063 2223 1293 2296 generantem.
1311 2221 1487 2301 orphanus
1503 2227 1564 2302 est,
1580 2224 1640 2303 qui
1662 2241 1722 2305 per
1740 2243 1808 2286 ma·

271 2318 456 2404 ἐπουρανίου
479 2319 613 2405 Πατρός,
639 2320 679 2405 ἣν
702 2321 898 2399 αὐτδςέκὼν
921 2323 1018 2388 ἐπάσ·
1063 2323 1172 2384 litiam
1195 2323 1333 2386 orbatus
1356 2327 1407 2386 est
1424 2327 1552 2409 ooelesti
1575 2331 1679 2406 patre,
1704 2317 1806 2410 quam

271 2445 364 2489 πατο.
1062 2432 1179 2510 sponte
1195 2430 1370 2508 amplexus
1386 2434 1467 2492 erat.

318 2528 367 2614 Τῇ
382 2528 481 2594 κτίσει
503 2532 591 2614 παρὰ
606 2533 659 2595 τόν
677 2529 828 2596 κτίσαντα
850 2532 1016 2618 λελατρευ·
1107 2534 1366 2608 Quioreaturam
1379 2537 1602 2615 procreatore
1617 2537 1806 2615 coluerunt,

248 2632 367 2711 κότες
393 2633 524 2718 όρφανοί
548 2655 628 2711 τινες
654 2634 759 2719 ἦσαν·
793 2639 877 2702 κατόι
905 2639 958 2702 τὸν
983 2639 1018 2702 δέ
1063 2636 1201 2716 quidam
1218 2638 1361 2717 orphani
1376 2643 1481 2716 erant,
1498 2639 1733 2702 aoseouudum
1750 2659 1809 2703 sae-

271 2737 390 2822 κόσμον
416 2737 657 2822 ἀνεπικούρητοι
677 2740 838 2818 παντελῶς
865 2742 1017 2826 καὶπρὸς
1062 2740 1177 2801 nulum
1194 2756 1407 2820 quocumque
1417 2759 1554 2822 prorsus
1566 2743 1694 2830 auxilio
1706 2744 1806 2806 desti·

270 2851 375 2908 πᾶσαν
398 2840 579 2920 πλεονεξίαν
602 2841 728 2926 ἕτοιμοί.
752 2843 881 2930 Ἐπειδὴ
906 2845 941 2910 δὲ
961 2866 1016 2909 πε·
1061 2843 1138 2922 tuti,
1154 2861 1192 2906 ao
1208 2845 1316 2924 parati
1331 2843 1374 2906 ad
1389 2844 1599 2908 subeundam
1615 2847 1686 2908 vim
1703 2849 1737 2908 et
1757 2851 1808 2929 ty-

268 2943 462 3026 πιστεόκασι,
474 2943 713 3028 πεπλουτηκασι
725 2945 855 3032 Πατέρα
863 2952 916 3014 τὸν
924 2947 1015 3033 Θεὸν,
1061 2947 1246 3012 renuidem.
1259 2951 1439 3027 Postquam
1452 2953 1565 3010 autem
1581 2949 1808 3030 erediderunt,

268 3050 316 3114 διό
332 3053 394 3136 γὰρ
410 3059 466 3134 της
481 3059 544 3114 τῶν
558 3059 668 3134 χηρῶν
683 3051 871 3137 κηδεμονίας
891 3057 945 3118 καί
959 3063 1017 3139 της
1061 3069 1141 3113 suas
1157 3050 1304 3113 habuere
1320 3051 1466 3130 divitias,
1482 3056 1611 3133 patrem
1627 3054 1745 3116 Deum.
1767 3056 1808 3117 E·

268 3161 330 3219 τῶν
356 3154 500 3237 ὀρφανῶν
518 3153 696 3238 ἐπιμελείας
718 3157 754 3224 τὸ,
777 3155 896 3222 δίκαιον
920 3159 1016 3223 αὐτοῦ
1042 3158 1045 3174 ’
1061 3156 1168 3216 teniru
1179 3172 1239 3235 per
1250 3156 1392 3220 tutelam
1409 3155 1589 3218 viduarum
1603 3162 1637 3220 et
1651 3174 1807 3238 procura-

268 3265 326 3340 της
342 3256 488 3341 προνοίας
504 3255 673 3340 ἐδήλωσεν,
689 3267 750 3322 τῶν
764 3259 873 3344 ψυχῶν
888 3270 949 3326 τῶν
965 3264 1015 3346 δρ-
1061 3259 1188 3322 tionem
1204 3257 1442 3338 orphanorum,
1455 3277 1558 3340 quarn
1570 3260 1665 3341 justa
1675 3264 1721 3325 sit
1732 3280 1805 3343 pro-

267 3371 373 3445 φανῶν
388 3362 443 3427 καί
456 3369 517 3426 τῶν
532 3359 718 3445 ἀδοηθητυν
733 3361 843 3429 θόσιυν.
859 3403 899 3411 -
913 3365 1014 3450 [Νόει]
1061 3362 1212 3424 videntia
1227 3379 1298 3440 sua,
1315 3363 1470 3443 ostendit,
1489 3364 1619 3428 animas
1635 3367 1742 3428 veluti
1759 3384 1809 3429 or-

266 3468 421 3551 δρφανοὺς
443 3467 484 3530 τὰ
506 3465 591 3551 ἐθνη,
608 3465 649 3543 ὡς
667 3469 709 3552 μη
727 3469 843 3552 ἔχοντα
866 3469 1015 3538 τὸνθεόν
1062 3466 1190 3547 phauas
1207 3469 1240 3528 at
1256 3467 1384 3530 auxilio
1404 3467 1537 3531 orbatas
1560 3469 1746 3546 vindicans,
1764 3507 1803 3516 ·-

266 3571 398 3656 πατέρα,
422 3569 527 3656 χήραν
550 3571 585 3634 δὲ
607 3573 666 3656 την
688 3572 871 3656 ἐκκλησίαν,
900 3573 942 3651 ὡς
970 3578 1013 3660 μη
1062 3571 1807 3656 IntelligeorphanosessepopulosquiDeum

266 3675 426 3741 λαδοῶσαν
450 3673 550 3758 ἄνδρα
572 3677 623 3740 τόν
640 3675 785 3758 Χριστόν,
810 3675 926 3742 τούτων
949 3681 1012 3767 γὰρ
1062 3675 1684 3756 nonhabentpatrem3viduamautem
1693 3682 1806 3743 Eccle-

268 3783 376 3846 ἕνεκεν
392 3782 446 3847 καί
462 3777 627 3845 ἀπόθανεν.
854 3802 857 3810 ·
1062 3783 1147 3843 siam
1171 3797 1246 3860 quae
1264 3779 1414 3844 nondum
1438 3797 1599 3860 sponsum
1615 3789 1809 3863 susceperat

1062 3886 1251 3950 Christum:
1268 3883 1390 3947 horum
1407 3886 1498 3948 enim
1514 3886 1636 3965 gratia,
1653 3893 1808 3950 mortuus

1063 3995 1122 4054 est.

315 4115 347 4158 v.
366 4097 394 4157 7.
422 4091 460 4158 Ὁ
484 4093 564 4170 Θεὸς
587 4093 620 4158 ἐν
643 4093 727 4178 τόπῳ
751 4095 829 4180 ἀγίῳ
850 4099 954 4163 αὐτοῦ.
979 4099 1016 4165 ‘0
1107 4115 1137 4157 v.
1152 4097 1283 4159 tuem
1298 4096 1335 4158 ιἰι
1350 4095 1538 4160 locosancto
1555 4111 1623 4174 ιυο,
1638 4096 1696 4176 ραι·
1717 4097 1811 4161 into·

271 4198 354 4275 Θεδς
377 4195 549 4274 κατοικίζει
570 4197 779 4281 μονοτρόπους
794 4200 827 4264 ἐν
844 4202 929 4286 οίκιρ,
948 4202 1017 4282 ἐξά·
1061 4198 1262 4279 otterestat
1276 4201 1375 4264 tonius
1389 4201 1491 4264 moris
1504 4199 1541 4263 in
1551 4199 1649 4279 doma
1668 4201 1725 4281 qui
1736 4199 1808 4265 edot-

269 4322 335 4387 γων
349 4300 585 4386 πεπεδημένους
608 4300 641 4364 ἐν
665 4301 799 4388 ἀνδρείᾳ,
816 4306 930 4390 δμοίως
945 4312 1017 4386 τοὺς
1062 4305 1107 4369 at
1134 4306 1256 4368 tinctos
1281 4303 1319 4366 ιἰι
1338 4302 1549 4384 fortitudine,
1579 4305 1736 4369 similiter
1760 4323 1811 4370 eos

266 4405 593 4492 superexpansum,
623 4408 695 4482 τοὺς
728 4420 952 4490 κατοικοῦντας
983 4415 1017 4480 ἐν
1061 4411 1127 4491 qni¹
1149 4412 1357 4488 anteponant,
1383 4409 1441 4489 qni
1467 4407 1613 4472 Ιιιιόόίιιιιί
1640 4411 1677 4472 in
1706 4411 1810 4491 sepul-

269 4511 389 4596 τάφοις.
1062 4514 1160 4579 oleris.

313 4615 417 4692 Τόπος
433 4613 526 4694 Θεοῦ,
546 4614 633 4699 ψυχὴ
650 4614 793 4699 καθαρά·
809 4617 856 4684 διδ
868 4620 1016 4707 ἐπιφέρει,
1108 4620 1214 4681 Locus
1230 4618 1301 4695 Dei,
1318 4618 1432 4682 anima
1449 4634 1544 4697 pura.
1563 4617 1639 4680 Ideo
1655 4619 1807 4699 subjioit:

266 4721 283 4784 δ
300 4718 379 4796 Θεὸς
395 4715 584 4794 κατοικίζειν
600 4719 819 4804 μονοτρόπους,
842 4727 916 4802 τοὺς
932 4729 1016 4813 αὐτῷ
1064 4724 1154 4785 Deus
1170 4721 1359 4784 inhabitare
1383 4720 1464 4784 facit
1486 4721 1673 4801 unanimes
1697 4723 1755 4802 qui
1772 4722 1807 4783 in

266 4826 321 4888 καί
338 4820 420 4908 μόνῳ
438 4818 609 4897 ἀναθέντας
631 4823 689 4906 τὴν
712 4823 831 4891 οἰκείαν
847 4827 942 4914 ζωὴν,
958 4831 1017 4896 πά-
1065 4829 1136 4908 ipso
1152 4827 1187 4888 in
1204 4843 1311 4905 eoque
1326 4827 1397 4888 solo
1420 4841 1561 4905 posuere
1584 4827 1689 4887 vitam
1712 4843 1808 4888 suam

267 4949 326 5012 σης
341 4923 489 5011 διψυχίας
503 4926 557 4989 καί
573 4937 727 5014 κοσμικῆς
743 4932 840 5015 αὐτῆς
856 4933 1019 5022 ἐπιθυμίας
1062 4933 1244 5012 propriam,
1266 4929 1449 4992 divortium
1476 4931 1598 4991 animas
1620 4928 1808 5009 quodcum-

300 5124 327 5166 ν.
343 5107 368 5160 6.
383 5105 449 5162 Vat.
466 5103 507 5160 15.
1096 5127 1123 5168 v.
1137 5109 1161 5164 t.
1175 5109 1241 5166 Vat.
1252 5108 1277 5178 2,
1291 5107 1316 5176 5,
1330 5108 1355 5160 6.
1369 5106 1417 5161 Ps.
1432 5121 1515 5172 xum,
1529 5105 1554 5160 9.
